3200 5117
539 587 748 653 1)Εο.
786 583 1065 651 xvm.
1105 581 1502 648 1NFAM1s
1541 584 1639 648 m
1677 582 2120 666 MATREM‚
2161 584 2215 650 1.
2258 535 2431 652 '381'

317 712 751 786 crudelitatis
794 733 933 783 arte
974 711 1421 810 consumpsit.
1482 712 1663 802 Quis
1716 739 2032 812 unquam
2060 772 2079 805 ,
2113 713 2428 816 judices,

331 827 528 928 pejus
556 827 643 899 de
670 827 1073 898 innocentia
1102 846 1536 924 temporum,
1568 824 1655 897 de
1690 827 1898 898 sacris
1926 827 2186 899 meruit
2211 829 2430 901 affec-

327 942 557 1015 tibus?
605 942 796 1014 torsit
838 941 1100 1030 filium,
1147 962 1224 1012 ut
1264 941 1683 1038 probaretur·
1714 941 2097 1032 incestum;
2143 943 2428 1033 occidit,

332 1081 410 1131 ut
428 1059 835 1132 crederetur.
855 1057 1101 1128 Ponite
1127 1083 1317 1127 nunc
1338 1063 1495 1127 ante
1517 1056 1780 1147 oculos,
1803 1056 2095 1157 judiceS,
2122 1058 2429 1132 duorum

332 1195 703 1274 parentum
720 1172 1226 1244 confessionem
1247 1198 1261 1241 :
1286 1193 1506 1242 mater
1525 1172 1889 1261 exclamat,
1911 1174 2141 1246 filium
2165 1175 2424 1246 amavi:

317 1310 523 1388 pater
552 1287 746 1378 dicit,
775 1287 993 1359 occidi
1024 1314 1037 1356 :
1069 1286 1265 1358 nefas
1293 1307 1394 1357 est
1418 1307 1797 1385 utrumque
1827 1287 2080 1386 putetis
2104 1287 2433 1361 innocen-

333 1424 500 1474 tem.
541 1404 699 1473 Jam
737 1401 1061 1499 quidem,
1095 1400 1582 1472 nocentissime
1617 1428 1853 1492 senex,
1895 1403 2154 1501 grande
2192 1404 2431 1503 depre-
2479 1407 2484 1412 ’

333 1515 564 1588 hensae
607 1516 890 1588 feritatis
929 1515 1268 1586 indicium
1316 1537 1447 1606 est,
1492 1516 1682 1615 quod
1721 1543 1947 1615 quum
1982 1518 2211 1590 filium
2246 1518 2431 1590 occi·-

335 1629 549 1718 deris,
585 1649 667 1700 ut
714 1628 1186 1727 interrogeris,
1231 1648 1574 1727 exspectas
1610 1657 1625 1701 t
1672 1656 1815 1700 non
1847 1632 2154 1729 erumpis
2188 1632 2277 1704 ab
2311 1631 2430 1704 illo

336 1762 595 1816 secreto
633 1764 753 1816 tuo
782 1742 1109 1840 terribilis
1139 1744 1209 1815 in
1243 1743 1656 1842 publicum?
1682 1765 1750 1815 et
1780 1745 1994 1816 homo
2029 1745 2155 1817 filii
2192 1773 2431 1820 cruore

335 1859 654 1958 perfusus
674 1918 692 1950 ,
741 1886 883 1930 non
919 1857 1345 1958 proclamas?
1374 1886 1516 1930 non
1549 1859 1714 1931 deos
1748 1858 2213 1958 hominesque
2246 1881 2434 1934 testa-

333 1972 462 2046 ris?
500 2001 642 2046 non
677 1974 931 2047 occidis
972 1995 1040 2046 et
1072 1973 1417 2046 matrem?
1452 1974 1713 2046 scilicet
1741 1975 2079 2046 modestia
2122 1995 2190 2047 te
2223 1978 2437 2049 scele-

335 2118 493 2163 rum
514 2111 798 2163 tuorum
824 2117 1038 2189 quam
1061 2091 1366 2161 maxime
1385 2089 1620 2179 decet3
1650 2110 1714 2161 et
1736 2088 1892 2163 ideo
1912 2090 2040 2162 tibi
2070 2090 2431 2189 relinquis,

319 2208 522 2281 unde
552 2208 640 2279 sis
669 2209 918 2306 quietae
943 2206 1318 2306 patientiae.

328 2366 331 2369 ·
431 2328 521 2397 V.
574 2326 786 2397 Miser
836 2325 1059 2424 parcis
1103 2323 1343 2411 uxori,
1393 2321 1794 2423 conjugales
1841 2321 2161 2414 deos,fet
2201 2324 2432 2398 lectuli

326 2442 489 2543 jura
527 2427 849 2514 revere’ris
882 2466 896 2510 :
944 2467 984 2510 o
1019 2466 1234 2537 quam
1280 2464 1423 2509 non
1459 2436 1697 2527 habet,
1734 2464 1862 2509 nec
1897 2439 2086 2535 quod
2125 2440 2433 2512 mentia-

338 2555 491 2627 tur!
540 2554 743 2626 Malae
786 2553 1204 2625 tractationis
1247 2554 1566 2650 agimus:
1616 2552 1842 2650 placet
1885 2579 2086 2652 ergo,
2116 2554 2431 2654 judices,

342 2689 417 2739 ut
440 2668 559 2739 illa
579 2694 743 2742 voce
759 2724 777 2757 ,
804 2695 940 2764 qua
963 2666 1579 2737 matrimoniorum
1602 2668 2102 2764 conquerimur
2123 2669 2434 2770 injurias,

339 2784 639 2885 gemitu,
685 2810 825 2881 quo
862 2808 1233 2880 corporum
1281 2780 1776 2869 contumelias,
1827 2781 2119 2873 damna,
2170 2785 2432 2877 cultuS,

339 2920 406 2971 et
434 2920 716 2998 negatos
745 2898 818 2969 iu
851 2896 1214 2996 publicum
1246 2893 1587 2966 deflemus
1622 2922 1965 2993 egressuS,
2004 2899 2323 2972 orbitates
2358 2929 2435 2972 ac

338 3015 720 3087 liberorum
781 3040 1108 3113 suprema
1159 3011 1577 3112 plangantur
1610 3010 1639 3081 Ρ
1690 3013 1861 3110 quid
1921 3034 2152 3085 tamen
2211 3018 2434 3089 facere

337 3131 544 3204 vultis
579 3131 915 3203 miserum
951 3129 1296 3219 dolorem,
1331 3128 1385 3199 si
1429 3155 1572 3199 non
1604 3127 1813 3200 habet
1842 3130 2056 3202 aliam
2092 3158 2286 3204 sexus
2321 3132 2433 3204 hic

340 3248 565 3346 legem
590 3262 636 3335 ¹,
662 3247 717 3318 si
742 3247 919 3319 intra
940 3247 1119 3347 juris
1148 3246 1359 3347 hujus
1388 3246 1733 3343 angustias
1764 3247 1992 3318 omnis
2020 3248 2433 3346 nuptiarum

341 3361 627 3460 querela
661 3362 1022 3433 constricta
1053 3360 1190 3433 est?
1219 3381 1474 3450 mater,
1510 3388 1665 3458 quae
1696 3361 1782 3432 de
1819 3383 2039 3434 morte
2068 3363 2194 3434 filii
2229 3364 2437 3435 mari-

340 3496 493 3547 tum
535 3475 731 3547 malae
760 3477 1177 3548 tractationis
1215 3498 1516 3567 accusat,
1563 3504 1704 3548 non
1743 3477 2073 3568 vindicat,
2107 3480 2225 3551 sed
2269 3507 2434 3578 pro-

342 3591 505 3665 bare
549 3613 872 3664 contenta
906 3613 1036 3682 est,
1084 3592 1269 3690 quod
1318 3619 1462 3664 non
1494 3593 1815 3666 debuerit
1843 3594 2089 3666 occidi.
2134 3596 2436 3668 Omitta-

341 3733 502 3778 mus
534 3708 942 3807 paullisper,
968 3708 1277 3810 judiceS,
1314 3709 1617 3781 orbitatis
1650 3710 2051 3783 tristissimae
2087 3710 2430 3803 dolorem,

344 3843 411 3896 et
459 3823 534 3894 in
587 3824 958 3922 parricidio
1006 3826 1207 3898 malae
1256 3826 1672 3899 tractationis
1724 3827 2097 3899 reddamus
2145 3828 2431 3900 aliunde

343 3963 619 4009 causas:
652 3937 750 4009 ita
782 3965 925 4010 non
951 3939 1140 4040 juste
1171 3960 1573 4040 quereretur
1600 3966 1793 4031 uxor,
1821 3941 1873 4012 si
1912 3941 2200 4012 diceret:
2240 3943 2432 4014 adul·

418 4160 463 4195 ι.
489 4143 693 4214 Leqem.
716 4143 1065 4197 Notabiliter:
1092 4146 1194 4197 fuit
1221 4165 1345 4216 ergo
1429 4159 1573 4212 rent,
1595 4146 1693 4199 etsi
1719 4143 1846 4217 quid
1868 4146 2077 4214 gravius
2098 4161 2259 4216 esset,
2286 4148 2433 4219 quod

335 4222 456 4290 lex,
483 4240 551 4273 ne
576 4222 729 4274 aliter
764 4236 1041 4287 matronae,
1087 4242 1245 4295 quam
1279 4223 1346 4275 ad
1429 4225 1577 4295 queri
1605 4224 1828 4276 vellent:
1860 4222 1977 4276 vide
2009 4224 2433 4282 Declamationes

341 4314 605 4355 summum
648 4302 795 4355 malae
845 4303 1170 4356 tractationis
1225 4322 1347 4374 age·
1427 4307 1545 4358 vlll
1574 4319 1629 4358 et
1660 4306 1723 4357 X.
