3200 5117
772 539 889 605 ,ὴ
1282 541 1370 602 M.
1424 543 1668 604 men
1717 545 2350 624 QtjletLIANI

768 660 1149 732 curationes
1188 661 1567 735 liberorum
1618 693 1759 736 non
1804 668 2246 739 consentiunt
2285 693 2632 769 parentes»,
2667 697 2863 743 cura-

764 784 967 853 tionis
985 783 1323 880 estculpa,
1350 809 1487 851 non
1512 781 2225 883 matriS.Quid.³quod
2253 786 2478 855 filium
2503 786 2746 856 occidit
2767 788 2864 857 in·

766 925 1133 970 nocentem
1153 960 1169 989 ,
1189 905 1297 973 cui
1326 900 1493 970 nihil
1514 901 2039 1002 objicere,nihil
2063 927 2322 1003 poterat
2352 902 2542 972 irasci
2563 904 2588 972 ,Ἴ
2608 903 2860 991 filium,

766 1014 817 1085 si
842 1017 967 1114 ipsi
993 1022 1299 1109 creditis,
1328 1048 1449 1120 pro
1472 1021 1677 1090 fratre
1704 1021 1874 1090 mori
1899 1045 2246 1120 paratum,
2268 1021 2463 1120 cujus
2501 1035 2515 1064 ¹
2540 1047 2864 1119 suprema

768 1135 942 1205 ferre
970 1160 1111 1205 non
1132 1160 1418 1233 poterat.
1444 1141 1716 1208 Novum
1740 1195 1758 1225 ,
1780 1138 2052 1235 judices
2071 1197 2088 1225 ,
2109 1159 2171 1207 et
2195 1137 2626 1233 incognitum
2661 1136 2864 1205 rebus

772 1251 1104 1323 humanis
1127 1256 1359 1325 audite
1383 1256 1681 1324 facinus:
1705 1252 1856 1350 jam
1882 1254 2330 1353 parricidium
2351 1256 2598 1352 pietas,
2623 1254 2864 1327 caritas

770 1393 834 1442 et
877 1372 1307 1470 impatientia
1343 1374 1650 1443 orbitatis
1691 1375 2032 1444 admittit:
2075 1373 2257 1443 malo
2295 1373 2574 1461 odium,
2612 1400 2864 1472 quere-

770 1485 899 1575 las,
954 1490 1468 1575 exsecrationes,
1518 1516 1730 1584 quam
1779 1512 1854 1561 ut
1905 1491 2060 1586 quis
2095 1488 2342 1558 liberos
2390 1489 2678 1573 affectu,
2723 1515 2866 1586 quo

770 1626 1144 1691 servantur,
1176 1604 1459 1674 occidat.
1493 1605 1687 1693 Quid
1729 1607 1966 1683 refert,
2002 1633 2085 1675 an
2122 1632 2242 1702 per
2269 1605 2399 1674 hoc
2435 1604 2714 1673 alterius
2741 1602 2866 1674 filii

772 1716 1008 1787 anima
1049 1716 1465 1786 redimatur?
1497 1717 1550 1787 si
1588 1718 2044 1815 parricidium
2083 1718 2181 1785 fas
2214 1740 2314 1787 est
2347 1716 2522 1788 ullas
2561 1717 2865 1814 accipere

772 1858 1039 1919 causas,
1074 1833 1255 1902 filius
1302 1855 1575 1932 propter
1607 1862 1673 1902 se
1719 1856 1987 1903 tantum
2023 1833 2226 1904 debet
2255 1833 2494 1904 occidi.
2537 1833 2866 1932 Adjicite,

763 1944 1081 2044 judices,
1132 1947 1595 2035 immanitati,
1644 1948 1830 2046 quod
1884 1948 2132 2018 occidit
2183 1975 2487 2047 aegrum:
2536 1946 2868 2018 omnibus

775 2064 1101 2159 equidem
1149 2063 1550 2134 mortalibus
1594 2065 1930 2162 majorem
1973 2064 2378 2135 crediderim
2407 2063 2497 2134 'de
2535 2063 2867 2161 languore

774 2178 1007 2246 venire
1038 2178 1479 2246 reverentiam
1508 2205 1521 2246 :
1558 2201 1624 2248 et
1653 2177 1930 2248 illorum
1965 2207 2245 2278 quoque
2271 2238 2290 2268 ,
2317 2206 2490 2278 quos
2519 2180 2694 2249 inter
2716 2206 2869 2276 sup·

778 2289 984 2388 plicia
1018 2313 1380 2389 pereuntes
1414 2291 1610 2361 avido
1642 2314 2028 2391 spectamus
2059 2320 2375 2379 assensu,
2397 2294 2593 2393 juxta
2613 2291 2871 2363 valetu-

778 2405 973 2474 dines
1019 2428 1253 2475 tamen
1301 2406 1848 2506 morborumque
1877 2406 2276 2478 violentiam
2312 2407 2618 2505 quodam
2661 2406 2868 2477 inno-

780 2523 1016 2594 centiae
1079 2524 1304 2592 favore
1364 2522 1777 2595 miseremur
1813 2553 1826 2595 :
1889 2526 1955 2595 in
2024 2525 2447 2612 carceribus,
2509 2546 2574 2595 et
2625 2524 2699 2594 in
2756 2523 2871 2595 illa

777 2637 1124 2735 profunda
1147 2664 1346 2711 nocte
1370 2667 1756 2738 poenarum,
1786 2639 2161 2738 religiosius
2186 2640 2297 2710 ille
2323 2638 2556 2710 anheli
2585 2640 2870 2738 pectoris

778 2749 1001 2849 pallor
1037 2753 1394 2853 inspicitur
1409 2787 1426 2844 3
1472 2783 1614 2825 non
1655 2757 1750 2826 sic
1791 2756 2241 2826 confundunt
2273 2755 2509 2827 obvios
2548 2753 2870 2853 gravibus

780 2870 1037 2940 catenis
1068 2872 1239 2943 colla
1266 2873 1649 2953 stridentia,
1684 2895 1747 2942 et
1778 2872 2051 2943 diutino
2083 2871 2396 2970 squalore
2421 2894 2739 2942 concreta
2767 2870 2873 2940 fa-

780 2985 949 3075 cies,
987 3009 1061 3059 ut
1097 2989 1245 3077 ille,
1283 3018 1495 3088 quem
1541 2990 1630 3060 ad
1666 2988 1972 3086 singulos
2009 3009 2294 3061 conatus
2321 3015 2727 3087 gressusque
2769 2986 2871 3057 la-

780 3100 1064 3172 bentem
1100 3103 1205 3174 vix
1241 3103 1450 3176 trahit
1486 3101 1915 3202 impellitque
1959 3101 2206 3199 longus
2246 3103 2412 3174 ordo
2445 3103 2868 3188 vinctorum,

857 3338 899 3371 1.
928 3324 1080 3391 Cujus
1115 3342 1369 3393 suprema.
1404 3323 1461 3374 ld
1493 3338 1599 3389 est,
1637 3343 1781 3375 man·
1870 3346 1890 3366 u
1912 3325 2225 3394 prospiciat,
2245 3347 2265 3369 υ
2295 3338 2346 3374 et
2373 3342 2508 3393 saepe
2529 3320 2685 3385 alibi,
2712 3322 2763 3371 in
2789 3319 2870 3371 bis

778 3398 928 3463 «lata,
957 3400 1163 3451 ultimas
1186 3422 1371 3467 voces,
1400 3417 1606 3472 poterat
1629 3407 1785 3454 susti-
1865 3403 2425 3456 declamationibusita
2442 3421 2724 3454 occurrere
2741 3403 2869 3454 scio.

783 3496 921 3527 nere.
951 3479 1213 3529 Postrema
1236 3482 1473 3533 Just’mus
1508 3496 1663 3532 vocat
1692 3482 1781 3534 lib.
1865 3485 1967 3538 Sed
2011 3500 2137 3536 tunc
2180 3483 2582 3552 intelligendum
2631 3497 2766 3535 esset
2807 3483 2872 3533 de

784 3557 893 3619 Vll,
919 3576 964 3609 2.
988 3560 1058 3608 lta
1082 3571 1132 3608 et
1152 3561 1266 3612 JCti
1286 3562 1508 3631 passim,
1528 3563 1784 3632 Suprema
1865 3568 2056 3631 fratre,
2083 3568 2172 3638 qui
2197 3586 2306 3619 non
2344 3580 2522 3638 posset
2561 3567 2698 3616 ferre
2732 3583 2875 3615 mor-

766 3638 977 3710 judict’a
996 3677 1011 3702 ,
1040 3657 1328 3711 supremam
1354 3642 1670 3695 voluntatem
1691 3684 1708 3708 ,
1734 3659 1784 3697 et
1866 3659 1970 3695 tem
2006 3646 2207 3706 fratris;
2238 3658 2292 3695 at
2321 3663 2417 3712 ego
2448 3643 2590 3695 malo
2622 3641 2690 3693 de
2724 3652 2873 3712 patre

782 3738 1046 3789 supremas
1063 3722 1287 3789 tabulas,
1306 3722 1512 3789 dicunt,
1527 3727 1634 3777 vid.
1653 3729 1787 3777 Bris·
1870 3724 2194 3795 intelligere,
2216 3727 2308 3796 qui
2335 3725 2501 3776 filium
2531 3724 2725 3776 occidit
2740 3762 2754 3787 ‚
2779 3742 2876 3774 cu-

785 3803 920 3852 nonii
949 3804 1196 3855 Lexicun.
1226 3804 1342 3855 Alio
1371 3825 1524 3858 sensu
1547 3826 1788 3881 suprema
1861 3808 1950 3877 jus
1989 3808 2100 3877 ipse
2139 3825 2384 3877 suprema
2427 3824 2535 3856 nou
2579 3802 2872 3856 sustinebat

782 3882 938 3931 etiam
960 3881 1062 3933 dici
1080 3884 1324 3953 reliquias
1342 3900 1670 3939 mortuorum
1688 3907 1789 3939 no·
1869 3885 2054 3939 audire
2068 3927 2085 3952 ,
2113 3906 2217 3958 prae
2237 3889 2558 3938 conscientia
2572 3926 2590 3952 ,
2614 3886 2738 3956 quia
2759 3887 2874 3955 ipse

785 3963 910 4012 tavit
946 3961 1206 4016 Lindeub.
1246 3963 1312 4015 ad
1344 3967 1606 4017 Ammian.
1645 3967 1790 4019 Mar·
1872 3985 2028 4016 causa
2047 3968 2227 4016 mortis
2248 3982 2358 4017 erat
2384 3965 2509 4016 filio.
2529 3969 2766 4034 Utroque
2788 3981 2876 4013 au*

780 4041 899 4094 cell.
918 4041 1009 4095 lib.
1029 4044 1145 4096 xxi
1160 4064 1238 4109 ,c.
1262 4064 1303 4098 1.
1322 4049 1420 4097 Pro
1443 4062 1614 4100 morte
1632 4052 1790 4101 etiam
1871 4062 1974 4100 tem
2002 4066 2190 4112 sensu,
2211 4047 2410 4119 ellipsis
2434 4060 2545 4111 est,
2571 4064 2690 4096 nam
2715 4042 2874 4114 plene

782 4124 1167 4176 sumi-constat
1204 4143 1467 4196 suprema5
1502 4141 1553 4178 et
1583 4129 1654 4180 ita
1687 4133 1790 4181 As·
1869 4128 1996 4179 dicit
2032 4141 2213 4198 postea
2257 4147 2377 4198 cap.
2425 4127 2514 4178 13:
2571 4148 2592 4170 ιι
2616 4126 2875 4192 Suprema

781 4203 1009 4267 censius,
1030 4201 1187 4254 etalii
1208 4202 1293 4255 hic
1311 4205 1554 4275 capiunt;
1571 4221 1623 4259 et
1637 4227 1787 4272 mox,
1874 4232 1896 4254 κ
1918 4207 2191 4269 mandata;
2215 4232 2236 4254 ιο
2280 4222 2331 4258 et
2355 4207 2575 4260 Ovidius
2606 4203 2732 4254 Met.
2773 4204 2872 4271 111,

781 4299 898 4355 cap.
928 4281 974 4337 X
999 4303 1009 4331 :
1049 4304 1069 4326 ι
1091 4280 1268 4354 Longe
1290 4298 1509 4338 ventura
1540 4304 1786 4357 suprema
1875 4292 1995 4360 137:
2027 4313 2047 4333 κ
2069 4291 2322 4360 Suprema
2348 4290 2552 4340 funt-ra.
2577 4312 2598 4334 n
2629 4288 2798 4339 Buuu.
