3200 5117
798 561 1431 629 DECLAMA‘mo
1478 561 1599 626 iv.
1648 562 1831 629 Pno
1875 562 2163 628 mmo.
2436 564 2521 652 95

439 686 860 764 calumniari
910 715 1199 779 manus,
1232 687 1565 780 ‚incusare
1606 687 1826 778 visus,
1860 683 1946 761 ‘et
1992 702 2010 732 ¹
2036 686 2524 787 parricidalem

434 831 637 904 agere
666 804 1179 903 cogitationem.
1218 803 1447 904 Major
1477 801 1656 874 mihi
1689 802 1862 875 ratio
1895 802 2240 879 moriendi
2282 821 2421 893 est,
2467 805 2528 877 si

436 922 888 1020 parricidium
918 921 1071 994 fieri
1097 946 1245 992 non
1267 938 1519 1018 potest,
1550 939 1617 990 et
1636 944 1764 1017 ego
1787 944 1903 990 me
1927 919 2131 993 coedo
2150 919 2522 993 facturum.

437 1036 673 1126 Quem
693 1057 766 1108 tu
794 1036 1004 1126 mihi,
1029 1055 1248 1134 pater,
1269 1035 1569 1132 imperas
1589 1032 1948 1107 lahorem?
1971 1060 2188 1131 quarn
2207 1060 2524 1135 asperam

437 1152 650 1252 exigis
669 1151 1118 1252 patientiam?
1137 1151 1383 1223 horreo
1398 1148 1636 1222 oscula
1653 1171 1774 1223 tua
1791 1206 1811 1240 ,
1825 1175 1916 1224 ne
1935 1149 2183 1225 seniles
2200 1171 2391 1226 artus
2415 1152 2525 1223 ni·

378 1295 383 1300 ·
436 1267 669 1339 mium
690 1265 918 1365 gravis
940 1264 1305 1364 amplexus
1330 1263 1545 1336 elidat
1564 1293 1579 1336 :
1611 1291 1758 1338 non
1774 1267 2086 1340 sustineo
2106 1266 2386 1340 eosdem
2415 1293 2528 1339 ex-

438 1404 672 1480 petere
687 1380 1039 1454 convictus
1052 1436 1073 1469 ,
1091 1406 1180 1452 ne
1193 1406 1369 1479 quos
1379 1381 1802 1480 porrexerim
1814 1381 2030 1471 cibos,
2042 1408 2316 1455 venena
2323 1382 2519 1456 fiant.

439 1496 653 1568 timeo
682 1494 996 1596 ejusdem
1017 1494 1593 1594 peregrinationis
1616 1495 1806 1570 adire
1825 1497 2240 1570 comitatum
2266 1524 2280 1566 :
2310 1523 2523 1572 omne

434 1610 634 1709 fugio
655 1629 1037 1702 secretum,
1068 1636 1158 1682 ne
1185 1608 1356 1709 quid
1385 1611 1703 1700 fortuna,
1730 1637 1818 1683 ne
1845 1612 2016 1711 qnid
2039 1613 2284 1686 afferat
2306 1639 2519 1686 casus.

438 1723 827 1823 Quousque
876 1724 1280 1798 timebitur²
1345 1725 1681 1802 animus?
1747 1752 1933 1798 mors
1986 1725 2166 1800 mihi
2208 1749 2523 1827 praestare

438 1858 685 1936 potest,
701 1864 791 1910 ne
809 1839 1264 1937 parricidium
1279 1841 1565 1930 faciam3
1587 1867 1807 1930 mors,
1827 1840 2153 1914 utvidear
2166 1868 2296 1914 nec
2313 1842 2524 1916 fuisse

436 1957 763 2032 facturus.
798 1954 934 2028 Sed
966 1982 1083 2030 me
1108 1956 1491 2030 infelicem!
1525 1985 1741 2055 quam
1770 1957 1998 2031 multa
2021 1978 2216 2047 sunt,
2247 1985 2400 2056 quae
2430 1960 2525 2032 ti-

438 2093 627 2141 mere
651 2068 944 2142 debeam
969 2070 1183 2143 etiam
1210 2091 1452 2149 contra
1470 2070 1798 2146 animum
1819 2069 2105 2145 meum?
2132 2071 2323 2143 unde
2350 2073 2524 2164 scio,

438 2209 529 2255 an
562 2185 931 2285 expulsum
964 2212 1080 2258 me
1114 2206 1392 2287 repente
1418 2186 1742 2260 sensibus
1773 2187 1987 2277 meis,
2017 2186 2255 2286 aliqua
2281 2189 2524 2287 magni

435 2298 861 2372 discriminis
919 2299 1150 2398 imago
1167 2299 1197 2347 3
1257 2322 1541 2401 raptura
1597 2298 1719 2374 sit?
1781 2298 2156 2400 prosilibo⁴
2207 2302 2524 2393 fortasse,

403 2435 775 2513 ·tanquam
809 2441 1058 2513 sequar
1090 2416 1350 2492 classici
1378 2417 1681 2490 vocantis
1714 2416 2155 2506 instinctum,
2187 2436 2523 2517 tapquam

438 2555 554 2602 me
587 2530 849 2602 ruentis
886 2530 1117 2631 patriae
1153 2532 1385 2629 fragor
1405 2588 1426 2621 ,
1470 2551 1537 2603 et
1568 2531 1965 2604 vociferatio
1997 2551 2205 2631 captae
2238 2532 2523 2606 civitatis

440 2645 811 2718 exciverint
830 2673 844 2717 :
863 2673 977 2717 me
996 2673 1161 2719 sane
1178 2646 1485 2720 interdiu
1498 2646 1842 2722 custodire
1857 2673 2140 2747 possum
2158 2677 2178 2735 3
2194 2645 2314 2719 sed
2331 2648 2525 2720 unde

440 2759 613 2851 scio,
657 2761 826 2860 quid
850 2762 1095 2838 afferat
1115 2790 1288 2852 nox,
1314 2790 1507 2838 casus
1525 2819 1544 2853 ,
1585 2761 1813 2836 error?
1837 2762 2367 2838 mathematicus
2394 2763 2526 2838 hoc

440 2900 585 2946 non
612 2875 928 2950 futurum
962 2877 1130 2950 dixit
1158 2899 1235 2950 ut
1260 2876 1547 2968 vellem,
1575 2877 1697 2950 sed
1730 2898 1808 2948 ut
1837 2875 2248 2950 occiderem.

534 2991 688 3062 XX.
732 2993 845 3063 Tu
884 3020 1160 3091 quoque
1178 3050 1198 3084 ,
1238 3014 1454 3093 pater,
1504 3012 1771 3090 quanto
1813 2991 2154 3090 graviores
2203 3015 2526 3088 passurus

436 3133 509 3179 es
540 3133 620 3180 ex
642 3107 793 3207 ipsa
812 3108 1368 3183 dissimulatione
1398 3105 1777 3221 cruciatus}
1799 3104 2068 3178 felicius
2095 3130 2374 3204 prorsus
2396 3124 2523 3196 est,

512 3337 557 3372 1.
591 3321 980 3375 parricidalem.
1016 3325 1099 3376 An
1127 3321 1440 3397 parricidia-
1519 3319 1747 3373 debatur
1768 3311 1970 3372 Scbult.
2000 3314 2146 3390 quod
2169 3329 2221 3369 et
2251 3319 2525 3387 sequentia

444 3395 543 3449 lem
557 3401 583 3450 ?
601 3399 774 3452 Dubia
798 3414 879 3454 est
900 3400 1165 3455 scribendi
1189 3403 1353 3466 tutin,
1381 3412 1440 3452 ut
1520 3402 1837 3455 confirmant
1858 3417 2016 3473 quam
2039 3396 2233 3464 multa,
2264 3408 2368 3448 etc.

441 3482 583 3534 enim
606 3500 638 3533 a
654 3485 915 3556 pan-icida
933 3483 1286 3557 parricidalis,
1310 3485 1386 3535 sic
1410 3501 1443 3535 a
1480 3471 1485 3478 ’
1592 3482 1644 3536 3.
1665 3483 1869 3554 Imago.
1888 3482 1987 3533 Hic
2006 3493 2086 3533 est
2105 3480 2398 3545 somnium,
2418 3496 2524 3550 qns

434 3564 775 3635 parricidium
811 3566 1195 3639 parricidialis,
1230 3579 1291 3618 ut
1328 3564 1442 3617 vult
1521 3564 1803 3616 occasione
1838 3560 2077 3614 occidam
2109 3573 2349 3633 patrem3
2381 3558 2525 3611 unde

439 3643 640 3715 Dausq.
669 3659 720 3697 et
742 3664 826 3716 ap.
846 3645 1036 3698 sustin.
1058 3645 1329 3711 XXXVII,
1350 3643 1441 3711 13,
1521 3645 1760 3716 sequitur
1783 3661 1865 3693 me
1889 3640 2112 3695 interdiu
2134 3641 2387 3694 custodire
2413 3659 2530 3713 pos·-

439 3734 495 3773 et
511 3723 759 3788 XXXIX,
780 3724 839 3790 43
861 3736 913 3776 et
931 3724 1073 3776 Flor.
1095 3723 1196 3790 111,
1223 3741 1307 3790 αι,
1327 3741 1449 3797 par·-
1521 3745 1651 3779 sitm.
1677 3725 1755 3777 Its
1781 3741 1900 3796 sup.
1925 3723 2027 3775 bac
2049 3721 2197 3776 Deci.
2227 3745 2250 3769 κ
2270 3722 2523 3775 feralibus

440 3799 689 3854 recidiale.
724 3803 895 3873 Vulgo
933 3802 1107 3855 editur
1138 3805 1193 3857 in
1225 3806 1437 3856 Petron.
1526 3826 1549 3849 ι
1569 3822 1731 3857 senex
1749 3803 1975 3874 agitatus
1997 3799 2332 3874 imaginibus.
2354 3826 2376 3848 ιι

438 3897 488 3930 c.
520 3879 586 3931 80
603 3917 620 3946 ‚
643 3880 950 3952 parricidali
974 3901 1150 3934 manu.
1184 3884 1231 3933 A
1260 3880 1441 3934 simili·
1589 3882 1640 3948 4.
1666 3880 1936 3934 Prosilibo.
1961 3883 2076 3932 Hoc
2101 3882 2268 3932 futuri
2291 3877 2523 3932 vocabu-

439 3958 542 4012 bus
566 3979 691 4013 vero
716 3961 1016 4014 nominibus
1041 3962 1332 4030 homicida,
1357 3975 1441 4035 ty-
1517 3961 1632 4014 lum
1669 3960 1793 4013 licet
1833 3979 1944 4012 non
1986 3957 2057 4012 ad
2097 3978 2338 4012 normam
2380 3957 2523 4011 desi-

442 4044 746 4108 munit-ida,
773 4058 905 4110 etc.‚
932 4044 1190 4118 adjectiva
1215 4065 1325 4098 non
1344 4044 1442 4098 de·
1520 4062 1686 4108 nens,
1720 4056 1772 4094 et
1804 4041 2018 4093 obvium
2056 4043 2123 4093 sit
2159 4037 2305 4111 apud
2338 4057 2522 4091 omnes

440 4123 731 4188 ducuntur,
755 4124 982 4196 ideoque
1000 4126 1297 4197 exemplum
1318 4124 1443 4180 inde
1521 4123 1810 4194 scriptores
1834 4118 2102 4194 prosiliam
2118 4157 2135 4184 ‚
2168 4120 2487 4173 servavimus
2509 4154 2526 4170 -.

444 4221 637 4274 capere
660 4223 768 4256 non
793 4204 933 4256 licet.
1525 4221 1690 4274 quum
1713 4203 1769 4253 in
1805 4200 2053 4254 omnibus
2088 4198 2409 4253 editionibus
2446 4198 2528 4249 in—

510 4303 563 4340 a.
587 4286 890 4342 Timebitur.
914 4285 1141 4344 Timebit
1160 4286 1352 4340 rectius
1371 4286 1449 4338 vi·
1523 4288 1787 4340 veniatur.
1810 4283 1903 4336 En.
