3200 5117
659 551 931 615 DECL.
977 549 1140 618 vll.
1188 549 1722 614 TORMENTA
1768 548 2238 614 PAUPERIS.

393 697 538 748 teor
552 673 757 773 igitur
771 672 1077 775 ,judices
1093 729 1112 762 ,
1139 670 1283 771 ipse
1307 672 1552 762 miror,
1579 669 1769 743 unde
1790 670 1878 743 ad
1898 670 2030 744 hoc
2049 672 2469 771 probationis

396 816 613 889 genus
640 810 921 888 repente
943 781 1400 888 confugerim.
1432 791 1786 861 Veneram
1811 808 2168 887 tamquam
2190 790 2468 864 nuntia·

394 926 591 977 turus
642 904 933 977 indubia
956 961 976 995 ,
1027 905 1427 982 manifestas
1483 931 1614 977 nec
1655 904 1876 978 alium
1925 925 2466 1005 exspectaveram

394 1020 835 1120 publicarum
856 1019 1332 1118 suspicionum
1357 1020 1442 1090 de
1466 1020 1594 1092 filii
1617 1020 1755 1116 mei
1777 1042 1995 1094 morte
2020 1047 2467 1113 consensum,

395 1160 609 1234 quam
642 1136 700 1207 si
724 1161 1196 1234 percussorem
1224 1133 1526 1206 videritis
1556 1161 1829 1207 omnes:
1863 1136 2030 1227 Hic,
2061 1136 2207 1227 hic,
2239 1157 2314 1209 ut
2336 1158 2471 1209 tor-

394 1273 644 1346 querer
662 1248 894 1320 inveni
913 1275 929 1319 ε
959 1267 1323 1346 postquam
1347 1247 1508 1319 satis
1535 1274 1682 1319 non
1702 1248 2119 1325 videbantur
2136 1250 2470 1349 explicare

395 1364 602 1434 verba
643 1362 831 1460 quod
869 1361 1205 1450 videram,
1254 1363 1538 1461 confugi
1580 1364 1668 1434 ad
1706 1364 1919 1438 fidem
1961 1365 2236 1438 doloris.
2275 1365 2469 1457 Quid

394 1476 685 1566 faciam,
720 1476 776 1547 si
809 1476 1218 1548 temeritates
1245 1501 1525 1575 quoque
1560 1499 1827 1550 nostras
1860 1478 2277 1552 conscientia
2317 1507 2472 1553 reo-

395 1616 557 1662 rum
583 1616 727 1661 non
748 1609 971 1688 potest
990 1590 1128 1688 pati
1152 1589 1206 1661 ¹?
1228 1589 1538 1663 Intellexi
1563 1592 2008 1666 miseratione
2025 1595 2291 1667 factum
2309 1649 2329 1681 ,
2349 1596 2471 1693 qui

396 1725 475 1775 ut
521 1724 874 1803 torquerer
915 1728 1271 1803 exegeram
1287 1718 1342 1795 ²,
1381 1731 1461 1776 ex
1500 1731 1643 1802 quo
1691 1733 1806 1778 me
1857 1706 2043 1778 dives
2092 1733 2236 1778 non
2277 1729 2473 1806 putat

395 1818 584 1891 aliud
606 1819 678 1890 in
698 1818 1061 1919 questione
1081 1819 1451 1893 dicturum.
1470 1823 1714 1919 Neque
1730 1848 1889 1919 ego,
1899 1821 2171 1923 judices
2188 1878 2207 1911 ,
2229 1849 2471 1920 quem-

396 1961 613 2034 quam
638 1955 943 2008 vestrum
965 1935 1276 2008 dubitare
1297 1935 1706 2009 crediderim
1721 1994 1740 2028 ‚
1762 1963 1845 2008 ex
1863 1964 2003 2036 qua
2020 1937 2471 2028 conscientia,

397 2076 537 2147 qua
562 2049 1014 2148 trepidatione
1046 2048 1415 2122 descendat
1435 2106 1454 2140 ‚
1488 2071 1569 2121 ut
1593 2050 1749 2148 quis
1775 2051 2078 2148 torqueri
2115 2050 2292 2123 nolit
2329 2050 2471 2124 ini-

399 2165 686 2237 micum.
710 2167 910 2257 Quos
926 2190 1118 2237 nunc
1138 2166 1388 2266 putatis
1407 2167 1746 2239 cruciatus
1765 2167 2045 2240 divitem
2067 2167 2207 2266 pati
2222 2224 2241 2258 ‚
2258 2194 2476 2267 quem

398 2280 742 2370 dolorem,
776 2280 967 2380 quod
999 2280 1133 2353 hoe
1162 2280 1338 2353 mihi
1368 2282 1619 2381 negat?
1650 2308 1864 2381 quam
1897 2281 2102 2355 vellet
2130 2282 2288 2354 ideo
2318 2302 2474 2355 tan-

398 2414 548 2465 tum
584 2392 813 2464 filium
840 2419 1082 2465 meum
1113 2420 1258 2465 non
1291 2394 1649 2484 occidisse,
1676 2416 1754 2467 ut
1781 2394 1955 2467 mihi
1993 2417 2220 2495 posset
2245 2394 2476 2469 indul·

397 2534 555 2606 gere
580 2507 961 2581 tormenta?
988 2512 1098 2581 An
1128 2507 1259 2582 hoc
1287 2509 1557 2582 creditis
1575 2568 1595 2600 ,
1612 2509 1915 2610 judiees,
1941 2510 2227 2584 divitem
2253 2512 2474 2585 faeere

397 2622 636 2719 legum
654 2621 1120 2722 libertatisque
1147 2646 1454 2722 respectu
1472 2682 1491 2715 ,
1517 2646 1589 2696 et
1611 2651 1812 2698 reum
1843 2651 1965 2726 pro
1991 2625 2308 2725 exemplo
2329 2651 2474 2698 esse

384 2734 816 2808 sollicitum?
840 2735 955 2808 ille
983 2762 1139 2809 vero
1162 2764 1352 2811 nunc
1386 2738 1765 2828 laceratur,
1795 2760 1862 2810 et
1888 2739 1983 2810 sic
2006 2739 2226 2838 magis
2243 2738 2272 2784 3
2307 2766 2477 2811 nos·

398 2870 506 2922 tro
549 2850 781 2923 dolore
820 2852 1071 2924 fruitur
1102 2879 1117 2924 :
1158 2879 1381 2952 operoe
1423 2853 1725 2953 pretium
1764 2875 1882 2925 est.
1900 2853 2187 2927 inimico
2221 2878 2474 2950 negare

401 2985 775 3057 tormenta,
806 2994 1027 3065 quum
1061 2970 1335 3057 feceris,
1367 2991 1445 3042 ut
1467 2968 1633 3041 velit
1660 2969 1805 3069 ipse
1835 2967 2159 3067 torqueri.

498 3082 581 3152 11.
598 3081 779 3154 Illud
799 3082 1009 3181 igitur
1024 3111 1063 3155 a
1077 3084 1292 3174 vobis,
1299 3084 1599 3185 judices;
1619 3083 2136 3156 infelicissimus
2151 3079 2480 3167 omnium·

402 3197 802 3270 mortalium
826 3220 1018 3299 peto,
1041 3227 1129 3272 ne
1158 3227 1383 3300 quum
1406 3201 1748 3290 inaudita,
1778 3197 2210 3272 incredibilia
2237 3223 2477 3297 passus

2350 551 2468 638 159

475 3398 520 3433 ι.
572 3383 889 3436 Conscientia
935 3401 1221 3437 norum...
1264 3359 1394 3457 palt'.

1475 3399 1639 3438 tarem
1657 3424 1675 3452 ‚
1704 3385 1872 3438 obtuli
1898 3404 1982 3439 me
2009 3383 2316 3456 quaestioni,
2339 3361 2481 3434 semss

399 3464 521 3515 Non
554 3463 793 3517 videmus
824 3483 931 3537 quo
968 3453 1301 3517 referendum
1332 3469 1398 3518 sit
1473 3481 1571 3536 per
1598 3462 1783 3516 eadem
1810 3464 2075 3528 dicturus,
2108 3459 2274 3512 filium
2297 3477 2475 3513 meum

400 3560 600 3595 reorum
618 3580 636 3609 ,
667 3546 767 3596 nisi
791 3544 857 3597 ad
881 3544 1092 3598 divitem
1108 3584 1126 3612 ‚
1154 3559 1213 3598 ut
1238 3566 1399 3618 gene-

401 3624 495 3676 rali
514 3643 667 3678 sensu
680 3644 930 3680 numerus
942 3626 1162 3698 pluralis
1177 3645 1274 3699 pro
1290 3630 1397 3681 siu-

397 3702 569 3772 gulari
592 3706 666 3755 rei
684 3705 888 3775 positus
912 3706 996 3758 sit.
1021 3707 1115 3757 Eo.

459 3799 487 3834 2
496 3821 507 3832 .
528 3782 598 3833 Ut
610 3792 867 3854 torquerer
879 3801 1163 3857 exegeram.
1181 3810 1250 3821 —
1262 3783 1347 3837 Ne
1360 3794 1394 3835 t.

400 3863 490 3935 qui
510 3873 569 3914 ut
587 3874 843 3936 torquerer
856 3883 1119 3938 exeqeram
1133 3902 1149 3930 ,
1170 3881 1279 3916 non
1296 3862 1399 3916 dis-

396 3940 647 4012 pliceret,
677 3944 720 3995 si
744 3942 902 3994 modo
932 3944 1141 4014 negatio
1168 3960 1292 3994 mox
1318 3961 1403 3994 ex·

400 4035 694 4093 pungatur3
722 4023 852 4095 quin
874 4024 1021 4093 exegi
1044 4036 1103 4074 ut
1124 4035 1401 4094 torquerer

402 4121 465 4155 ex
487 4121 552 4156 eo
571 4118 839 4174 tempore,
854 4122 963 4174 quo
983 4104 1126 4155 dives
1145 4117 1298 4173 putat
1316 4123 1401 4158 me

404 4181 548 4233 aliud
585 4185 640 4234 in
679 4184 965 4254 quaestione
1007 4180 1270 4233 dicturum
1284 4219 1301 4247 ‚
1339 4199 1402 4234 ac

396 4279 543 4318 nuuc
568 4262 720 4324 dico;
747 4281 902 4334 quem
934 4275 993 4315 ut
1022 4261 1179 4316 rebus
1211 4262 1403 4317 confu-

1476 3542 1544 3594 ab
1569 3539 1661 3593 illo
1684 3544 2073 3612 interemptum.
2100 3541 2267 3593 Bonu-

1546 3622 1599 3673 3.
1635 3624 1710 3674 Et
1742 3622 1814 3675 sic
1848 3621 2027 3694 magis.
2059 3616 2397 3689 Lugendum5
2427 3628 2481 3670 et

1476 3701 1575 3756 vel»
1597 3704 1670 3755 sic
1708 3705 1871 3777 magis
1885 3740 1901 3768 ,
1942 3703 2175 3773 quamvis
2219 3699 2479 3752 laceratur

1476 3784 1592 3850 ille,
1613 3783 1758 3855 quod
1777 3799 1887 3836 non
1904 3785 2073 3854 possit
2095 3780 2222 3833 mihi
2245 3778 2480 3849 indulge·

1478 3885 1535 3918 re
1558 3878 1855 3928 tormenta3
1883 3876 2061 3916 tamen
2090 3864 2245 3915 etiam
2268 3860 2369 3913 hac
2397 3879 2479 3913 ra-

1478 3946 1624 3997 tione
1653 3944 1883 4016 percipit
1913 3944 2167 4013 majorem
2202 3959 2264 3994 ex
2292 3938 2477 3992 dolore

1476 4042 1598 4075 meo
1618 4021 1970 4093 voluptatem,
1991 4022 2114 4092 quia
2140 4032 2289 4071 tanto
2312 4019 2480 4086 magis

1480 4106 1529 4157 ei
1549 4104 1694 4158 venit
1716 4105 1770 4155 in
1793 4116 2048 4169 mentem,
2069 4114 2267 4173 quanto
2287 4117 2370 4150 me
2390 4096 2480 4147 do-

1478 4181 1593 4235 lore
1611 4182 1955 4254 percusserit,
1973 4197 2079 4253 quo
2102 4178 2359 4231 adductus
2376 4175 2478 4224 exi-

1480 4280 1602 4333 gam
1627 4275 1903 4318 tormenta.
