3200 5117
679 534 760 618 94
1184 526 1275 591 M.
1328 524 1571 587 ΜΒΝ
1620 525 2253 605 QUINTlLlAM

677 650 1007 750 bagibus?
1046 647 1256 720 nullis
1291 647 1706 719 dissimulari
1738 648 1996 719 artibus
2034 649 2291 746 potest?
2320 653 2594 721 Partem
2631 677 2767 720 res-

678 769 876 867 ponsi
906 768 1213 838 futuram
1240 765 1311 834 in
1339 763 1475 834 alio
1498 789 1703 861 opere
1720 763 1873 863 jam
1898 763 2167 852 vidisti3
2195 786 2291 854 et,
2316 767 2503 863 quod
2529 765 2768 864 praeci-

676 911 813 984 pue
844 903 1113 981 torquet
1140 880 1460 951 animum
1478 936 1496 966 ,
1516 879 1685 948 fides
1710 879 1975 950 sceleris
1994 881 2206 951 virtus
2228 882 2379 952 fuit.
2409 883 2764 979 Explicata

679 1022 781 1072 est
796 996 1169 1070 auctoritas
1187 994 1517 1092 responsi,
1536 1021 1760 1090 quum
1779 993 1864 1063 de
1884 995 2157 1065 duobus
2178 996 2520 1093 praedictis
2537 1022 2764 1067 unum

676 1115 941 1185 factum
970 1133 1099 1182 est:
1127 1136 1250 1179 nec
1284 1107 1496 1205 possis
1522 1106 1606 1175 de
1631 1106 1907 1177 veritate
1935 1108 2248 1180 dubitare
2267 1170 2283 1198 ,
2311 1113 2579 1209 quoties
2601 1138 2766 1183 cum

681 1229 958 1301 incertis
990 1242 1005 1270 ¹
1062 1224 1528 1323 experimenta
1573 1223 2040 1295 consentiunt.
2103 1228 2184 1297 ln
2234 1254 2557 1325 responso
2588 1286 2608 1315 ,
2656 1227 2768 1299 cui

681 1367 934 1417 cuncta
957 1359 1333 1427 cesserunt,
1352 1338 1500 1408 fieri
1526 1365 1668 1407 non
1692 1358 1948 1434 potest,
1983 1361 2063 1411 ut
2090 1339 2221 1412 hoc
2256 1342 2483 1414 solum
2512 1343 2766 1415 falsum

682 1463 798 1549 sit,
827 1457 1014 1556 quod
1043 1455 1501 1528 novissimum
1529 1476 1647 1524 est.
1679 1456 1833 1524 Non
1866 1477 2119 1553 potest,
2150 1459 2410 1556 inquit,
2443 1460 2597 1530 fieri·
2616 1488 2772 1560 par-

683 1575 1036 1647 ricidium.
1078 1573 1203 1643 Vis
1248 1571 1478 1653 mirer,
1524 1590 1736 1666 pater,
1779 1569 1835 1640 si
1880 1598 2023 1642 non
2068 1574 2365 1645 creditur
2413 1577 2767 1660 futurum,

685 1691 873 1788 quod
903 1688 1116 1759 etiam
1137 1744 1154 1774 ,
1184 1714 1274 1782 qu
1289 1713 1407 1755 um
1438 1686 1700 1755 factum
1734 1706 1865 1773 est,
1894 1686 2002 1756 vix
2026 1688 2363 1761 creditur?
2391 1690 2682 1779 falleris,
2713 1691 2768 1760 si

685 1806 1006 1884 adversus
1057 1803 1404 1899 praedictas
1448 1799 1873 1870 necessitates
1920 1803 2233 1874 sufficere
2282 1805 2531 1893 credis,
2581 1805 2769 1904 quod

687 1946 812 2017 ego
846 1920 1071 1990 bonus
1104 1915 1288 1985 filins
1325 1942 1516 2000 sum,
1554 1914 1743 2010 quod
1790 1936 1859 1984 tu
1904 1917 2209 2015 optimus
2246 1942 2471 2018 pater:
2509 1942 2583 1992 tu
2627 1948 2770 1992 non

688 2034 967 2105 mereris
992 2033 1198 2120 scire,
1227 2029 1430 2101 credo
1456 2056 1582 2127 ego
1610 2029 1850 2127 utique
1878 2031 2059 2104 nolle
2084 2061 2196 2105 me
2226 2036 2419 2107 scire.
2448 2036 2645 2128 Quid
2676 2058 2775 2107 est

687 2177 847 2247 ergo
881 2151 1142 2235 fatum,
1180 2145 1311 2216 nisi
1341 2144 1530 2241 quod
1567 2143 1673 2232 fit,
1705 2165 1771 2213 et
1799 2172 1940 2216 non
1977 2146 2185 2220 habet
2212 2150 2488 2222 causas?
2518 2178 2771 2248 quem-

688 2263 1077 2335 admodum
1109 2287 1301 2357 ergO,
1342 2258 1599 2355 inquit,
1642 2257 1822 2328 istud
1861 2259 2057 2332 vitari
2093 2285 2347 2361 potest,
2387 2266 2441 2336 si
2474 2265 2620 2335 fieri
2654 2291 2774 2335 ne-

686 2403 863 2449 cesse
894 2376 1030 2446 est?
1055 2374 1313 2445 scilicet
1345 2372 1474 2443 hac
1503 2372 1646 2444 sola
1671 2373 1962 2464 ratione,
1992 2398 2068 2449 ut
2095 2406 2279 2450 mors
2301 2381 2477 2451 inter
2503 2380 2772 2451 facinus

688 2492 1197 2587 hominemque
1231 2509 1564 2586 ponatur:
1601 2488 1917 2581 vincitur,
1950 2515 2162 2590 pater,
2192 2497 2451 2585 fatum,
2480 2498 2536 2567 si
2568 2497 2774 2568 resis-

693 2630 827 2680 tas:
862 2604 1107 2694 vincit,
1136 2604 1192 2675 si
1217 2603 1730 2700 contempseris.
1760 2608 1908 2702 Ago
1935 2607 2335 2703 quinimmo
2370 2611 2616 2707 gratias
2642 2610 2772 2681 hoc

689 2725 834 2795 solo
869 2721 1156 2794 nomine
1199 2718 1684 2790 crudelissimis
1721 2721 1904 2811 fatis,
1947 2725 2137 2820 quod
2172 2727 2560 2799 maximum
2608 2728 2776 2799 faci-

691 2867 822 2910 nus
851 2865 991 2909 non
1024 2838 1095 2907 in
1127 2836 1355 2935 prima
1383 2836 1500 2906 aevi
1537 2836 1677 2906 mei
1711 2860 1901 2934 parte
1932 2863 2346 2936 posuerunt,
2376 2843 2566 2941 quod
2596 2871 2773 2942 prae-

692 2956 910 3026 missae
939 2973 1100 3025 sunt
1131 2973 1293 3024 ante
1319 2953 1598 3023 virtutes
1618 3008 1636 3040 ,
1669 2980 2225 3053 magnorumque
2260 2986 2551 3055 operum
2588 2959 2774 3058 prior

691 3071 858 3143 ordo
889 3069 1195 3142 defluxit.
1223 3072 1476 3157 Potest,
1514 3090 1715 3167 puto,
1749 3072 1964 3140 caveri
1987 3073 2476 3170 parricidium,
2499 3075 2687 3173 quod
2709 3094 2775 3146 et

692 3186 1105 3285 praedicitur,
1136 3207 1201 3256 et
1233 3185 1689 3257 novissimum
1728 3207 1851 3257 est.

788 3303 972 3371 XIX.
1010 3300 1429 3398 Fingamus,
1462 3322 1686 3398 pater,
1725 3302 2298 3374 mathematicum
2343 3305 2426 3376 de
2468 3305 2595 3376 hac
2630 3303 2776 3375 sola

691 3418 842 3488 vitae
870 3442 1039 3487 meae
1065 3438 1252 3513 parte
1274 3417 1679 3488 mentitum:
1701 3418 1869 3515 quid
1894 3420 2064 3490 tanti
2088 3441 2205 3509 est,
2224 3444 2303 3493 ut
2323 3421 2597 3493 credam
2623 3422 2771 3510 ista,

693 3555 760 3604 et
793 3533 1061 3603 vivam?
1099 3533 1346 3606 Occidi
1386 3556 1576 3631 pater
1609 3561 1751 3605 non
1793 3558 2041 3632 potest:
2085 3537 2201 3608 sed
2237 3538 2404 3635 quid
2444 3539 2679 3627 refert,
2715 3538 2772 3609 si

692 3647 1063 3719 difficultas
1107 3649 1234 3719 ista
1277 3675 1419 3718 non
1467 3670 1565 3719 est
1596 3649 1776 3720 salva
1810 3651 2047 3722 animo
2086 3653 2278 3722 meo?
2321 3653 2582 3722 excedit
2622 3680 2774 3722 om-

692 3791 857 3836 nem
888 3765 1382 3851 calamitatem,
1409 3766 1816 3839 innocentiae
1845 3795 1980 3839 suae
2013 3796 2153 3838 non
2186 3770 2495 3859 credere,
2527 3770 2771 3840 diebus

691 3906 767 3950 ac
798 3880 1112 3952 noctibus
1146 3880 1389 3952 timere
1410 3939 1427 3970 ,
1461 3904 1860 3982 suspectum
1897 3884 2150 3955 habere
2180 3886 2501 3958 animum
2524 3914 2730 3958 suum
2754 3940 2771 3973 ,

770 4112 813 4146 1.
850 4096 1055 4166 Quoties
1087 4116 1204 4148 cum
1237 4099 1470 4166 incertis,
1505 4117 1697 4171 nempe
1776 4119 1892 4151 cum
1913 4102 2144 4167 incertis,
2168 4121 2272 4153 non
2297 4103 2502 4153 incertis
2525 4103 2776 4170 conjicie-

693 4178 1187 4248 respon⁸i⁸,quibus
1203 4180 1391 4233 incerti
1406 4180 1697 4247 reddimur,
1776 4183 1865 4234 bat
1906 4183 2105 4235 Schult.
2150 4186 2353 4253 Quoties
2390 4187 2592 4237 incertis
2629 4184 2771 4235 Laid.

695 4257 868 4329 qualia
893 4258 1033 4329 vulgi
1063 4256 1568 4313 mathematicorum.
1593 4264 1694 4314 Pro
1776 4266 1931 4332 prim.
1952 4283 2137 4335 parum
2169 4267 2399 4315 interest.
