3200 5117
867 545 989 624 ,ξοδ
1376 549 1466 609 Μ.
1519 548 1763 609 FABIl
1812 545 2450 629 QUINTILIANI

868 672 1375 769 interrogabam
1418 699 1430 741 ;
1478 672 1529 742 si
1582 700 1724 770 qua
1771 673 1860 743 ad
1910 699 2107 743 aures
2151 693 2302 744 tuas
2345 671 2432 741 ab
2477 671 2599 743 illa
2643 671 2987 769 quamvis

866 808 1129 859 remota
1188 787 1438 858 domus
1486 809 1679 886 parte
1737 788 1995 885 perlata
2044 814 2171 859 vox
2216 808 2313 857 est
2344 842 2362 875 ,
2422 812 2618 857 meus
2661 786 2981 885 gemitus

861 906 1033 992 fuit,
1084 932 1406 976 meorum
1434 905 1776 975 viscerum
1818 905 2037 976 dolor.
2077 905 2380 994 QuaeriS,
2412 931 2534 975 cur
2562 902 2741 974 nihil
2776 903 2983 974 dixe·

865 1020 995 1090 rit?
1039 1020 1208 1116 quia
1238 1046 1379 1089 non
1425 1020 1709 1109 habuit,
1759 1019 1950 1118 quod
1982 1022 2151 1090 scire
2186 1019 2469 1108 vellem,
2500 1018 2687 1116 quod
2716 1019 2977 1090 audire

864 1136 1231 1208 deberem:
1287 1137 1466 1207 nihil
1511 1136 1704 1206 aliud
1750 1137 2034 1231 quaestio
2082 1137 2202 1207 illa
2237 1135 2574 1233 captavit,
2620 1160 2840 1232 quam
2881 1136 2982 1205 si-

860 1253 1199 1339 lentium,
1232 1254 1420 1350 quod
1458 1273 1775 1349 praestare
1804 1253 1944 1322 vita
1990 1279 2130 1323 non
2165 1273 2476 1350 poterat:
2526 1250 2841 1349 quisquis
2898 1252 2974 1321 in

866 1370 1227 1441 tormentis
1254 1369 1629 1457 occiditur,
1664 1369 1821 1440 ideo
1853 1389 2069 1441 tortus
2106 1390 2232 1458 est,
2267 1391 2343 1441 ut
2371 1367 2820 1440 occideretur.
2852 1371 2973 1437 An

864 1504 939 1554 tu
984 1484 1441 1579 quaestionem
1493 1483 1685 1553 illam
1736 1483 1944 1553 fuisse
1994 1483 2259 1570 credis,
2309 1482 2537 1580 qualis
2576 1480 2973 1552 vernilibus

864 1598 1271 1697 corporibus
1314 1596 1739 1669 adhibetur?
1784 1596 1939 1667 ideo
1976 1598 2169 1667 enim
2216 1597 2548 1694 equuleos
2586 1595 2971 1667 movebam

860 1713 1103 1784 artifex
1151 1740 1394 1800 senex,
1455 1713 1831 1784 tendebam
1880 1713 2196 1784 fidiculas
2232 1712 2494 1783 ratione
2530 1711 2838 1801 saevitiae,
2897 1733 2975 1782 ut

859 1830 1099 1903 leviter
1153 1830 1432 1901 sedibus
1482 1830 1625 1900 suis
1673 1850 1899 1901 emota
1951 1856 2292 1927 compago
2342 1857 2463 1928 per
2509 1828 2826 1926 singulos
2868 1856 2973 1900 ar·

857 1965 969 2016 tus
1013 1947 1331 2017 membra
1377 1945 1661 2017 laxaret.
1714 1947 2192 2042 Consumptus
2232 1966 2330 2015 est
2367 1945 2647 2043 spiritus
2685 1944 2972 2016 silentio

861 2063 967 2131 sui
997 2118 1015 2147 ,
1072 2081 1137 2133 et
1188 2062 1470 2132 verbera
1521 2060 1854 2159 ignesque
1904 2060 2228 2131 animum
2277 2058 2535 2157 pariter
2577 2084 2972 2158 vocemque

860 2179 1297 2251 clauserunt:
1347 2178 1713 2249 videbatur
1759 2177 1932 2248 mihi
1986 2203 2295 2274 premere
2339 2175 2680 2275 gemitus,
2726 2196 2973 2247 tenere

861 2293 1198 2391 suspiria:
1255 2314 1321 2363 et
1362 2294 1456 2364 sic
1504 2293 1683 2363 nihil
1720 2293 1931 2381 dixit,
1978 2312 2340 2388 tamquam
2387 2311 2832 2388 torqueretur
2882 2291 2973 2362 ab

863 2407 1182 2494 homine,
1221 2408 1340 2504 qui
1373 2407 1590 2478 sciret.

959 2524 1146 2593 XIII.
1202 2523 1475 2592 Miraris
1513 2523 1692 2592 hanc
1724 2523 1796 2592 in
1836 2522 1981 2593 filio
2014 2522 2571 2611 contumaciam,
2605 2522 2681 2592 in
2710 2521 2972 2622 juvene

864 2637 1321 2735 patientiam?
1369 2639 1544 2736 patri
1592 2639 1946 2736 torquenti
1993 2665 2135 2709 non
2177 2659 2396 2737 potest
2434 2637 2633 2709 aliter
2681 2663 2973 2736 respon·

864 2752 1050 2840 deri,
1092 2780 1305 2850 quam
1340 2774 1415 2823 ut
1453 2753 1633 2822 mori
1676 2753 1903 2842 malit,
1937 2780 2147 2849 quam
2182 2753 2538 2825 confiteri:
2580 2752 2777 2849 quod
2811 2755 2970 2824 suf-

865 2866 1011 2937 ficit
1051 2865 1261 2965 igitur
1303 2867 1893 2964 interrogantibus
1925 2868 2338 2965 respondeo,
2376 2869 2670 2956 mulier,
2707 2868 2966 2940 occidi.

867 2983 1156 3056 Fallitur
1188 2984 1503 3080 quisquis
1535 3006 1897 3081 exspectat,
1936 3007 2009 3054 ut
2034 2986 2447 3086 objiciamus
2478 2986 2596 3058 illa
2635 3011 2971 3058 commu·

863 3100 1011 3188 nia;
1055 3126 1180 3195 ego
1226 3125 1385 3168 vero
1425 3100 1813 3196 proclamo,
1846 3128 1986 3170 non
2029 3100 2501 3190 luxuriosum,
2540 3127 2686 3173 non
2720 3127 2968 3172 amore

863 3213 1236 3285 meretricis
1272 3213 1644 3300 infamem3
1695 3213 1873 3284 nihil
1914 3214 2027 3285 ille
2072 3215 2552 3312 delinquebat,
2599 3217 2967 3314 quomodo

861 3329 1059 3400 liberi
1105 3329 1357 3417 solent;
1396 3351 1789 3401 monstrum
1827 3352 1973 3402 erat
2016 3331 2513 3419 inenarrabile,
2558 3330 2751 3429 quod
2800 3331 2967 3403 nol-

862 3446 1003 3518 lem
1055 3445 1570 3544 deprehendere
1599 3503 1617 3537 ,
1663 3447 1853 3543 quod
1901 3450 2075 3519 ferre
2124 3476 2266 3519 non
2317 3475 2611 3547 possem.
2662 3449 2967 3522 Miratur

861 3559 1144 3657 aliquis,
1185 3561 1375 3658 quod
1406 3588 1548 3632 non
1595 3560 2092 3653 abdicaverim,
2128 3589 2258 3635 nec
2300 3562 2658 3634 notissima
2688 3561 2964 3635 ultione

861 3697 1137 3775 patrum
1169 3677 1422 3747 fuerim
1450 3698 1728 3766 tantum
1760 3680 2096 3777 expulisse
2127 3700 2498 3772 contentus
2516 3678 2771 3782 ?·tuus,
2803 3706 2965 3752 mu-

862 3793 1017 3881 lier,
1061 3793 1394 3880 nefariuS,
1432 3815 1591 3866 tuus
1636 3794 2066 3868 inconsultus
2102 3824 2241 3868 non
2278 3795 2586 3896 permisit
2619 3797 2961 3870 affectus:

863 3906 1122 3997 filium,
1156 3910 1266 3978 cui
1295 3929 1531 3980 contra
1556 3910 1984 3983 severitatem
2013 3939 2246 3983 meam
2275 3912 2706 4010 ignoscebam,
2739 3939 2966 4011 quem

863 4049 1144 4094 mecum
1185 4024 1407 4094 odisse
1448 4052 1589 4096 non
1638 4046 1941 4122 poteras,
1978 4048 2207 4098 secuta
2245 4027 2490 4099 fuisses
2522 4025 2961 4100 abdicatum.

862 4137 1078 4235 Finge
1117 4137 1450 4239 juvenem
1494 4139 1740 4211 dixisse
1785 4142 2017 4213 nescio
2063 4142 2265 4239 quid,
2316 4169 2442 4239 ego
2484 4140 2732 4214 audire
2776 4142 2972 4215 nihil

860 4255 1054 4354 potui
1083 4282 1098 4326 :
1140 4281 1283 4329 non
1307 4255 1496 4329 enim
1534 4258 1888 4355 potestatis
1922 4256 2213 4357 alicujus
2247 4286 2440 4331 more
2474 4258 2971 4348 consederam,
