3200 5117
807 552 1077 617 DECL.
1125 549 1273 616 XV.
1320 551 1534 617 OD11
1584 555 1882 622 POTIO
1927 558 2053 622 111
2333 568 2461 659 339

376 678 489 749 cui
517 704 660 751 non
681 701 948 752 vacaret
968 695 983 724 ¹
1015 707 1217 780 agere
1248 681 1455 781 longa
1483 683 1838 782 languoris
1862 683 2462 795 otia,'aegrumque

372 820 519 868 non
535 795 805 872 deceret
819 818 1119 871 totarum
1136 798 1447 871 noctium
1465 801 1658 898 quies
1672 857 1691 890 ,
1711 829 2033 879 excusare
2047 835 2192 881 non
2209 815 2459 910 possis,

372 910 426 984 si
458 932 725 1018 tantum
753 914 1135 1013 perdideris
1158 915 1345 1005 dies,
1375 918 1577 1016 cujus
1607 945 1851 994 census
1879 951 1959 996 ex
1988 927 2356 1021 manibus,
2382 957 2463 1003 ex

375 1026 729 1100 laboribus
762 1029 1143 1102 substantia
1161 1087 1180 1120 ,
1211 1057 1424 1127 quem
1454 1034 1766 1130 quotidie
1794 1038 2014 1136 poscit
2040 1041 2221 1115 uhta
2250 1048 2462 1120 ratio-

369 1168 539 1214 nem
557 1142 631 1214 in
653 1142 800 1215 dies
816 1145 1192 1216 demensus
1206 1204 1222 1235 ,
1238 1147 1621 1221 amentiam
1638 1152 1918 1247 Pateria,
1934 1155 2246 1232 felicium
2265 1189 2463 1235 oscu-

373 1255 443 1328 la
471 1277 743 1329 tantum
770 1259 1268 1358 amplexusque
1293 1261 1678 1353 meditaris3
1715 1288 1785 1339 et
1808 1269 1995 1341 unde
2019 1273 2144 1345 tibi
2171 1276 2461 1349 calami-

374 1373 527 1446 tatis
560 1372 769 1473 hujus
804 1402 946 1447 non
980 1397 1198 1474 potest
1227 1404 1355 1449 nec
1385 1379 1589 1452 venia
1622 1384 2058 1483 contingere,
2095 1392 2180 1463 de
2209 1394 2460 1493 volup·

371 1505 509 1558 tate
533 1488 742 1560 miser
761 1516 853 1561 es.
878 1491 1432 1588 Exspectandum
1454 1495 1779 1570 videlicet
1805 1504 2089 1598 quando
2118 1526 2183 1579 te
2202 1508 2459 1602 fames,

375 1600 611 1702 inopia
626 1605 933 1703 castiget:
952 1606 1072 1678 sed
1094 1607 1272 1680 inter
1288 1609 1421 1682 ista
1437 1613 1694 1713 coepisti
1713 1673 1733 1705 ‚
1756 1618 1927 1713 quid
1938 1620 2089 1721 jam
2100 1623 2330 1697 facere
2344 1654 2462 1725 po·

373 1738 502 1792 test
526 1719 1169 1816 ratiotconsilium?
1188 1723 1379 1797 Odio
1403 1728 1757 1802 sanandus
1777 1753 1911 1821 est,
1938 1762 2151 1834 quern
2174 1766 2321 1811 non
2345 1768 2462 1814 ex—

371 1834 610 1933 plicat,
626 1836 815 1935 quod
832 1863 1100 1937 pauper
1114 1838 1482 1912 adamavit:
1500 1869 1646 1915 non
1662 1866 1898 1938 tamen
1916 1848 2296 1950 intelligere
2313 1881 2461 1954 pos-

372 1978 615 2025 sumus
645 1973 875 2026 tecum
900 1953 1117 2030 solam
1146 1955 1355 2029 fuisse
1374 1970 1401 2001 ²
1431 1983 1951 2060 paupertatem:
1987 1966 2237 2057 iterum
2258 2027 2277 2062 ,
2314 1998 2460 2044 non

371 2087 537 2166 opes
563 2089 836 2142 tanturn
864 2070 1029 2162 tibi,
1061 2098 1201 2143 non
1232 2073 1587 2147 facultates
1616 2077 2022 2154 defuerunt:
2052 2111 2195 2156 non
2214 2108 2460 2179 erant,

371 2206 717 2281 quantum
750 2186 987 2278 video,
1023 2188 1435 2287 propinqui,
1467 2218 1617 2265 non
1659 2196 1904 2270 amici:
1944 2198 2209 2298 alioqui
2252 2202 2353 2274 illi
2399 2225 2463 2276 te

372 2300 513 2398 poti
524 2328 603 2373 us
626 2324 859 2375 nostra
884 2302 1165 2402 potione
1185 2301 1211 2348 3
1241 2329 1597 2380 sanassent
1621 2337 1636 2380 ε
1661 2310 1767 2382 vel
1794 2313 1850 2383 si
1878 2313 2309 2412 ignorassent
2330 2316 2465 2388 hu-

265 2397 270 2402 *
364 2419 484 2519 jus
499 2421 839 2517 graminis
851 2421 1028 2520 vires
1045 2480 1063 2514 ,
1079 2423 1377 2496 vinculis
1393 2427 1822 2528 nexibusque
1841 2433 2242 2507 tenuissent.
2262 2434 2463 2526 Quid

374 2531 652 2606 blandis
692 2536 1018 2608 affatibus
1064 2538 1733 2637 impotentissimum
1773 2546 2043 2620 eludis4
2088 2551 2465 2625 affectum?

371 2681 551 2754 pudet.
578 2684 743 2754 Lege,
771 2684 1017 2736 adamare
1046 2697 1123 2749 te,
1145 2702 1376 2757 pauper,

374 2760 555 2815 saltem
591 2782 696 2816 non
717 2765 915 2835 pudet.-
950 2765 1060 2832 vel,
1092 2777 1150 2816 at
1182 2784 1376 2816 amare.

374 2845 541 2898 Gnou.
562 2848 649 2897 An
665 2847 735 2899 sic
746 2848 957 2898 amare?
971 2865 1158 2919 nempe
1174 2860 1235 2899 ut
1249 2862 1379 2900 tem-

371 2942 478 2995 pus
507 2942 665 2978 omne
695 2925 928 2978 insumas
953 2924 1154 2978 libidini
1173 2963 1190 2993 ,
1215 2943 1380 2996 quum

373 3007 458 3057 vix
482 3020 758 3079 suppetat,
785 3005 929 3060 unde
958 3010 1131 3080 possis
1154 3008 1379 3062 tolerare

373 3085 533 3138 vitam
559 3106 571 3136 τ
607 3086 689 3138 vel
726 3085 1067 3140 scribendum
1103 3086 1375 3150 adamare,

374 3177 436 3215 ut
458 3165 644 3235 sepius
665 3166 721 3216 in
734 3164 836 3218 hac
859 3165 1338 3220 Declam.·Scnm:r.

455 3261 498 3295 1.
537 3245 711 3297 Homo
745 3247 833 3297 cui
858 3267 966 3300 non
1005 3257 1225 3304 vacaret.
1256 3247 1378 3299 otia

377 3323 822 3379 deestfcodicibus
843 3331 1086 3400 scripti83
1110 3327 1376 3380 nihilomi-

377 3421 479 3455 nus
503 3403 834 3456 retinendam
867 3425 1050 3458 vocem
1074 3421 1225 3478 puto.
1250 3407 1376 3459 Sen-

378 3501 467 3537 sus
496 3486 635 3537 enim
659 3500 738 3539 est
766 3486 1035 3540 hominem
1057 3506 1376 3560 pauperem,

378 3567 468 3618 cui
508 3585 618 3620 non
656 3581 868 3621 vacaret
906 3582 1190 3640 egrotare,
1232 3583 1283 3621 et
1321 3572 1376 3621 in

377 3644 577 3700 morbis
600 3648 727 3720 ipsis
745 3661 883 3701 totas
907 3660 1091 3700 noctes
1113 3646 1343 3700 dormire
1359 3685 1377 3715 ,

382 3743 440 3780 se
457 3744 567 3782 non
587 3747 745 3799 poue
767 3748 1043 3797 excuure,
1064 3732 1108 3784 si
1129 3728 1242 3782 dies
1265 3747 1382 3802 per-

379 3803 528 3860 deret
551 3809 605 3859 in
629 3807 887 3879 lupanari.

451 3903 501 3936 a.
526 3885 715 3940 Tecum
731 3885 899 3940 solam
912 3885 1094 3957 fuisse.
1115 3888 1227 3958 Ego
1253 3885 1381 3939 mal-

377 3960 512 4029 lem,
543 3965 703 4017 Nunc
738 3973 912 4018 tamen
944 3964 1235 4038 intelliqm
1264 3982 1382 4035 pos-

376 4062 553 4097 sumus
579 4053 628 4096 te
643 4063 753 4097 non
778 4043 944 4097 solam
965 4044 1139 4099 tulisse
1156 4064 1381 4117 pauper*-

380 4135 565 4184 tatem3
589 4123 743 4190 item,
766 4142 873 4177 non
891 4141 1013 4194 opes
1034 4134 1238 4176 tannem
1261 4123 1379 4188 tibi,

377 4200 778 4273 nonfacultates
787 4201 1093 4273 defuerant:
1109 4220 1215 4254 non
1229 4200 1381 4271 (snb-

377 4277 597 4352 intelligi
605 4279 694 4333 hic
703 4278 861 4334 debet
871 4280 958 4335 sed
966 4278 1095 4352 noa)
1104 4292 1268 4347 erant,
1278 4294 1377 4338 etc.

1459 2689 1593 2740 Item
1618 2706 1696 2745 est
1720 2694 1774 2744 in
1796 2696 1943 2748 Leid.
1974 2717 2055 2769 pr.
2085 2703 2260 2755 lnnuit
2284 2716 2462 2755 autem

1458 2785 1568 2819 non
1593 2782 1796 2823 tantum
1833 2793 1961 2846 opes
1987 2776 2247 2846 defuisse,
2285 2780 2382 2834 sed
2408 2793 2463 2833 et

1459 2846 1689 2914 amicos,
1728 2862 1780 2900 et
1815 2868 2099 2924 cognatos,
2140 2861 2196 2909 in
2232 2877 2463 2930 quorun

1457 2927 1677 2981 tutelam
1700 2948 1881 2986 amens
1904 2947 1957 2985 et
1988 2937 2220 2992 furiosus
2252 2940 2463 2993 debuis-

1459 3026 1542 3062 ses
1567 3010 1722 3063 tradi.
1757 3014 1887 3067 Inde
1912 3032 2056 3068 nunc
2089 3018 2461 3090 intelligimus,

1457 3109 1567 3143 non
1591 3092 1758 3144 solam
1785 3109 1834 3147 te
1859 3096 2039 3151 tulisse
2061 3114 2460 3171 paupertatem,

1457 3168 1551 3222 sed
1584 3184 1636 3223 et
1664 3172 1934 3240 furorem3
1971 3178 2099 3231 item
2122 3198 2230 3230 non
2256 3192 2463 3232 tantum

1455 3247 1689 3304 defuisse
1715 3272 1874 3324 opes,
1898 3255 1992 3308 sed
2016 3270 2069 3309 et
2094 3259 2422 3329 propinquos
2440 3297 2460 3324 ,

1458 3343 1547 3383 aut
1568 3333 1795 3401 amicos,
1815 3339 1908 3407 qui
1928 3351 1981 3391 te
2004 3340 2351 3412 compedibus
2376 3353 2473 3394 co-'

1457 3416 1766 3467 ercuissent.
1792 3418 1961 3470 Buta.
2518 3477 2524 3484 ,

1524 3492 1557 3543 3
1566 3530 1577 3543 .
1594 3493 1669 3544 Te
1677 3496 1853 3565 potius
1866 3510 2038 3550 nostra
2048 3503 2278 3571 potione.
2292 3501 2462 3574 Scrip-

1456 3572 1582 3623 sisse
1618 3585 1752 3643 puto
1785 3590 2088 3642 auctorem,
2125 3593 2175 3634 te
2201 3582 2463 3653 potentius

1457 3658 1627 3700 nostra
1640 3652 1854 3720 potione
1869 3669 2146 3711 sanassent.
2164 3662 2276 3730 Ego
2294 3662 2463 3731 potio-

1460 3744 1530 3778 ne
1557 3727 1741 3781 odium
1764 3732 1982 3803 quidem
2014 3736 2110 3788 tibi
2144 3738 2344 3804 infudi,
2367 3739 2465 3792 sed

1459 3804 1805 3860 nihilominus
1829 3814 2067 3883 quotidie
2090 3816 2160 3868 ad
2178 3835 2263 3870 me
2288 3820 2461 3885 venis,

1459 3896 1513 3935 et
1547 3897 1609 3936 ut
1638 3884 1931 3944 admittaris
1968 3893 2222 3948 molestus
2259 3915 2351 3964 es,
2387 3896 2465 3948 illi

1460 3975 1514 4014 te
1536 3968 1895 4021 coercuissent
1913 3974 2202 4041 potentins,
2223 3976 2275 4028 vi
2293 3989 2347 4027 et
2368 3978 2463 4027 im-

1458 4043 1722 4112 perio,vel
1738 4046 1957 4100 vinculis
1972 4061 2025 4100 et
2042 4051 2279 4106 nexibus.
2292 4057 2460 4106 nunu.

1530 4121 1582 4188 4.
1606 4122 1808 4177 Eludis.
1848 4125 2049 4182 Schult.
2074 4131 2334 4201 malebat,
2361 4134 2463 4185 Ec·

1460 4204 1588 4276 quid
1622 4205 1826 4261 blandis
1846 4208 2118 4280 affatibus,
2149 4215 2184 4267 ἰ.
2218 4235 2263 4268 e.
2291 4217 2464 4288 affie-

1463 4294 1591 4336 tum.
1618 4288 1690 4338 Ut
1718 4304 1787 4340 ex
1819 4306 2045 4359 persona
2064 4295 2358 4347 antonici:
2376 4297 2465 4348 in·

2099 4397 2180 4432 aa.
