3200 5117
711 533 1344 599 DECLAMATIO
1392 535 1528 599 ΙΙΙ.
1578 534 1766 601 PRO
1809 535 2192 601 MlLlTE.
2416 537 2503 607 63

412 655 751 755 malignos
775 656 1025 757 poterit
1045 656 1263 729 videri
1290 678 1354 729 te
1377 657 1823 757 permittente
1850 658 2109 731 fecisse.
2132 660 2244 731 An
2274 658 2424 751 ille,
2444 661 2506 734 si

410 801 726 873 unquam
757 773 1112 872 cogitasset
1129 830 1150 866 ,
1170 800 1240 845 se
1272 801 1415 846 esse
1437 774 1918 874 propinquum
1945 796 2146 847 tuum
2166 833 2186 866 ‚
2214 803 2356 848 non
2381 777 2508 852 has

408 891 688 964 virtutes
716 913 865 965 tuas
882 948 915 980 „
936 892 1118 964 inter
1143 919 1313 991 quas
1335 893 1617 964 fortuna
1642 912 1764 964 tua
1789 891 2089 965 minima
2111 885 2249 983 est,
2277 921 2503 991 quum

410 1009 471 1080 ei
498 1007 688 1080 velut
709 1008 997 1109 propius
1028 1007 1489 1108 contemplari
1512 1008 1846 1099 licuisset,
1878 1029 2018 1081 toto
2039 1012 2310 1109 pe'ctore
2335 1010 2505 1084 hau·

407 1126 543 1197 rire
571 1124 944 1197 debuerat:
978 1151 1120 1196 non
1154 1124 1318 1197 huic
1352 1124 1713 1200 affinitatis
1752 1152 1891 1198 suae
1919 1125 2220 1199 felicitati
2253 1128 2505 1199 referre

407 1241 740 1336 gratiam:
772 1240 1021 1311 milites
1045 1260 1110 1311 te
1135 1238 1385 1312 melius
1414 1239 1798 1313 imitantur.
1821 1241 2034 1331 Quod
2062 1242 2117 1314 si
2142 1263 2295 1341 post
2320 1242 2506 1316 hanc

407 1375 720 1428 mentem
768 1355 1021 1428 viveret
1060 1355 1415 1444 tribunus,
1461 1357 1924 1438 necessarium
1980 1359 2266 1431 forsitan
2315 1379 2463 1430 erat
2483 1414 2503 1448 ‚

407 1468 542 1542 bac
576 1497 858 1569 quoque
887 1499 1049 1543 eum
1076 1471 1299 1569 premi
1329 1471 1822 1570 invidia,quod
1853 1472 1980 1545 ista
2002 1474 2269 1546 fecisset
2291 1474 2504 1546 Marii

407 1586 867 1684 propinquus,
901 1587 1090 1685 quod
1126 1615 1203 1658 ex
1233 1587 1378 1686 ipsa
1404 1588 1611 1687 stirpe
1642 1589 1978 1660 virtutum
2022 1590 2405 1662 sustulisset
2432 1616 2506 1662 se

406 1697 650 1795 flagitii
672 1700 976 1772 soboles:
1012 1728 1179 1772 nam
1202 1729 1426 1798 quum
1454 1702 1630 1774 bene
1651 1717 1668 1746 ¹
1697 1704 1780 1775 sit
1798 1702 2085 1790 liberata
2111 1705 2364 1802 probro
2394 1706 2505 1776 fa-

408 1814 636 1905 milia,
672 1815 841 1913 quid
866 1817 1114 1888 attinet
1146 1816 1319 1889 illud
1358 1817 1657 1889 subinde
1685 1819 1912 1890 Mario
1944 1818 2238 1919 objicere
2264 1847 2280 1888 :
2317 1820 2508 1918 opti-

408 1955 610 2000 mum
642 1931 869 2002 fuerat
889 1958 1033 2003 non
1054 1931 1378 2004 habuisse
1402 1932 1612 2005 talem
1629 1933 2051 2033 proximum,
2068 1933 2502 2007 autlibenter

408 2045 807 2144 perdidisse.
2075 2063 2084 2070 ’

505 2164 691 2234 XIX.
751 2168 1070 2237 Perorata
1091 2222 1112 2258 ,
1163 2165 1576 2265 imperator,
1630 2185 1710 2237 ut
1757 2165 2191 2238 mediocritas
2239 2162 2506 2264 ingenii

409 2278 547 2349 mei
581 2278 766 2367 tulit,
803 2306 1038 2370 causa,
1066 2279 1204 2352 scio
1247 2280 1882 2353 commendationis
1911 2302 2138 2380 partes
2167 2306 2312 2352 esse
2350 2277 2511 2351 reli-

409 2421 620 2495 quas:
678 2395 798 2468 sed
852 2395 974 2468 has
1026 2421 1482 2495 supervacuas
1528 2397 1696 2469 facit
1742 2398 2065 2470 sanctitas
2116 2417 2271 2468 tua:
2331 2395 2508 2495 quid

408 2512 603 2583 enim
636 2539 899 2602 verear,
934 2540 1024 2584 ne
1067 2531 1312 2586 noceat
1352 2540 1468 2585 reo
1500 2513 1860 2586 humilitas
1898 2512 2088 2612 apud
2124 2534 2221 2598 te,
2255 2509 2370 2585 cui
2395 2511 2504 2584 vel

409 2626 661 2723 gratior
693 2647 914 2727 potest
944 2654 1088 2699 esse
1127 2627 1318 2699 nuda
1345 2627 1594 2718 virtus,
1634 2628 1820 2728 apud
1857 2649 2072 2725 quem
2117 2626 2506 2699 maximum

410 2763 510 2814 est
541 2769 622 2814 ex
653 2770 724 2816 se
753 2743 1072 2842 coepisse?
1112 2746 1633 2817 Commendem
1685 2743 1808 2815 tibi
1860 2743 2179 2814 ordinem
2233 2741 2509 2840 caligati

406 2855 644 2927 militis
665 2913 684 2946 ,
713 2883 925 2955 quem
956 2857 1141 2929 velut
1170 2858 1753 2930 incrementorem
1775 2878 2056 2929 tuorum
2088 2849 2398 2928 natalem
2428 2856 2509 2928 li-

408 2969 654 3043 benter
667 2972 756 3045 ab
787 2973 924 3044 alto
941 2972 1254 3072 respicis:
1289 2973 1519 3044 adhuc
1533 2975 1817 3045 fortasse
1839 2970 2509 3070 patriciumvaluerit

409 3115 663 3187 genus,
698 3089 819 3160 sed
853 3089 1141 3162 ductum
1169 3091 1318 3191 ejus
1347 3090 1555 3189 longa
1585 3089 1761 3162 serie
1795 3087 2156 3187 dignitatis
2184 3086 2512 3192 ordinem

408 3204 553 3304 'ipsa
584 3205 920 3277 virtutum
951 3206 1350 3278 conditione
1375 3206 1738 3277 meliorem
1757 3204 1992 3277 fecisti.
2014 3204 2348 3275 Nondum
2376 3229 2510 3302 po-

410 3318 540 3391 tuit
593 3319 797 3392 altius
841 3320 1213 3420 procedere
1268 3320 1371 3391 vir
1424 3319 1655 3392 adhuc
1704 3319 1914 3422 hujus
1957 3317 2163 3390 aetatis
2195 3344 2210 3389 :
2262 3337 2503 3415 tamen

409 3461 632 3535 quum
664 3434 894 3506 virum
931 3436 1218 3526 fortem,
1265 3463 1489 3535 quum
1544 3435 1842 3534 dignum
1890 3433 2027 3507 tuis
2059 3431 2288 3504 castris
2311 3486 2330 3518 ,
2366 3430 2506 3502 tuis

411 3549 724 3648 auspiciis
776 3548 1127 3649 probarim
1148 3608 1167 3641 ,
1223 3550 1645 3623 commendo
1688 3550 1810 3621 tibi
1857 3545 2200 3646 quidquid
2253 3544 2505 3622 melius

410 3663 607 3737 miles
639 3666 783 3736 fieri
808 3688 1050 3767 potest.
1087 3669 1240 3739 Hoc
1271 3666 1556 3764 q'uidem
1595 3667 1905 3767 profecto
1941 3692 2086 3736 non
2121 3682 2504 3761 exspectas,

409 3800 489 3851 ut
522 3779 595 3851 in
631 3801 930 3853 extrema
957 3781 1224 3853 actione
1257 3781 1626 3854 miserabili
1657 3781 1856 3872 fletu,
1891 3801 1961 3852 et
1996 3778 2249 3852 humili
2283 3779 2510 3851 obtes-

486 4047 531 4082 1.
558 4031 699 4083 Nam
729 4048 895 4102 quum
929 4030 1069 4083 bene.
1101 4028 1253 4084 Ordo
1287 4049 1411 4082 ora·
1490 4049 1651 4084 nunc.
1717 4030 2316 4103 cunm.—Namquum
2336 4045 2500 4100 pene,

408 4113 568 4165 tionis
585 4112 829 4183 requirit:
852 4112 1009 4164 Nunc
1027 4130 1189 4183 quum
1207 4112 1332 4163 bene
1348 4114 1416 4164 sit
1492 4111 1625 4164 Obr.
1651 4111 1759 4163 Cur
1785 4129 1895 4161 non
1909 4111 2030 4181 jam
2059 4126 2222 4181 quum
2254 4108 2416 4158 bene?
2444 4120 2503 4156 ut

409 4189 641 4243 liberata.
685 4189 852 4243 Grion.
905 4218 973 4231 -
1010 4188 1146 4241 lllud
1190 4209 1315 4242 nam
1356 4204 1416 4243 ut
1495 4190 1682 4242 millies
1700 4191 1821 4262 jam
1852 4201 1904 4238 et
1933 4206 2058 4237 nam
2088 4195 2505 4250 commutantur,

411 4269 684 4343 quidpiam
697 4268 993 4344 peculiare:
1015 4271 1118 4325 uisi
1131 4267 1417 4343 legendum
1497 4282 1555 4322 et
1572 4270 1650 4320 ita
1671 4266 1911 4320 voluerat
1935 4265 2208 4317 Francius.
