3200 5117
1242 578 1334 641 Μ.
1385 579 1628 641 FABII
1673 579 2295 661 QUINTILIANI

736 700 1122 772 Patrocinio
1145 730 1303 774 meo
1324 702 1739 802 quantulum
1759 703 2020 776 lucror?
2035 724 2102 775 at
2118 731 2240 776 nos
2256 705 2475 803 inepti
2490 729 2568 774 ac
2581 702 2809 775 vesani

736 814 820 885 de
858 815 1042 885 fame
1071 815 1562 912 querebamur,
1590 817 1806 917 gravis
1835 817 2033 889 nobis
2059 817 2326 916 inopia,
2357 816 2808 889 intolerabilis

735 950 801 1001 et
828 929 1078 1001 misera
1105 933 1425 1005 arcessita
1452 960 1637 1005 mors
1664 932 2045 1005 videbatur.
2074 934 2229 1004 Non
2261 933 2532 1031 agimus
2562 932 2808 1030 gratias

733 1042 1082 1117 industriae
1109 1046 1357 1145 legati?
1382 1047 1765 1146 respublica
1788 1067 2022 1119 nostra
2041 1046 2450 1145 locupletior
2478 1046 2684 1145 perit:
2711 1073 2807 1134 ,sa-

732 1181 1121 1233 crosanctus
1146 1183 1481 1234 mercator
1504 1184 1976 1264 opportunum
1993 1220 2011 1253 ,
2033 1163 2280 1261 opinor
2297 1220 2314 1252 ,
2349 1161 2613 1234 invenit
2639 1187 2805 1232 mer—

731 1274 824 1346 cis
845 1297 1158 1348 exactum
1182 1292 1197 1321 ¹
1229 1304 1243 1348 :
1275 1278 1732 1351 miror-hercle
1752 1338 1769 1369 ,
1787 1280 1999 1351 sitam
2020 1279 2197 1351 bene
2219 1277 2575 1375 negotium
2600 1303 2831 1374 gessem

731 1418 835 1462 ras
852 1447 871 1479 ,
894 1394 1246 1490 quomodo
1267 1396 1464 1467 nobis
1484 1397 1855 1494 pecuniam
1878 1422 2021 1467 non
2045 1395 2375 1467 retuleris.
2397 1396 2508 1465 Du
2517 1393 2632 1492 plo
2657 1419 2807 1464 ven-

731 1505 899 1576 didi:
915 1508 1235 1607 decepisti
1253 1510 1550 1582 vicinam
1567 1511 2559 1609 civitatem,circumscripsisti,
2577 1511 2804 1609 itaque

730 1621 1073 1718 queritur:
1102 1624 1315 1723 duplo
1340 1626 1657 1716 vendidi;
1683 1627 1815 1699 hoc
1845 1628 2034 1699 enim
2065 1655 2291 1700 unum
2315 1645 2699 1726 supererat,
2727 1647 2806 1699 ut

728 1735 1085 1809 devectum
1114 1739 1451 1813 tantidem
1477 1743 1804 1815 venderes
1827 1757 1851 1787 ²
1879 1770 1894 1814 ε
1925 1743 2158 1815 habita
2188 1765 2286 1815 est
2312 1741 2569 1814 itineris
2593 1741 2799 1833 ratio,

724 1851 958 1926 habita
1001 1882 1393 1928 usurarum.
1439 1861 1586 1956 Ego
1624 1887 1781 1931 vero
1825 1859 2009 1931 malo
2030 1858 2085 1949 ³,
2130 1859 2319 1957 quod
2357 1880 2496 1930 tam
2542 1883 2799 1954 magno

724 1965 1085 2039 vendidisti
1112 1996 1126 2039 τ
1154 1992 1437 2068 apparet
1460 1971 1650 2043 enim
1686 1993 1749 2044 te
1773 1972 1953 2043 nihil
1977 1994 2316 2045 coactum.
2346 1972 2478 2044 Sed
2502 1971 2555 2043 si
2583 1971 2801 2043 semel

723 2083 923 2181 ponis
958 2083 1225 2157 hastam
1269 2086 1542 2177 salutis,
1582 2088 1638 2158 si
1677 2088 2137 2187 redemptores
2178 2089 2328 2161 vitae
2361 2087 2700 2175 admittis,
2734 2107 2801 2158 et

721 2225 847 2270 nos
878 2198 1213 2272 admone:
1246 2203 1491 2273 melius
1519 2204 1812 2275 vendes:
1845 2231 1969 2275 nos
2003 2205 2353 2302 quidquid·
2375 2204 2447 2276 in
2479 2204 2807 2277 domibus

722 2310 1090 2402 habemus,
1127 2312 1469 2413 quidquid
1503 2316 1577 2385 in
1612 2315 1915 2415 templis,
1952 2317 2300 2416 quidquid
2329 2318 2557 2389 civitas
2590 2345 2803 2390 suum

721 2445 945 2514 vocat,
972 2453 1333 2525 congerere
1361 2428 1575 2525 parati
1601 2456 1878 2501 sumus:
1910 2430 2343 2502 frumentum
2374 2429 2671 2528 pecunia
2698 2457 2799 2502 re-

723 2539 1123 2628 metiamur,
1142 2540 1521 2613 libertatem
1534 2562 1836 2614 nostram
1859 2543 2279 2633 addicimuS,
2300 2543 2469 2615 fines
2488 2543 2819 2642 publicos

720 2652 1095 2725 tradimus:
1129 2656 1368 2726 omnia
1391 2655 1553 2729 licet
1582 2656 1827 2730 eadem
1850 2656 2075 2729 vicina
2099 2656 2327 2729 civitas
2355 2654 2803 2756 polliceatur,

726 2766 881 2864 plus
910 2793 1051 2838 non
1077 2789 1313 2867 potest.

740 576 860 654 384

719 2934 771 2985 id
796 2954 884 2988 me
910 2956 1016 2990 non
1041 2938 1223 2994 reddet
1246 2940 1514 3008 ditiorem,
1542 2943 1634 2996 sed
1659 2942 1712 2993 id
1794 2945 1947 2994 etiam
1973 2955 2190 2994 auctore
2209 2940 2288 2994 Cl.
2304 2942 2504 2995 Groevio
2522 2941 2797 2994 restitutus.

718 3012 894 3065 lucror
949 3017 1249 3089 reipublice
1301 3034 1354 3073 et
1412 3024 1711 3090 patrocinio
1792 3037 1865 3074 est
1893 3025 2142 3075 Ciceroni
2172 3021 2266 3074 lib.
2294 3027 2359 3088 V,
2391 3020 2463 3073 ad
2479 3019 2658 3072 Famil.
2701 3037 2784 3070 ao.

717 3113 862 3162 meo,
886 3111 946 3148 ut
965 3100 1209 3152 nimirum
1229 3101 1373 3172 apud
1394 3102 1540 3154 illam
1563 3122 1716 3154 excu-

717 3191 861 3229 satus
889 3179 1003 3230 sim.
1043 3179 1258 3235 occulto
1278 3184 1413 3235 insta
1435 3186 1714 3254 componit

714 3266 952 3325 apertum
973 3280 988 3307 .-
1010 3280 1032 3303 ιι
1052 3257 1232 3312 Solent
1254 3258 1310 3310 hi
1330 3263 1684 3330 negotiatores
1697 3299 1713 3326 ‚

719 3359 742 3380 σι
762 3351 949 3408 praeter
983 3354 1163 3410 aperta
1207 3344 1408 3413 pretia,
1453 3345 1716 3412 privatum

720 3438 742 3461 ⁸
766 3417 968 3489 aliquid
1007 3434 1060 3472 et
1092 3425 1370 3493 proprium
1406 3423 1665 3492 stipulari.
1685 3446 1707 3470 η

713 3493 1050 3550 Vid.Terent.
1071 3500 1310 3553 Eunuch.
1335 3515 1432 3554 act.
1455 3502 1545 3565 IV,
1565 3521 1638 3553 sc.
1663 3519 1710 3571 7.

710 3574 791 3624 De
825 3577 1125 3644 patrocinio
1167 3581 1354 3631 etiam:
1401 3603 1423 3625 κ
1446 3579 1546 3631 Sed
1583 3581 1712 3632 mihi

719 3675 741 3697 α
760 3653 986 3720 credite,
1008 3656 1160 3708 color
1177 3659 1273 3711 iste
1296 3661 1578 3731 patrocinii
1604 3675 1708 3728 est,

718 3753 740 3776 ιι
760 3743 812 3782 et
838 3731 930 3783 diu
952 3735 1004 3784 in
1032 3748 1210 3786 saturo
1236 3739 1346 3788 otio
1370 3740 1599 3807 cogitata
1622 3738 1709 3790 de-

717 3829 739 3854 κ
759 3808 945 3861 fensio.
966 3836 988 3859 ιι
1018 3812 1245 3865 Rursus:
1274 3838 1296 3863 ιι
1319 3816 1495 3867 Veniit
1517 3818 1705 3870 fortas·

717 3908 738 3930 ι-
759 3905 818 3939 se
837 3885 1155 3959 frumentum
1177 3891 1353 3960 lucro,
1375 3893 1706 3965 redemptum

717 3986 739 4011 κ
759 3980 835 4018 ent
857 3971 1172 4038 patrocinio.
1196 3996 1220 4020 ι
1248 3972 1486 4026 Guonov.
1510 3974 1520 3984 '

788 4061 805 4095 ι
819 4084 831 4096 .
857 4047 1039 4100 Men-cis
1052 4061 1305 4102 exacuam.
1322 4052 1391 4103 Ut
1406 4051 1570 4103 Graeci
1590 4051 1707 4117 63.-

708 4124 894 4194 ”73¹3
933 4130 1008 4181 sic
1044 4131 1244 4205 exiyere
1276 4133 1489 4205 fruetus
1530 4134 1705 4186 Livius

706 4204 799 4259 lib.
823 4207 1058 4276 xxxiv,
1078 4228 1196 4282 cap.
1216 4229 1267 4281 9.
1291 4210 1394 4263 Ubi
1413 4210 1529 4264 vide
1551 4225 1707 4265 notas

707 4301 935 4345 nostru.
957 4288 1188 4347 (ἕκατον.
1210 4294 1434 4347 Exacta
1450 4294 1704 4365 ρεςυπὶω,

1791 3101 1868 3151 Cl.
1910 3099 2110 3152 Schult.
2144 3101 2390 3153 maluisse
2420 3098 2538 3150 ideo
2561 3096 2787 3166 videtur,

1792 3181 2031 3233 mercedis
2053 3193 2321 3248 exacuam,
2353 3181 2415 3233 id·
2442 3193 2520 3233 est
2555 3179 2786 3250 premii,

1794 3279 1899 3330 quo
1934 3259 2181 3313 inductus
2216 3274 2325 3312 erat
2361 3258 2629 3332 publicam
2650 3256 2788 3311 salu-

1793 3353 1897 3389 tem
1929 3338 2186 3401 vendere3
2216 3353 2267 3390 et
2294 3350 2670 3411 opportunum,
2705 3337 2789 3388 fa-

1795 3416 1949 3469 cilem
1966 3419 2360 3488 iuterpretatur.
2388 3418 2557 3469 Βυιιιι.

1868 3515 1913 3548 2.
1930 3498 2205 3549 Tantidem
2220 3497 2471 3550 venderes.
2485 3499 2643 3567 Lege,
2659 3495 2793 3547 tanti

1794 3575 2100 3629 divenderes.
2135 3578 2256 3630 Hzrc
2293 3574 2452 3647 plena
2489 3576 2699 3640 ironic,
2732 3585 2798 3625 ut

1791 3670 1906 3723 quae
1923 3667 2234 3725 sequuntur,
2252 3652 2429 3705 habita
2445 3651 2640 3705 itineris
2652 3689 2672 3718 ,
2686 3663 2783 3703 etc.

1788 3734 1984 3787 Omnes
2030 3753 2277 3787 numeros
2328 3735 2637 3786 mercatoris
2688 3733 2788 3783 im·-

1787 3812 1971 3885 plesti‚
1996 3813 2076 3867 vel
2094 3814 2139 3865 si
2163 3832 2226 3865 ex
2247 3830 2473 3885 persona
2494 3810 2676 3883 Legati
2696 3829 2788 3861 ca·

1785 3893 2068 3966 piendum,
2092 3893 2272 3947 habita
2296 3907 2375 3947 est
2397 3895 2451 3945 in
2475 3891 2643 3964 duplo
2680 3891 2787 3943 exi-

1787 3971 1962 4043 gendo
2004 3974 2141 4025 ratio
2185 3973 2545 4044 impensarum
2580 3973 2636 4023 in
2672 3971 2790 4034 iter,

1786 4072 2095 4120 usurarum,
2120 4067 2220 4106 etc.
2241 4055 2463 4106 Senum.

1855 4132 1905 4184 3.
1924 4131 2101 4198 Malo,
2121 4132 2278 4204 quod.
2293 4131 2416 4185 scil.
2431 4132 2783 4193 frumentum,

1786 4212 1932 4286 quod
1955 4226 2065 4266 tam
2086 4231 2282 4283 magno
2302 4211 2604 4278 vendidisti,
2624 4204 2781 4273 mlo,

1786 4312 1948 4368 quam
1968 4293 2102 4348 illud
2118 4292 2360 4366 duplum.
