3200 5117
913 578 1183 644 DECL.
1231 574 1350 642 IX.
1398 579 1451 642 G
1468 578 1694 643 LADI
1710 576 1973 644 ATOR.
2357 577 2480 640 203

407 704 461 776 si
484 727 890 804 perseverat,
919 727 996 778 ut
1019 726 1363 805 porrectos
1389 688 1618 803 egenti
1641 705 1830 776 cibos
1856 728 2011 775 mea
2035 703 2218 774 fame
2238 728 2484 800 repen·
2531 786 2535 799 ι

407 818 555 910 dat
583 822 651 892 e't
681 816 1045 920 exp‘ulsum
1080 818 1409 892 omnibus
1440 818 1640 890 bonis
1677 817 1903 893 filium
1944 817 2243 889 similem
2274 815 2484 887 faciat

407 934 731 1025 inimico,
773 962 1011 1008 vereor
1053 962 1141 1007 ne
1181 934 1436 1032 iniquis
1486 928 2015 1005 aestimatoribus
2054 911 2482 1030 inexpiabilis

407 1048 590 1121 illius
624 1071 690 1121 et
721 1077 896 1151 saepe
936 1049 1327 1149 reprehensi
1366 1047 1506 1120 odii
1540 1047 1747 1147 culpa
1773 1046 2081 1119 videatur
2111 1071 2322 1145 penes
2350 1069 2482 1144 pa-

404 1184 579 1234 trem
597 1221 616 1254 ‚
650 1164 772 1260 qui
798 1184 942 1235 tam
970 1163 1174 1234 facile
1206 1162 1540 1234 irascitur.
1563 1191 1570 1199 ·

501 1280 621 1350 111.
660 1283 925 1351 Verum
954 1279 1155 1351 enim·
1180 1278 1276 1349 sic
1309 1279 1558 1377 placet,
1592 1278 1884 1348 fortunae
1919 1275 2143 1375 magis
2170 1273 2481 1345 moribus

406 1378 726 1464 dissidere
745 1449 764 1481 ,
792 1419 1006 1489 quam
1035 1392 1219 1479 suis30
1242 1418 1408 1463 nam
1434 1413 1500 1464 et
1522 1391 1937 1490 paupertatis
1966 1411 2065 1462 est
2087 1388 2443 1491 proprium
2462 1443 2480 1476 ‚

406 1505 688 1604 quando
705 1505 840 1579 alia
861 1507 1232 1598 deficiunt,
1263 1532 1569 1579 exercere
1592 1506 2012 1580 libertatem:
2042 1527 2106 1578 et
2130 1505 2302 1577 dum
2328 1529 2484 1574 eon·

405 1641 703 1719 temptus
736 1623 923 1693 fama
954 1622 1232 1711 vitatur,
1263 1621 1674 1720 potentiores
1707 1623 1811 1693 vel
1847 1620 2217 1691 ambitiose
2250 1619 2481 1690 offen-

406 1735 566 1823 dere
595 1764 610 1807 :
639 1758 705 1809 et
731 1758 928 1810 nacta
950 1739 1208 1809 bonam
1233 1737 1724 1808 conscientiam
1745 1762 1999 1833 magna
2024 1736 2298 1806 fortuna
2314 1791 2333 1823 ‚
2363 1733 2481 1805 in-

406 1847 680 1947 dignius
711 1849 1053 1948 imparem
1084 1849 1549 1922 adversarium
1573 1849 1855 1948 patitur.
1885 1852 2069 1947 Ergo
2096 1848 2441 1920 conseruit
2461 1905 2479 1937 ,

407 1985 488 2035 ut
516 1964 723 2053 solet,
766 1990 967 2036 casus
998 1964 1332 2035 'duratura
1372 1963 1646 2060 longius
1679 1989 1719 2034 a
1759 1962 1984 2060 parvis
2026 1961 2244 2033 initiis
2290 1960 2480 2051 odia,
2517 1990 2522 1995 ·

406 2078 579 2151 dum
605 2078 1104 2151 contumeliam
1130 2079 1494 2151 humilitas
1512 2077 1783 2150 facilius
1808 2075 2161 2175 intelligit,
2188 2075 2480 2174 dignitas

407 2194 708 2291 gravius:
742 2220 968 2294 neque
997 2195 1138 2266 ulla
1159 2195 1292 2267 fuit
1319 2193 1701 2282 aemulati03
1733 2220 1886 2292 quae
1914 2193 2108 2266 enim
2133 2218 2277 2264 esse
2303 2192 2482 2263 inter

408 2308 702 2407 impares
724 2309 978 2408 potest?
991 2311 1109 2383 sed
1125 2312 1262 2382 fato
1277 2310 1586 2410 quodam
1607 2308 1847 2380 similis
1870 2335 1947 2380 ex
1963 2307 2238 2399 diversis
2253 2306 2483 2379 'causis
2521 2297 2527 2301 ἢ

284 2494 307 2512 ‚
408 2423 793 2495 contentio:
823 2423 940 2495 hic
969 2424 1321 2496 irascendo
1351 2423 1657 2523 pertinax
1685 2443 1860 2513 erat;
1895 2423 2018 2495 ille
2042 2421 2481 2494 incendendo

406 2558 796 2609 contumax.
836 2538 1328 2637 Quamquam,
1366 2539 1500 2610 nisi
1540 2538 1864 2610 ultimam
1902 2537 2285 2637 exprimere
2320 2549 2483 2606 con-

404 2651 775 2723 fessionem
784 2651 939 2724 victi
955 2654 1199 2749 utique
1216 2652 1577 2751 placuisset
1588 2711 1608 2743 ‚
1628 2654 1846 2725 multa
1851 2653 1999 2754 jam
2005 2654 2271 2752 pridem
2282 2651 2482 2751 signa

408 2763 686 2837 dederat
723 2767 1003 2839 veniam
1052 2768 1405 2865 finemque
1428 2782 1449 2812 ¹
1486 2794 1736 2868 pugnae
1773 2769 2098 2866 petentis:
2135 2795 2299 2839 nam
2340 2795 2481 2865 quo

404 2879 812 2980 pertinuisse
838 2880 1182 2953 credimus
1195 2939 1214 2971 ,
1236 2881 1424 2979 quod
1443 2880 1838 2953 adolescens
1858 2882 2099 2954 relictis
2120 2881 2446 2953 omnibus
2460 2939 2479 2971 ,

405 2993 631 3067 solum
661 3020 808 3085 me,
840 3022 1052 3093 quem
1083 2997 1361 3085 coleret,
1399 3023 1614 3094 quem
1647 3017 1939 3084 amaret,
1973 2995 2304 3095 elegerat?
2333 2997 2482 3067 sine

407 3107 622 3182 dubio
655 3138 697 3182 a
727 3110 971 3211 primis
1000 3112 1209 3183 aetatis
1236 3111 1437 3184 annis
1459 3113 1784 3214 junxerat
1811 3137 1936 3183 nos
1965 3102 2481 3211 potentissimus

405 3249 601 3296 amor
628 3225 741 3299 ille
773 3228 1085 3326 puerilis,
1119 3227 1294 3300 dum
1334 3250 1455 3301 aut
1489 3227 1686 3301 nulla
1727 3248 1921 3300 erant
1957 3229 2135 3300 inter
2169 3245 2482 3326 parentes

408 3337 603 3426 odia,
652 3362 774 3413 aut
815 3370 854 3414 a
887 3344 1085 3415 nobis
1128 3371 1271 3417 non
1315 3344 1921 3444 intelligebantur:
1969 3364 2125 3442 post
2164 3342 2482 3415 diductas

406 3470 640 3524 tamen
670 3454 911 3528 domos
945 3460 1420 3557 perseveravit,
1456 3460 1680 3531 immo
1709 3459 2092 3557 impensius
2119 3456 2478 3545 laboravit3

408 3583 475 3637 e‘t
504 3566 561 3638 si
595 3569 763 3665 quid
796 3571 969 3644 mihi
1007 3573 1079 3642 in
1111 3599 1191 3644 eo
1221 3574 1377 3644 satis
1400 3595 1834 3675 perspectum
1862 3597 1993 3659 est,
2025 3572 2200 3644 nihil
2226 3571 2478 3642 horum

406 3683 571 3755 fecit
605 3684 819 3759 invito
861 3710 1070 3787 patre.
1115 3689 1487 3780 Quantum
1531 3690 1911 3789 intelligere
1953 3691 2177 3790 potui,
2221 3713 2482 3788 pauper

406 3798 554 3870 sine
584 3797 802 3872 dubio
825 3802 1089 3900 pudore
1115 3805 1438 3895 cedendi,
1467 3832 1553 3876 ne
1583 3805 1948 3877 damnasse
1978 3829 2254 3876 causam
2283 3827 2478 3873 suam

485 4061 525 4093 1.
544 4042 766 4097 Veniam
775 4040 1069 4117 finemque.
1083 4048 1247 4117 Lege:
1272 4050 1403 4100 :De-
1482 4049 1649 4103 schol.
1677 4051 1836 4103 Persii
1860 4051 1925 4103 ad
1948 4052 2053 4104 Sat.
2072 4054 2136 4115 V,
2164 4067 2290 4120 ¹¹9²
2322 4074 2344 4096 α
2363 4048 2482 4101 Gla-

414 4148 433 4169 α
454 4124 607 4177 derat
638 4126 841 4178 veniam
861 4163 879 4191 ,
916 4127 1177 4198 finemque
1216 4147 1404 4200 pugna
1488 4154 1510 4177 a
1529 4129 1757 4182 ‹Batores
1792 4131 1915 4180 victi
1934 4168 1951 4196 ,
1994 4131 2293 4182 ostensione
2334 4127 2482 4198 digiti

412 4228 434 4252 α
454 4208 697 4276 petentis.
718 4231 742 4253 ι
764 4208 857 4260 Est
876 4226 904 4260 a
924 4207 1305 4277 gladiatoribus
1319 4230 1406 4282 pe-
1490 4234 1511 4258 α
1531 4213 1737 4263 veniam
1770 4229 1801 4262 a
1831 4208 2036 4281 populo
2069 4208 2427 4282 postulabant.
2452 4230 2477 4254 ι

409 4288 576 4340 titum.
616 4288 832 4341 scm-m.
872 4290 1111 4362 Optimez
1150 4292 1223 4343 ita
1266 4293 1405 4345 enim
1483 4294 1809 4346 Rea-nnn.
