<?xml version="1.0" encoding="UTF-8"?>
<!DOCTYPE html PUBLIC "-//W3C//DTD XHTML 1.0 Transitional//EN"
    "http://www.w3.org/TR/xhtml1/DTD/xhtml1-transitional.dtd">
<html xmlns="http://www.w3.org/1999/xhtml" xml:lang="en" lang="en">
 <head>
  <title>
</title>
<meta http-equiv="Content-Type" content="text/html;charset=utf-8" />
  <meta name='ocr-system' content='tesseract 3.04.00' />
  <meta name='ocr-capabilities' content='ocr_page ocr_carea ocr_par ocr_line ocrx_word'/>
</head>
<body>
  <div class='ocr_page' id='page_1' title='image "./deinstitutioneo01flacgoog_0390.png"; bbox 0 0 3200 5117; ppageno 0'>
   <div class='ocr_carea' id='block_1_1' title="bbox 750 552 2339 637">
    <p class='ocr_par' dir='ltr' id='par_1_1' title="bbox 750 552 2339 637">
     <span class='ocr_line' id='line_1_1' title="bbox 750 552 2339 637; baseline -0.004 -16"><span class='ocrx_word' id='word_1_1' title='bbox 750 554 873 637; x_wconf 64' lang='lat'><strong>346</strong></span> <span class='ocrx_word' id='word_1_2' title='bbox 1251 556 1341 616; x_wconf 84' lang='lat' dir='ltr'><strong>M.</strong></span> <span class='ocrx_word' id='word_1_3' title='bbox 1393 555 1646 618; x_wconf 89' lang='lat' dir='ltr'>FABII</span> <span class='ocrx_word' id='word_1_4' title='bbox 1695 552 2339 633; x_wconf 79' lang='lat' dir='ltr'><strong>QUINTILIANI</strong></span> 
     </span>
    </p>
   </div>
   <div class='ocr_carea' id='block_1_2' title="bbox 747 821 2843 843">
    <p class='ocr_par' dir='ltr' id='par_1_2' title="bbox 747 821 2843 843">
     <span class='ocr_line' id='line_1_2' title="bbox 747 821 2843 843; baseline -0.001 -1"><span class='ocrx_word' id='word_1_5' title='bbox 747 826 804 843; x_wconf 55' lang='lat'><strong>11</strong></span> <span class='ocrx_word' id='word_1_6' title='bbox 813 825 834 843; x_wconf 56' lang='lat' dir='ltr'>S</span> <span class='ocrx_word' id='word_1_7' title='bbox 849 823 934 843; x_wconf 62' lang='lat' dir='ltr'><strong>m</strong></span> <span class='ocrx_word' id='word_1_8' title='bbox 943 822 1715 843; x_wconf 60' lang='lat' dir='ltr'><strong>mmmmmmmm</strong></span> <span class='ocrx_word' id='word_1_9' title='bbox 1724 822 1814 840; x_wconf 50' lang='lat' dir='ltr'><strong>“Q</strong></span> <span class='ocrx_word' id='word_1_10' title='bbox 1823 821 2843 842; x_wconf 44' lang='lat' dir='ltr'><strong>“mmwmwssmmm</strong></span> 
     </span>
    </p>
   </div>
   <div class='ocr_carea' id='block_1_3' title="bbox 1360 1041 2219 1115">
    <p class='ocr_par' dir='ltr' id='par_1_3' title="bbox 1360 1041 2219 1115">
     <span class='ocr_line' id='line_1_3' title="bbox 1360 1041 2219 1115; baseline -0.006 0"><span class='ocrx_word' id='word_1_11' title='bbox 1360 1041 1984 1115; x_wconf 86' lang='lat' dir='ltr'><strong>DECLAMATIO</strong></span> <span class='ocrx_word' id='word_1_12' title='bbox 2033 1042 2219 1112; x_wconf 88' lang='lat' dir='ltr'>XVI.</span> 
     </span>
    </p>
   </div>
   <div class='ocr_carea' id='block_1_4' title="bbox 1293 1302 2279 1380">
    <p class='ocr_par' dir='ltr' id='par_1_4' title="bbox 1293 1302 2279 1380">
     <span class='ocr_line' id='line_1_4' title="bbox 1293 1302 2279 1380; baseline 0.001 -4"><span class='ocrx_word' id='word_1_13' title='bbox 1293 1302 1713 1378; x_wconf 89' lang='lat' dir='ltr'>AMICI</span> <span class='ocrx_word' id='word_1_14' title='bbox 1807 1303 2279 1380; x_wconf 88' lang='lat' dir='ltr'><strong>VADES.</strong></span> 
     </span>
    </p>
   </div>
   <div class='ocr_carea' id='block_1_5' title="bbox 1453 1569 2122 1630">
    <p class='ocr_par' dir='ltr' id='par_1_5' title="bbox 1453 1569 2122 1630">
     <span class='ocr_line' id='line_1_5' title="bbox 1453 1569 2122 1630; baseline 0.001 -2"><span class='ocrx_word' id='word_1_15' title='bbox 1453 1569 2122 1630; x_wconf 82' lang='lat' dir='ltr'><strong>ARGUMENTUM.</strong></span> 
     </span>
    </p>
   </div>
   <div class='ocr_carea' id='block_1_6' title="bbox 747 1719 2841 2488">
    <p class='ocr_par' dir='ltr' id='par_1_6' title="bbox 747 1719 2841 2488">
     <span class='ocr_line' id='line_1_6' title="bbox 747 1719 2839 1803; baseline 0 -25"><span class='ocrx_word' id='word_1_16' title='bbox 747 1720 884 1778; x_wconf 91' lang='lat' dir='ltr'><strong>Duo</strong></span> <span class='ocrx_word' id='word_1_17' title='bbox 924 1721 1139 1796; x_wconf 84' lang='lat' dir='ltr'><strong>amici,</strong></span> <span class='ocrx_word' id='word_1_18' title='bbox 1179 1743 1250 1780; x_wconf 82' lang='lat' dir='ltr'><strong>ex</strong></span> <span class='ocrx_word' id='word_1_19' title='bbox 1287 1721 1514 1802; x_wconf 86' lang='lat' dir='ltr'><strong>quibus</strong></span> <span class='ocrx_word' id='word_1_20' title='bbox 1554 1722 1662 1781; x_wconf 91' lang='lat' dir='ltr'><strong>uni</strong></span> <span class='ocrx_word' id='word_1_21' title='bbox 1705 1737 1902 1782; x_wconf 79' lang='lat' dir='ltr'><strong>mater</strong></span> <span class='ocrx_word' id='word_1_22' title='bbox 1937 1737 2100 1799; x_wconf 85' lang='lat' dir='ltr'><strong>erat,</strong></span> <span class='ocrx_word' id='word_1_23' title='bbox 2140 1742 2390 1803; x_wconf 79' lang='lat' dir='ltr'><strong>peregre</strong></span> <span class='ocrx_word' id='word_1_24' title='bbox 2426 1719 2720 1802; x_wconf 86' lang='lat' dir='ltr'><strong>profecti,</strong></span> <span class='ocrx_word' id='word_1_25' title='bbox 2759 1719 2839 1779; x_wconf 87' lang='lat' dir='ltr'><strong>ad</strong></span> 
     </span>
     <span class='ocr_line' id='line_1_7' title="bbox 822 1815 2841 1901; baseline 0.002 -27"><span class='ocrx_word' id='word_1_26' title='bbox 822 1831 1158 1899; x_wconf 77' lang='lat' dir='ltr'><strong>tyrannum</strong></span> <span class='ocrx_word' id='word_1_27' title='bbox 1191 1819 1466 1900; x_wconf 80' lang='lat' dir='ltr'>appliciti</span> <span class='ocrx_word' id='word_1_28' title='bbox 1503 1833 1665 1878; x_wconf 84' lang='lat' dir='ltr'><strong>sunt.</strong></span> <span class='ocrx_word' id='word_1_29' title='bbox 1702 1821 1901 1879; x_wconf 84' lang='lat' dir='ltr'><strong>Mater</strong></span> <span class='ocrx_word' id='word_1_30' title='bbox 1938 1821 2222 1901; x_wconf 74' lang='lat' dir='ltr'><strong>cognitO,</strong></span> <span class='ocrx_word' id='word_1_31' title='bbox 2253 1819 2419 1901; x_wconf 91' lang='lat' dir='ltr'><strong>quod</strong></span> <span class='ocrx_word' id='word_1_32' title='bbox 2458 1817 2620 1878; x_wconf 84' lang='lat' dir='ltr'><strong>filius</strong></span> <span class='ocrx_word' id='word_1_33' title='bbox 2647 1815 2841 1878; x_wconf 83' lang='lat' dir='ltr'><strong>habe·</strong></span> 
     </span>
     <span class='ocr_line' id='line_1_8' title="bbox 820 1915 2839 1999; baseline 0.001 -26"><span class='ocrx_word' id='word_1_34' title='bbox 820 1929 989 1975; x_wconf 85' lang='lat' dir='ltr'><strong>retur</strong></span> <span class='ocrx_word' id='word_1_35' title='bbox 1009 1938 1042 1976; x_wconf 85' lang='lat' dir='ltr'><strong>a</strong></span> <span class='ocrx_word' id='word_1_36' title='bbox 1062 1931 1364 1999; x_wconf 79' lang='lat' dir='ltr'><strong>tyranno,</strong></span> <span class='ocrx_word' id='word_1_37' title='bbox 1389 1918 1594 1978; x_wconf 75' lang='lat' dir='ltr'><strong>flendo</strong></span> <span class='ocrx_word' id='word_1_38' title='bbox 1619 1919 1830 1978; x_wconf 87' lang='lat' dir='ltr'><strong>oculos</strong></span> <span class='ocrx_word' id='word_1_39' title='bbox 1852 1920 2079 1978; x_wconf 85' lang='lat' dir='ltr'><strong>amisit.</strong></span> <span class='ocrx_word' id='word_1_40' title='bbox 2099 1917 2327 1978; x_wconf 80' lang='lat' dir='ltr'>Oblata</span> <span class='ocrx_word' id='word_1_41' title='bbox 2350 1932 2436 1977; x_wconf 84' lang='lat' dir='ltr'><strong>est</strong></span> <span class='ocrx_word' id='word_1_42' title='bbox 2457 1941 2488 1977; x_wconf 83' lang='lat' dir='ltr'><strong>a</strong></span> <span class='ocrx_word' id='word_1_43' title='bbox 2505 1915 2839 1998; x_wconf 85' lang='lat' dir='ltr'><strong>juvenibus</strong></span> 
     </span>
     <span class='ocr_line' id='line_1_9' title="bbox 818 2014 2838 2093; baseline 0.001 -23"><span class='ocrx_word' id='word_1_44' title='bbox 818 2025 1092 2093; x_wconf 81' lang='lat' dir='ltr'>tyranno</span> <span class='ocrx_word' id='word_1_45' title='bbox 1120 2014 1397 2073; x_wconf 89' lang='lat' dir='ltr'><strong>conditio</strong></span> <span class='ocrx_word' id='word_1_46' title='bbox 1417 2061 1433 2088; x_wconf 86' lang='lat'><strong>,</strong></span> <span class='ocrx_word' id='word_1_47' title='bbox 1460 2029 1528 2075; x_wconf 88' lang='lat' dir='ltr'><strong>ut</strong></span> <span class='ocrx_word' id='word_1_48' title='bbox 1567 2017 1643 2074; x_wconf 80' lang='lat' dir='ltr'><strong>acl</strong></span> <span class='ocrx_word' id='word_1_49' title='bbox 1682 2016 2003 2076; x_wconf 86' lang='lat' dir='ltr'><strong>visendam</strong></span> <span class='ocrx_word' id='word_1_50' title='bbox 2031 2032 2290 2075; x_wconf 86' lang='lat' dir='ltr'><strong>matrem</strong></span> <span class='ocrx_word' id='word_1_51' title='bbox 2321 2015 2655 2074; x_wconf 85' lang='lat' dir='ltr'><strong>dimitteret</strong></span> <span class='ocrx_word' id='word_1_52' title='bbox 2686 2014 2838 2073; x_wconf 84' lang='lat' dir='ltr'><strong>alte—</strong></span> 
     </span>
     <span class='ocr_line' id='line_1_10' title="bbox 825 2111 2841 2194; baseline 0 -26"><span class='ocrx_word' id='word_1_53' title='bbox 825 2132 984 2184; x_wconf 85' lang='lat' dir='ltr'><strong>rum,</strong></span> <span class='ocrx_word' id='word_1_54' title='bbox 1002 2112 1078 2169; x_wconf 89' lang='lat' dir='ltr'><strong>ad</strong></span> <span class='ocrx_word' id='word_1_55' title='bbox 1102 2112 1267 2170; x_wconf 86' lang='lat' dir='ltr'><strong>diem</strong></span> <span class='ocrx_word' id='word_1_56' title='bbox 1290 2115 1694 2194; x_wconf 77' lang='lat' dir='ltr'><strong>praestitutam</strong></span> <span class='ocrx_word' id='word_1_57' title='bbox 1722 2136 2129 2187; x_wconf 86' lang='lat' dir='ltr'><strong>reversurum,</strong></span> <span class='ocrx_word' id='word_1_58' title='bbox 2150 2115 2233 2172; x_wconf 82' lang='lat' dir='ltr'><strong>ita</strong></span> <span class='ocrx_word' id='word_1_59' title='bbox 2253 2128 2317 2172; x_wconf 91' lang='lat' dir='ltr'><strong>ut</strong></span> <span class='ocrx_word' id='word_1_60' title='bbox 2341 2115 2453 2172; x_wconf 83' lang='lat' dir='ltr'><strong>nisi</strong></span> <span class='ocrx_word' id='word_1_61' title='bbox 2481 2111 2841 2171; x_wconf 86' lang='lat' dir='ltr'><strong>occurrisset</strong></span> 
     </span>
     <span class='ocr_line' id='line_1_11' title="bbox 824 2207 2839 2293; baseline -0 -24"><span class='ocrx_word' id='word_1_62' title='bbox 824 2209 900 2269; x_wconf 87' lang='lat' dir='ltr'><strong>ad</strong></span> <span class='ocrx_word' id='word_1_63' title='bbox 928 2210 1090 2268; x_wconf 90' lang='lat' dir='ltr'><strong>diem</strong></span> <span class='ocrx_word' id='word_1_64' title='bbox 1112 2255 1128 2282; x_wconf 91' lang='lat'><strong>,</strong></span> <span class='ocrx_word' id='word_1_65' title='bbox 1158 2211 1234 2269; x_wconf 87' lang='lat' dir='ltr'><strong>de</strong></span> <span class='ocrx_word' id='word_1_66' title='bbox 1265 2233 1338 2269; x_wconf 91' lang='lat' dir='ltr'><strong>eo</strong></span> <span class='ocrx_word' id='word_1_67' title='bbox 1358 2257 1372 2285; x_wconf 90' lang='lat'><strong>,</strong></span> <span class='ocrx_word' id='word_1_68' title='bbox 1404 2213 1509 2293; x_wconf 84' lang='lat' dir='ltr'><strong>qui</strong></span> <span class='ocrx_word' id='word_1_69' title='bbox 1539 2215 1870 2289; x_wconf 73' lang='lat' dir='ltr'><strong>restiterat,</strong></span> <span class='ocrx_word' id='word_1_70' title='bbox 1905 2235 2087 2293; x_wconf 74' lang='lat' dir='ltr'><strong>poena</strong></span> <span class='ocrx_word' id='word_1_71' title='bbox 2112 2228 2486 2271; x_wconf 83' lang='lat' dir='ltr'><strong>sumeretur:</strong></span> <span class='ocrx_word' id='word_1_72' title='bbox 2519 2227 2575 2271; x_wconf 88' lang='lat' dir='ltr'><strong>et</strong></span> <span class='ocrx_word' id='word_1_73' title='bbox 2603 2207 2839 2291; x_wconf 83' lang='lat' dir='ltr'><strong>jureju-</strong></span> 
     </span>
     <span class='ocr_line' id='line_1_12' title="bbox 822 2308 2841 2392; baseline -0 -25"><span class='ocrx_word' id='word_1_74' title='bbox 822 2309 1021 2369; x_wconf 86' lang='lat' dir='ltr'><strong>rando</strong></span> <span class='ocrx_word' id='word_1_75' title='bbox 1047 2311 1379 2371; x_wconf 83' lang='lat' dir='ltr'><strong>adstrictus</strong></span> <span class='ocrx_word' id='word_1_76' title='bbox 1405 2326 1510 2371; x_wconf 85' lang='lat' dir='ltr'><strong>est.</strong></span> <span class='ocrx_word' id='word_1_77' title='bbox 1532 2314 1720 2371; x_wconf 85' lang='lat' dir='ltr'><strong>Venit</strong></span> <span class='ocrx_word' id='word_1_78' title='bbox 1739 2310 1985 2392; x_wconf 83' lang='lat' dir='ltr'><strong>juvenis</strong></span> <span class='ocrx_word' id='word_1_79' title='bbox 2012 2314 2071 2371; x_wconf 88' lang='lat' dir='ltr'><strong>in</strong></span> <span class='ocrx_word' id='word_1_80' title='bbox 2099 2314 2440 2371; x_wconf 82' lang='lat' dir='ltr'><strong>civitatem:</strong></span> <span class='ocrx_word' id='word_1_81' title='bbox 2470 2325 2668 2369; x_wconf 88' lang='lat' dir='ltr'><strong>mater</strong></span> <span class='ocrx_word' id='word_1_82' title='bbox 2690 2308 2841 2368; x_wconf 89' lang='lat' dir='ltr'><strong>deti·</strong></span> 
     </span>
     <span class='ocr_line' id='line_1_13' title="bbox 826 2406 2833 2488; baseline 0 -25"><span class='ocrx_word' id='word_1_83' title='bbox 826 2420 924 2464; x_wconf 88' lang='lat' dir='ltr'><strong>net</strong></span> <span class='ocrx_word' id='word_1_84' title='bbox 953 2428 1020 2463; x_wconf 85' lang='lat' dir='ltr'><strong>ex</strong></span> <span class='ocrx_word' id='word_1_85' title='bbox 1049 2407 1208 2485; x_wconf 73' lang='lat' dir='ltr'><strong>lege,</strong></span> <span class='ocrx_word' id='word_1_86' title='bbox 1232 2430 1351 2487; x_wconf 85' lang='lat' dir='ltr'><strong>qua</strong></span> <span class='ocrx_word' id='word_1_87' title='bbox 1376 2422 1655 2488; x_wconf 80' lang='lat' dir='ltr'><strong>parentes</strong></span> <span class='ocrx_word' id='word_1_88' title='bbox 1684 2411 1750 2466; x_wconf 88' lang='lat' dir='ltr'><strong>in</strong></span> <span class='ocrx_word' id='word_1_89' title='bbox 1773 2409 2122 2468; x_wconf 79' lang='lat' dir='ltr'><strong>calamitate</strong></span> <span class='ocrx_word' id='word_1_90' title='bbox 2144 2410 2417 2468; x_wconf 83' lang='lat' dir='ltr'><strong>deserere</strong></span> <span class='ocrx_word' id='word_1_91' title='bbox 2439 2429 2567 2466; x_wconf 92' lang='lat' dir='ltr'><strong>non</strong></span> <span class='ocrx_word' id='word_1_92' title='bbox 2590 2406 2833 2466; x_wconf 80' lang='lat' dir='ltr'><strong>licebat.</strong></span> 
     </span>
    </p>
   </div>
   <div class='ocr_carea' id='block_1_7' title="bbox 1157 2595 2425 2659">
    <p class='ocr_par' dir='ltr' id='par_1_7' title="bbox 1157 2595 2425 2659">
     <span class='ocr_line' id='line_1_14' title="bbox 1157 2595 2425 2659; baseline 0.002 -3"><span class='ocrx_word' id='word_1_93' title='bbox 1157 2614 1297 2657; x_wconf 76' lang='lat' dir='ltr'><strong>Pno</strong></span> <span class='ocrx_word' id='word_1_94' title='bbox 1347 2616 1643 2658; x_wconf 68' lang='lat' dir='ltr'><strong>invi-:NE</strong></span> <span class='ocrx_word' id='word_1_95' title='bbox 1693 2615 1995 2659; x_wconf 72' lang='lat' dir='ltr'>CONTRA</span> <span class='ocrx_word' id='word_1_96' title='bbox 2048 2595 2425 2659; x_wconf 70' lang='grc' dir='ltr'><strong>ΜΑΤΒΕΜ’.</strong></span> 
     </span>
    </p>
   </div>
   <div class='ocr_carea' id='block_1_8' title="bbox 743 2784 2838 4040">
    <p class='ocr_par' dir='ltr' id='par_1_8' title="bbox 743 2784 2838 4040">
     <span class='ocr_line' id='line_1_15' title="bbox 842 2784 2838 2879; baseline -0.002 -20"><span class='ocrx_word' id='word_1_97' title='bbox 842 2790 1008 2859; x_wconf 79' lang='lat' dir='ltr'>CAP.</span> <span class='ocrx_word' id='word_1_98' title='bbox 1033 2789 1095 2859; x_wconf 84' lang='grc' dir='ltr'><strong>Ἰ.</strong></span> <span class='ocrx_word' id='word_1_99' title='bbox 1129 2790 1306 2878; x_wconf 87' lang='lat' dir='ltr'><strong>Etsi,</strong></span> <span class='ocrx_word' id='word_1_100' title='bbox 1337 2790 1747 2861; x_wconf 83' lang='lat' dir='ltr'><strong>sanctissimi</strong></span> <span class='ocrx_word' id='word_1_101' title='bbox 1776 2790 1936 2879; x_wconf 82' lang='lat' dir='ltr'><strong>viri,</strong></span> <span class='ocrx_word' id='word_1_102' title='bbox 1970 2790 2133 2859; x_wconf 90' lang='lat' dir='ltr'><strong>olim</strong></span> <span class='ocrx_word' id='word_1_103' title='bbox 2166 2815 2410 2860; x_wconf 89' lang='lat' dir='ltr'><strong>omnes</strong></span> <span class='ocrx_word' id='word_1_104' title='bbox 2441 2786 2675 2858; x_wconf 85' lang='lat' dir='ltr'><strong>videor</strong></span> <span class='ocrx_word' id='word_1_105' title='bbox 2702 2784 2838 2855; x_wconf 89' lang='lat' dir='ltr'><strong>hu-</strong></span> 
     </span>
     <span class='ocr_line' id='line_1_16' title="bbox 746 2903 2834 3004; baseline -0.002 -31"><span class='ocrx_word' id='word_1_106' title='bbox 746 2931 1116 2975; x_wconf 87' lang='lat' dir='ltr'><strong>manorum</strong></span> <span class='ocrx_word' id='word_1_107' title='bbox 1158 2927 1513 3004; x_wconf 85' lang='lat' dir='ltr'><strong>pectorum</strong></span> <span class='ocrx_word' id='word_1_108' title='bbox 1559 2907 1845 2976; x_wconf 86' lang='lat' dir='ltr'><strong>affectus</strong></span> <span class='ocrx_word' id='word_1_109' title='bbox 1884 2907 1953 2975; x_wconf 90' lang='lat' dir='ltr'><strong>in</strong></span> <span class='ocrx_word' id='word_1_110' title='bbox 1990 2905 2207 2975; x_wconf 87' lang='lat' dir='ltr'><strong>solam</strong></span> <span class='ocrx_word' id='word_1_111' title='bbox 2245 2903 2619 2974; x_wconf 81' lang='lat' dir='ltr'><strong>amicitiani</strong></span> <span class='ocrx_word' id='word_1_112' title='bbox 2660 2927 2834 2970; x_wconf 89' lang='lat' dir='ltr'><strong>con-</strong></span> 
     </span>
     <span class='ocr_line' id='line_1_17' title="bbox 743 3015 2829 3117; baseline -0.002 -29"><span class='ocrx_word' id='word_1_113' title='bbox 743 3018 1010 3106; x_wconf 84' lang='lat' dir='ltr'><strong>tulisse,</strong></span> <span class='ocrx_word' id='word_1_114' title='bbox 1048 3041 1114 3089; x_wconf 88' lang='lat' dir='ltr'><strong>et</strong></span> <span class='ocrx_word' id='word_1_115' title='bbox 1148 3020 1366 3117; x_wconf 83' lang='lat' dir='ltr'><strong>patior</strong></span> <span class='ocrx_word' id='word_1_116' title='bbox 1399 3021 1729 3092; x_wconf 83' lang='lat' dir='ltr'><strong>invidiam</strong></span> <span class='ocrx_word' id='word_1_117' title='bbox 1766 3020 2110 3107; x_wconf 83' lang='lat' dir='ltr'><strong>hominis,</strong></span> <span class='ocrx_word' id='word_1_118' title='bbox 2156 3021 2277 3117; x_wconf 84' lang='lat' dir='ltr'><strong>qui</strong></span> <span class='ocrx_word' id='word_1_119' title='bbox 2325 3018 2452 3089; x_wconf 91' lang='lat' dir='ltr'><strong>sibi</strong></span> <span class='ocrx_word' id='word_1_120' title='bbox 2491 3044 2628 3088; x_wconf 90' lang='lat' dir='ltr'><strong>non</strong></span> <span class='ocrx_word' id='word_1_121' title='bbox 2662 3015 2829 3084; x_wconf 87' lang='lat' dir='ltr'><strong>reli-</strong></span> 
     </span>
     <span class='ocr_line' id='line_1_18' title="bbox 747 3132 2827 3234; baseline -0.003 -29"><span class='ocrx_word' id='word_1_122' title='bbox 747 3135 974 3232; x_wconf 82' lang='lat' dir='ltr'><strong>querit</strong></span> <span class='ocrx_word' id='word_1_123' title='bbox 997 3193 1013 3223; x_wconf 84' lang='lat'><strong>,</strong></span> <span class='ocrx_word' id='word_1_124' title='bbox 1041 3155 1117 3205; x_wconf 88' lang='lat' dir='ltr'><strong>ut</strong></span> <span class='ocrx_word' id='word_1_125' title='bbox 1146 3158 1410 3206; x_wconf 86' lang='lat' dir='ltr'><strong>amaret</strong></span> <span class='ocrx_word' id='word_1_126' title='bbox 1435 3158 1500 3206; x_wconf 89' lang='lat' dir='ltr'><strong>et</strong></span> <span class='ocrx_word' id='word_1_127' title='bbox 1527 3157 1818 3206; x_wconf 83' lang='lat' dir='ltr'><strong>matrem</strong></span> <span class='ocrx_word' id='word_1_128' title='bbox 1841 3167 1858 3223; x_wconf 90' lang='lat'>;</span> <span class='ocrx_word' id='word_1_129' title='bbox 1887 3136 2153 3234; x_wconf 85' lang='lat' dir='ltr'><strong>quoties</strong></span> <span class='ocrx_word' id='word_1_130' title='bbox 2174 3157 2408 3205; x_wconf 88' lang='lat' dir='ltr'><strong>tamen</strong></span> <span class='ocrx_word' id='word_1_131' title='bbox 2435 3132 2827 3203; x_wconf 80' lang='lat' dir='ltr'><strong>universam</strong></span> 
     </span>
     <span class='ocr_line' id='line_1_19' title="bbox 746 3245 2833 3348; baseline -0.001 -30"><span class='ocrx_word' id='word_1_132' title='bbox 746 3248 1021 3346; x_wconf 86' lang='lat' dir='ltr'><strong>pietatis</strong></span> <span class='ocrx_word' id='word_1_133' title='bbox 1065 3276 1235 3319; x_wconf 84' lang='lat' dir='ltr'><strong>meae</strong></span> <span class='ocrx_word' id='word_1_134' title='bbox 1273 3250 1767 3320; x_wconf 84' lang='lat' dir='ltr'><strong>conscientiam</strong></span> <span class='ocrx_word' id='word_1_135' title='bbox 1809 3250 2115 3337; x_wconf 84' lang='lat' dir='ltr'><strong>intueor,</strong></span> <span class='ocrx_word' id='word_1_136' title='bbox 2161 3251 2228 3319; x_wconf 90' lang='lat' dir='ltr'><strong>in</strong></span> <span class='ocrx_word' id='word_1_137' title='bbox 2271 3278 2408 3348; x_wconf 86' lang='lat' dir='ltr'><strong>qua</strong></span> <span class='ocrx_word' id='word_1_138' title='bbox 2450 3245 2833 3319; x_wconf 87' lang='lat' dir='ltr'><strong>minimum</strong></span> 
     </span>
     <span class='ocr_line' id='line_1_20' title="bbox 748 3363 2835 3466; baseline -0 -32"><span class='ocrx_word' id='word_1_139' title='bbox 748 3385 879 3453; x_wconf 86' lang='lat' dir='ltr'><strong>est,</strong></span> <span class='ocrx_word' id='word_1_140' title='bbox 916 3366 1103 3462; x_wconf 87' lang='lat' dir='ltr'><strong>quod</strong></span> <span class='ocrx_word' id='word_1_141' title='bbox 1134 3366 1366 3436; x_wconf 81' lang='lat' dir='ltr'><strong>videor</strong></span> <span class='ocrx_word' id='word_1_142' title='bbox 1396 3369 1621 3437; x_wconf 90' lang='lat' dir='ltr'><strong>bonus</strong></span> <span class='ocrx_word' id='word_1_143' title='bbox 1648 3367 1952 3456; x_wconf 84' lang='lat' dir='ltr'><strong>amicus,</strong></span> <span class='ocrx_word' id='word_1_144' title='bbox 1985 3394 2125 3437; x_wconf 91' lang='lat' dir='ltr'><strong>non</strong></span> <span class='ocrx_word' id='word_1_145' title='bbox 2165 3393 2441 3466; x_wconf 85' lang='lat' dir='ltr'><strong>possum</strong></span> <span class='ocrx_word' id='word_1_146' title='bbox 2480 3392 2624 3435; x_wconf 91' lang='lat' dir='ltr'><strong>non</strong></span> <span class='ocrx_word' id='word_1_147' title='bbox 2654 3363 2835 3434; x_wconf 88' lang='lat' dir='ltr'><strong>hanc</strong></span> 
     </span>
     <span class='ocr_line' id='line_1_21' title="bbox 747 3477 2832 3580; baseline -0 -31"><span class='ocrx_word' id='word_1_148' title='bbox 747 3480 1050 3577; x_wconf 86' lang='lat' dir='ltr'><strong>primam</strong></span> <span class='ocrx_word' id='word_1_149' title='bbox 1087 3481 1435 3552; x_wconf 81' lang='lat' dir='ltr'><strong>electionis</strong></span> <span class='ocrx_word' id='word_1_150' title='bbox 1471 3503 1716 3554; x_wconf 82' lang='lat' dir='ltr'><strong>nostrae</strong></span> <span class='ocrx_word' id='word_1_151' title='bbox 1752 3484 2180 3580; x_wconf 82' lang='lat' dir='ltr'><strong>complorat·e</strong></span> <span class='ocrx_word' id='word_1_152' title='bbox 2213 3484 2606 3566; x_wconf 83' lang='lat' dir='ltr'><strong>fortunam,</strong></span> <span class='ocrx_word' id='word_1_153' title='bbox 2644 3477 2832 3576; x_wconf 89' lang='lat' dir='ltr'><strong>quod</strong></span> 
     </span>
     <span class='ocr_line' id='line_1_22' title="bbox 750 3595 2831 3695; baseline -0 -29"><span class='ocrx_word' id='word_1_154' title='bbox 750 3595 924 3666; x_wconf 92' lang='lat' dir='ltr'><strong>mihi</strong></span> <span class='ocrx_word' id='word_1_155' title='bbox 959 3623 1227 3667; x_wconf 84' lang='lat' dir='ltr'><strong>necesse</strong></span> <span class='ocrx_word' id='word_1_156' title='bbox 1259 3619 1392 3684; x_wconf 88' lang='lat' dir='ltr'><strong>est,</strong></span> <span class='ocrx_word' id='word_1_157' title='bbox 1424 3619 1540 3668; x_wconf 85' lang='lat' dir='ltr'><strong>aut</strong></span> <span class='ocrx_word' id='word_1_158' title='bbox 1565 3598 1878 3668; x_wconf 87' lang='lat' dir='ltr'><strong>amicum</strong></span> <span class='ocrx_word' id='word_1_159' title='bbox 1909 3598 2334 3695; x_wconf 81' lang='lat' dir='ltr'><strong>relinquere,</strong></span> <span class='ocrx_word' id='word_1_160' title='bbox 2364 3617 2485 3668; x_wconf 89' lang='lat' dir='ltr'><strong>aut</strong></span> <span class='ocrx_word' id='word_1_161' title='bbox 2511 3617 2831 3667; x_wconf 88' lang='lat' dir='ltr'><strong>matrem.</strong></span> 
     </span>
     <span class='ocr_line' id='line_1_23' title="bbox 748 3710 2834 3811; baseline 0.001 -32"><span class='ocrx_word' id='word_1_162' title='bbox 748 3711 1081 3797; x_wconf 77' lang='lat' dir='ltr'><strong>Facinu5‚</strong></span> <span class='ocrx_word' id='word_1_163' title='bbox 1126 3712 1528 3782; x_wconf 82' lang='lat' dir='ltr'><strong>severissimi</strong></span> <span class='ocrx_word' id='word_1_164' title='bbox 1573 3713 1737 3800; x_wconf 80' lang='lat' dir='ltr'><strong>viri,</strong></span> <span class='ocrx_word' id='word_1_165' title='bbox 1787 3714 2058 3784; x_wconf 82' lang='lat' dir='ltr'><strong>facinus</strong></span> <span class='ocrx_word' id='word_1_166' title='bbox 2103 3714 2178 3784; x_wconf 89' lang='lat' dir='ltr'><strong>fit</strong></span> <span class='ocrx_word' id='word_1_167' title='bbox 2218 3710 2834 3811; x_wconf 87' lang='lat' dir='ltr'><strong>impatientissimis</strong></span> 
     </span>
     <span class='ocr_line' id='line_1_24' title="bbox 748 3825 2834 3927; baseline 0 -32"><span class='ocrx_word' id='word_1_168' title='bbox 748 3825 1113 3896; x_wconf 86' lang='lat' dir='ltr'><strong>affectibus</strong></span> <span class='ocrx_word' id='word_1_169' title='bbox 1145 3826 1352 3916; x_wconf 76' lang='lat' dir='ltr'><strong>meiS,</strong></span> <span class='ocrx_word' id='word_1_170' title='bbox 1385 3828 1572 3925; x_wconf 91' lang='lat' dir='ltr'><strong>quod</strong></span> <span class='ocrx_word' id='word_1_171' title='bbox 1604 3829 1906 3898; x_wconf 87' lang='lat' dir='ltr'><strong>succurri</strong></span> <span class='ocrx_word' id='word_1_172' title='bbox 1936 3856 2077 3898; x_wconf 86' lang='lat' dir='ltr'><strong>non</strong></span> <span class='ocrx_word' id='word_1_173' title='bbox 2114 3849 2332 3927; x_wconf 87' lang='lat' dir='ltr'><strong>potest</strong></span> <span class='ocrx_word' id='word_1_174' title='bbox 2366 3826 2678 3897; x_wconf 89' lang='lat' dir='ltr'><strong>duobus:</strong></span> <span class='ocrx_word' id='word_1_175' title='bbox 2716 3850 2834 3896; x_wconf 83' lang='lat' dir='ltr'><strong>ex-</strong></span> 
     </span>
     <span class='ocr_line' id='line_1_25' title="bbox 748 3927 2834 4040; baseline 0 -31"><span class='ocrx_word' id='word_1_176' title='bbox 748 3938 932 4010; x_wconf 88' lang='lat' dir='ltr'><strong>cedit</strong></span> <span class='ocrx_word' id='word_1_177' title='bbox 958 3967 1243 4011; x_wconf 88' lang='lat' dir='ltr'><strong>omnem</strong></span> <span class='ocrx_word' id='word_1_178' title='bbox 1266 3927 1563 4039; x_wconf 78' lang='lat' dir='ltr'><strong>querelae</strong></span> <span class='ocrx_word' id='word_1_179' title='bbox 1588 3969 1763 4013; x_wconf 85' lang='lat' dir='ltr'><strong>meae</strong></span> <span class='ocrx_word' id='word_1_180' title='bbox 1785 3942 2407 4040; x_wconf 86' lang='lat' dir='ltr'><strong>complorationem</strong></span> <span class='ocrx_word' id='word_1_181' title='bbox 2426 3998 2443 4030; x_wconf 87' lang='lat'>‚</span> <span class='ocrx_word' id='word_1_182' title='bbox 2473 3939 2661 4037; x_wconf 89' lang='lat' dir='ltr'><strong>quod</strong></span> <span class='ocrx_word' id='word_1_183' title='bbox 2690 3960 2834 4011; x_wconf 85' lang='lat' dir='ltr'><strong>tam</strong></span> 
     </span>
    </p>
   </div>
   <div class='ocr_carea' id='block_1_9' title="bbox 738 4128 2836 4362">
    <p class='ocr_par' dir='ltr' id='par_1_9' title="bbox 738 4128 2836 4362">
     <span class='ocr_line' id='line_1_26' title="bbox 817 4128 2836 4202; baseline 0 -24"><span class='ocrx_word' id='word_1_184' title='bbox 817 4128 835 4148; x_wconf 80' lang='lat'>⁸</span> <span class='ocrx_word' id='word_1_185' title='bbox 867 4131 985 4179; x_wconf 61' lang='grc' dir='ltr'><strong>ΗΜ</strong></span> <span class='ocrx_word' id='word_1_186' title='bbox 1019 4129 1339 4181; x_wconf 76' lang='lat' dir='ltr'><strong>Declamatio</strong></span> <span class='ocrx_word' id='word_1_187' title='bbox 1375 4133 1665 4184; x_wconf 84' lang='lat' dir='ltr'><strong>intricatior</strong></span> <span class='ocrx_word' id='word_1_188' title='bbox 1699 4146 1749 4182; x_wconf 88' lang='lat' dir='ltr'><strong>et</strong></span> <span class='ocrx_word' id='word_1_189' title='bbox 1831 4134 2024 4202; x_wconf 85' lang='lat' dir='ltr'><strong>exponi</strong></span> <span class='ocrx_word' id='word_1_190' title='bbox 2047 4131 2327 4182; x_wconf 74' lang='lat' dir='ltr'><strong>deberent:</strong></span> <span class='ocrx_word' id='word_1_191' title='bbox 2353 4142 2584 4180; x_wconf 81' lang='lat' dir='ltr'><strong>attamen</strong></span> <span class='ocrx_word' id='word_1_192' title='bbox 2609 4131 2724 4198; x_wconf 82' lang='lat' dir='ltr'><strong>ipso</strong></span> <span class='ocrx_word' id='word_1_193' title='bbox 2748 4145 2836 4179; x_wconf 76' lang='lat' dir='ltr'><strong>ar-</strong></span> 
     </span>
     <span class='ocr_line' id='line_1_27' title="bbox 745 4206 2834 4280; baseline -0.001 -19"><span class='ocrx_word' id='word_1_194' title='bbox 745 4212 917 4261; x_wconf 84' lang='lat' dir='ltr'><strong>minus</strong></span> <span class='ocrx_word' id='word_1_195' title='bbox 940 4210 1149 4280; x_wconf 78' lang='lat' dir='ltr'><strong>elegans</strong></span> <span class='ocrx_word' id='word_1_196' title='bbox 1174 4212 1298 4262; x_wconf 86' lang='lat' dir='ltr'><strong>mihi</strong></span> <span class='ocrx_word' id='word_1_197' title='bbox 1321 4212 1545 4275; x_wconf 77' lang='lat' dir='ltr'><strong>videtur,</strong></span> <span class='ocrx_word' id='word_1_198' title='bbox 1572 4226 1623 4263; x_wconf 89' lang='lat' dir='ltr'><strong>et</strong></span> <span class='ocrx_word' id='word_1_199' title='bbox 1653 4232 1749 4263; x_wconf 88' lang='lat' dir='ltr'><strong>cu·</strong></span> <span class='ocrx_word' id='word_1_200' title='bbox 1829 4226 2080 4280; x_wconf 73' lang='lat' dir='ltr'><strong>gumento</strong></span> <span class='ocrx_word' id='word_1_201' title='bbox 2106 4213 2336 4262; x_wconf 86' lang='lat' dir='ltr'><strong>animum</strong></span> <span class='ocrx_word' id='word_1_202' title='bbox 2363 4209 2582 4261; x_wconf 86' lang='lat' dir='ltr'><strong>detinet.</strong></span> <span class='ocrx_word' id='word_1_203' title='bbox 2612 4206 2712 4261; x_wconf 88' lang='lat' dir='ltr'><strong>Sed</strong></span> <span class='ocrx_word' id='word_1_204' title='bbox 2733 4225 2834 4259; x_wconf 86' lang='lat' dir='ltr'><strong>no·</strong></span> 
     </span>
     <span class='ocr_line' id='line_1_28' title="bbox 738 4288 2616 4362; baseline -0.001 -22"><span class='ocrx_word' id='word_1_205' title='bbox 738 4292 825 4357; x_wconf 73' lang='lat' dir='ltr'><strong>jus</strong></span> <span class='ocrx_word' id='word_1_206' title='bbox 847 4291 956 4342; x_wconf 86' lang='lat' dir='ltr'><strong>fere</strong></span> <span class='ocrx_word' id='word_1_207' title='bbox 980 4289 1194 4360; x_wconf 70' lang='lat' dir='ltr'><strong>singulae</strong></span> <span class='ocrx_word' id='word_1_208' title='bbox 1214 4291 1420 4362; x_wconf 88' lang='lat' dir='ltr'><strong>periodi</strong></span> <span class='ocrx_word' id='word_1_209' title='bbox 1443 4291 1556 4344; x_wconf 80' lang='lat' dir='ltr'><strong>aliis</strong></span> <span class='ocrx_word' id='word_1_210' title='bbox 1575 4290 1748 4343; x_wconf 85' lang='lat' dir='ltr'><strong>verbis</strong></span> <span class='ocrx_word' id='word_1_211' title='bbox 1828 4291 1908 4342; x_wconf 81' lang='lat' dir='ltr'><strong>bis</strong></span> <span class='ocrx_word' id='word_1_212' title='bbox 1935 4293 2066 4343; x_wconf 85' lang='lat' dir='ltr'><strong>tanti</strong></span> <span class='ocrx_word' id='word_1_213' title='bbox 2088 4309 2198 4342; x_wconf 88' lang='lat' dir='ltr'><strong>non</strong></span> <span class='ocrx_word' id='word_1_214' title='bbox 2222 4290 2333 4341; x_wconf 73' lang='lat' dir='ltr'><strong>haec</strong></span> <span class='ocrx_word' id='word_1_215' title='bbox 2356 4288 2616 4343; x_wconf 76' lang='lat' dir='ltr'><strong>videntur.</strong></span> 
     </span>
    </p>
   </div>
  </div>
 </body>
</html>
