3200 5117
823 301 846 330 N

755 472 1030 537 DECL.
1078 471 1288 536 xln.
1337 469 1567 535 APES
1615 469 2093 545 PAUPERIS.
2348 467 2468 538 311

376 594 644 694 legibus
676 595 1014 687 vivimus,
1045 616 1124 668 ut
1152 595 1353 670 nobis
1386 594 1643 668 habere
1673 594 1886 668 mella
1915 620 2059 672 non
2089 590 2330 682 liceat,
2363 617 2482 663 vo-

376 711 481 783 bis
512 710 717 785 liceat
753 713 1010 786 habere
1037 711 1350 808 venena?
1382 711 1739 788 Postremo
1775 711 2065 809 quidem
2102 708 2329 784 divitis
2354 736 2483 808 pa-

380 828 671 902 trocinio
692 857 836 902 non
863 831 1097 930 putavi
1118 830 1422 932 ‚judices
1440 889 1460 921 ,
1482 828 2051 928 respondendum
2077 885 2096 918 ‚
2117 826 2254 904 nisi
2277 827 2486 904 rideri

378 967 669 1018 vestram
712 948 1152 1048 majestatem
1194 946 1700 1024 contumeliosa
1730 945 2133 1020 defensione
2169 971 2312 1033 non
2353 944 2487 1018 fer-

380 1088 528 1133 rem
551 1091 566 1134 :
591 1062 775 1135 ultro
798 1063 992 1135 enim
1012 1120 1031 1154 ‚
1055 1063 1288 1161 inquit
1303 1121 1323 1154 ‚
1346 1063 1437 1134 ad
1459 1083 1758 1134 mortem
1775 1082 2119 1135 venerunt
2136 1087 2296 1160 apes
2318 1081 2481 1134 tuae:

382 1176 477 1248 ita
504 1178 751 1275 plane:
786 1176 1050 1275 alioqui
1083 1197 1158 1248 tu
1186 1204 1544 1248 venenum
1579 1175 1867 1249 floribus
1902 1176 2215 1250 dederas.
2247 1177 2492 1273 Impu-

383 1289 720 1363 dentiaene
740 1348 759 1377 ‚
783 1289 1052 1391 judices
1071 1347 1091 1380 ‚
1118 1292 1266 1393 ejus
1290 1290 1637 1390 assignem
1657 1349 1676 1381 ‚
1703 1291 1759 1362 si
1789 1292 1921 1365 hoe
1947 1290 2129 1363 mihi
2155 1289 2345 1390 apud
2371 1316 2490 1366 vos

384 1405 797 1495 obtinuerit,
832 1431 926 1478 an
961 1406 1306 1496 stultitiae,
1341 1406 1397 1479 si
1431 1405 1845 1505 speraverit?
1883 1407 1940 1477 si
1972 1432 2323 1477 venenum
2359 1404 2492 1480 ho-

385 1521 566 1591 mini
607 1520 938 1611 (ledisset,
980 1521 1236 1593 diceret
1277 1521 1508 1621 ipsum
1538 1521 1738 1594 labiis
1779 1521 2164 1596 admovisse
2195 1521 2488 1619 pocula:

387 1637 443 1709 si
475 1663 948 1737 percussorem
975 1637 1309 1736 posuisset
1335 1638 1411 1708 in
1435 1637 1614 1709 saltu
1635 1696 1654 1727 ‚
1692 1638 1927 1738 ipsum
1959 1637 2033 1710 in
2065 1635 2353 1710 insidias
2384 1636 2494 1736 ul-

388 1772 491 1822 tro
526 1750 791 1822 venisse
829 1753 1194 1828 clamaret:
1234 1753 1290 1823 si
1323 1751 1542 1826 telum
1579 1752 1992 1854 objectasset
2029 1753 2101 1828 in
2144 1753 2447 1830 tenebris
2469 1811 2488 1842 ‚

387 1866 663 1940 illatum
687 1896 811 1941 sua
832 1870 1040 1970 culpa
1064 1870 1532 1944 contenderet.
1559 1872 1708 1968 Ego
1726 1928 1745 1964 ,
1762 1869 2040 1971 judices
2058 1927 2077 1961 ,
2104 1869 2275 1968 quid
2301 1867 2496 1942 dico?

388 1983 532 2054 duo
582 2010 725 2056 esse
767 1984 948 2075 sola,
999 2011 1150 2082 quae
1194 1984 1393 2055 omni
1434 1984 1508 2056 in
1555 1985 1846 2060 crimine
1895 1984 2276 2084 spectanda
2317 1984 2490 2074 sint,

389 2099 715 2171 animum
738 2158 756 2191 ,
788 2122 858 2172 et
886 2122 1213 2174 eventurn
1249 2128 1264 2171 :
1303 2101 1459 2200 quis
1489 2100 1771 2174 animus
1805 2100 2032 2174 divitis
2063 2099 2235 2192 fuit,
2266 2127 2494 2199 quum

388 2244 740 2288 venenum
772 2216 1061 2316 sparsit?
1091 2239 1166 2288 ut
1185 2245 1346 2317 apes
1373 2217 1711 2316 perirent:
1743 2219 1897 2318 quis
1925 2239 2240 2307 eventus,
2271 2216 2499 2316 perie-

391 2352 576 2407 runt.
610 2333 691 2402 In
728 2359 1008 2403 summa
1030 2389 1049 2421 ,
1070 2331 1345 2433 judices
1367 2388 1387 2420 ,
1414 2332 1571 2431 quis
1602 2332 1913 2423 dubitet,
1945 2333 2116 2432 quin
2142 2331 2493 2411 damnum

392 2447 452 2518 ei
490 2446 576 2518 sit
608 2447 1152 2545 imputandum,
1187 2448 1336 2519 sine
1366 2474 1507 2544 quo
1539 2473 1683 2519 non
1721 2446 2100 2522 accidisset.

491 2565 645 2636 XV.
679 2563 1004 2661 Intelligo
1034 2590 1264 2662 neque
1296 2563 1747 2661 prudentiam
1777 2585 2074 2638 vestram
2106 2563 2497 2642 desiderare

396 2677 597 2776 plura
613 2679 698 2749 de
715 2704 953 2766 causa,
973 2703 1200 2775 neque
1216 2697 1511 2746 vestram
1530 2675 1746 2748 fidem
1764 2705 1844 2760 ac
1862 2678 2272 2777 religionem
2292 2703 2500 2775 ,egere

396 2794 868 2866 exhortatione
901 2821 1060 2865 vere
1094 2793 1484 2893 judicandi.
1523 2793 1722 2884 Quid
1754 2822 1985 2866 moror
2027 2793 2277 2892 igitur?
2313 2814 2500 2876 tenet

395 2939 511 2984 me
541 2911 779 3002 dolor,
812 2932 878 2983 et
906 2929 1192 2982 assuetae
1218 2908 1586 3008 voluptatis
1617 2907 2083 2990 desiderium:
2115 2931 2279 2984 sunt
2311 2936 2503 3007 quae-

396 3028 560 3104 dam
594 3028 669 3099 in
700 3029 828 3099 hac
851 3053 1094 3116 causa,
1127 3051 1279 3124 quae
1310 3024 1558 3108 sarcire
1589 3049 1793 3123 poena
1821 3051 1965 3107 non
1998 3023 2242 3122 possit:
2276 3022 2502 3121 major

395 3145 680 3217 forsitan
724 3143 1016 3216 materia
1050 3142 1369 3216 videatur
1409 3141 1725 3214 affectus.
1770 3142 1843 3212 Si
1885 3166 2226 3240 pauperes
2267 3165 2502 3220 amare

400 3259 536 3330 nisi
561 3259 757 3357 paria
777 3274 792 3304 ¹
826 3287 970 3331 non
998 3284 1405 3355 possumuS‚
1433 3277 1499 3328 et
1521 3257 1907 3338 necessario
1939 3256 2140 3352 nobis
2165 3256 2503 3355 pretiosa,

404 3399 553 3470 quae
588 3372 770 3461 sola,
814 3395 1015 3461 sunt;
1050 3374 1374 3444 animum
1411 3400 1654 3445 meum
1690 3373 2033 3445 exstinctae
2073 3372 2283 3445 unius
2317 3370 2500 3441 horae

405 3506 763 3558 momento
807 3507 905 3558 tot
942 3487 1197 3558 animae
1240 3508 1557 3576 movent,
1604 3508 1774 3585 quot
1820 3487 2212 3585 perierunt,
2259 3485 2343 3557 de
2388 3512 2503 3556 me

402 3601 581 3672 bene
612 3600 919 3672 meritae:
955 3601 1131 3700 quin
1167 3601 1400 3700 ipsum
1435 3602 1556 3674 leti
1592 3629 1814 3700 genus
1848 3602 2043 3674 addit
2079 3600 2512 3708 indignatio-

403 3744 607 3790 nem:
657 3746 927 3794 veneno
970 3718 1349 3819 perierunt.
1397 3719 1578 3810 Quis
1615 3722 1749 3793 hoc
1792 3722 1936 3795 ulla
1976 3722 2141 3793 satis
2180 3719 2507 3828 prosequi

483 3897 526 3931 1.
568 3880 685 3934 Nisa·
721 3883 890 3953 paria.
933 3882 1171 3952 Explicat
1216 3882 1416 3938 Asceu·
1493 3884 1733 3954 pretiosa
1768 3897 1894 3936 sunt
1925 3882 2027 3936 illis
2062 3900 2288 3953 magna,
2326 3894 2387 3933 ut
2421 3898 2506 3930 ar-

405 3961 543 4025 sius‚
566 3961 671 4013 nisi
693 3960 902 4014 modica
927 3974 979 4013 et
1004 3963 1215 4027 tenuia,
1237 3975 1296 4012 ut
1315 3979 1415 4013 nos
1495 3978 1676 4020 menta
1693 3979 1743 4017 et
1754 3983 1970 4036 greges,
1984 3962 2080 4016 sed
2099 3982 2212 4035 quae
2227 3964 2342 4016 sola
2357 3975 2505 4027 sunt,

405 4060 587 4095 sumus
622 4039 847 4106 modici3
889 4041 1032 4114 quod
1057 4041 1271 4113 quidem
1302 4060 1414 4096 non
1497 4056 1559 4095 ut
1597 4042 1725 4096 huic
1775 4062 1934 4115 apes,
1979 4041 2173 4095 animal
2214 4042 2507 4095 minimum.

406 4123 638 4185 damno;
674 4123 769 4177 sed
811 4123 1054 4192 mallem,
1092 4124 1193 4177 ηἰςί
1224 4142 1409 4196 parva.
1494 4123 1664 4176 Burin.
1702 4121 1792 4173 Nil
1824 4135 2055 4184 mutern3
2095 4123 2295 4196 quippe
2322 4137 2510 4174 sensus

407 4202 568 4271 Quod
591 4202 866 4277 sequentia
891 4202 1128 4270 firmant,
1153 4203 1279 4276 quia
1303 4219 1412 4253 non
1493 4201 1690 4272 vulgat.
1716 4219 1814 4273 per
1835 4219 1894 4254 se
1924 4199 2115 4253 elucet.
2140 4203 2232 4253 En.
