3200 5117
791 566 912 632 368
1291 569 1382 631 Μ.
1432 568 1679 631 FABll
1729 566 2367 649 chleLlAM

786 693 870 762 de
903 693 1332 790 impatientia
1369 720 1525 763 mea
1557 693 1919 762 fatendum
1954 712 2089 779 est,
2125 692 2369 762 eadem
2406 711 2641 761 mente
2676 689 2885 761 nolui

786 808 1003 894 mori,
1045 836 1266 905 quum
1309 809 1694 895 abdicares,
1732 834 1871 905 qua
1906 833 2047 877 non
2087 806 2270 897 bibi,
2311 834 2532 903 quum
2576 806 2877 904 juberes.

786 922 917 991 Sed
937 923 1159 993 fruere
1180 923 1424 992 iterum
1443 980 1459 1012 ,
1480 924 1705 990 fruere
1723 919 1968 1018 saepius
1987 921 2417 992 confessione
2441 943 2576 991 tam
2599 921 2885 1009 misera3

787 1058 851 1106 et
886 1038 1049 1133 quia
1078 1039 1315 1108 oculos
1347 1038 1739 1135 spectaculo
1772 1066 1912 1108 non
1954 1037 2146 1108 licuit
2185 1038 2509 1136 implere,
2545 1038 2885 1108 satientur

784 1180 1013 1240 aures;
1046 1153 1228 1224 volui
1262 1155 1437 1224 mori
1463 1181 1475 1223 :
1506 1154 1762 1253 adjice,
1790 1155 1844 1224 si
1872 1153 2167 1243 videtur,
2198 1153 2375 1224 hanc
2405 1153 2606 1224 malis
2632 1151 2883 1223 nostris

786 1271 1319 1361 contumeliam,
1364 1294 1442 1343 ut
1482 1272 1895 1368 interroges,
1938 1299 2150 1367 quare
2193 1272 2509 1342 abdicare
2553 1297 2665 1340 me
2704 1268 2883 1339 sub-

786 1387 950 1458 inde
981 1388 1298 1458 voluisti?
1337 1391 1528 1478 Quid
1566 1390 1696 1478 ais,
1744 1417 1975 1460 rerum
2013 1411 2267 1460 naturae
2309 1387 2565 1487 pietas?
2600 1387 2692 1457 ita
2716 1385 2882 1484 jus-

784 1504 983 1574 tiores
1002 1533 1236 1575 causas
1257 1507 1463 1577 hahet
1485 1507 1910 1604 impatientia
1926 1565 1942 1594 ,
1962 1534 2175 1603 quam
2198 1532 2568 1602 corporum
2583 1504 2880 1590 damna,

785 1646 996 1717 quam
1029 1621 1436 1692 facultatum
1471 1622 1681 1693 tristis
1718 1622 2014 1692 eversio?
2042 1622 2111 1691 in
2146 1646 2472 1718 suprema
2506 1617 2884 1717 praecipitat

787 1760 898 1804 me
933 1756 1138 1831 pater.
1180 1740 1278 1805 lta
1308 1764 1448 1805 non
1478 1737 1622 1804 haec
1657 1763 1799 1806 una
1827 1763 1951 1806 vox
1983 1735 2462 1832 complectitur
2492 1759 2736 1804 omnes
2769 1760 2885 1803 ca-

784 1849 1169 1920 lamitates?
1207 1876 1350 1919 non
1395 1848 1736 1919 videmini
1782 1876 1972 1919 nunc
2010 1848 2200 1918 vobis
2244 1848 2591 1920 universos
2633 1848 2880 1919 audire

785 1965 1108 2034 miseros?
1134 1964 1477 2061 possimus
1496 1963 1795 2034 fortassis
1814 1963 2106 2034 aliorum
2131 1963 2585 2034 accidentium
2605 1989 2878 2060 sperare

787 2081 1038 2151 finem:
1075 2107 1214 2148 non
1250 2079 1510 2149 habent
1540 2080 2015 2178 proximorum
2046 2080 2205 2150 odia
2234 2106 2647 2177 regressun13
2679 2105 2878 2178 quae-

784 2223 1061 2294 cunque
1103 2223 1314 2266 nexus
1354 2223 1678 2294 accepere
1716 2217 2012 2285 naturae,
2070 2216 2138 2265 et
2174 2222 2323 2293 quae
2364 2195 2703 2291 sanguine
2736 2194 2879 2265 vis-

785 2311 1189 2406 ceribusque
1231 2312 1592 2383 constricta
1632 2333 1827 2400 sunt,
1865 2338 2008 2381 non
2048 2311 2361 2382 laxantur
2395 2310 2711 2399 diducta,
2752 2311 2877 2381 sed

786 2447 1093 2524 pereunt.
1130 2427 1303 2513 Quae
1342 2426 1425 2495 de
1459 2427 1687 2524 primo
1724 2448 1959 2497 tenore
1994 2427 2313 2498 nascendi
2348 2427 2456 2497 vix
2490 2427 2559 2497 in
2597 2447 2876 2497 contra-

789 2541 964 2610 rium
990 2540 1154 2609 victa
1182 2540 1586 2630 deflectunt,
1613 2542 1870 2639 diuque
1892 2542 2238 2639 pravitatis
2259 2569 2396 2612 suae
2421 2542 2639 2639 rigore
2663 2541 2877 2612 dura-

784 2679 884 2745 ta,
915 2685 1069 2726 mox
1099 2658 1164 2726 in
1199 2657 1576 2755 pristinum
1607 2687 1887 2730 cursum
1917 2659 2200 2730 remissa
2229 2686 2367 2729 non
2403 2658 2727 2745 redeunt,
2752 2658 2873 2729 sed

784 2794 1004 2842 totum
1043 2773 1317 2870 pondus
1352 2802 1734 2872 omnesque
1768 2776 1942 2845 vires
1983 2774 2308 2845 inclinata
2348 2795 2733 2860 traxerunt3
2763 2771 2874 2843 vi-

784 2915 980 2985 gore,
1015 2916 1152 2984 quo
1184 2890 1311 2961 sibi
1346 2893 1679 2987 permissa
1713 2892 2110 2978 crevissent,
2146 2891 2213 2961 in
2247 2891 2456 2988 ipsius
2479 2889 2626 2959 vitii
2662 2888 2873 2959 robur

784 3005 1206 3078 adolescunt.

879 3123 1062 3192 Xlll.
1105 3125 1182 3192 In
1207 3122 1336 3193 hoc
1364 3145 1500 3195 tota
1523 3146 1621 3195 est
1645 3123 2045 3212 difficultas»,
2069 3146 2142 3195 ut
2163 3124 2446 3222 incipiat
2471 3150 2610 3194 non
2638 3145 2871 3192 amare

783 3235 1003 3306 filium
1042 3259 1230 3334 pater
1266 3265 1278 3307 :
1331 3237 1461 3307 hoc
1503 3266 1726 3335 quum
1756 3240 2055 3308 frontem
2103 3238 2545 3309 confessionis
2590 3235 2870 3334 accipit,

783 3351 1046 3448 reliqua
1091 3352 1418 3450 praecipiti
1459 3355 1689 3423 furore
1727 3351 2141 3441 dccu1·runt;
2180 3375 2243 3424 et
2283 3351 2597 3423 redituris
2637 3349 2873 3421 carita·

780 3468 960 3540 tibus
1010 3469 1260 3557 obstat,
1307 3468 1651 3566 quidquid
1695 3468 2039 3539 obstiterat
2077 3469 2284 3539 odiis:
2328 3466 2541 3539 semel
2588 3467 2714 3536 sibi
2754 3492 2872 3565 pa-

780 3608 1003 3656 rentes
1034 3586 1372 3683 liberique
1415 3606 1808 3674 mutantur,
1852 3586 2063 3657 semel
2099 3586 2530 3656 auferuntur.
2567 3583 2828 3654 Felices
2851 3640 2869 3672 ‚

779 3700 896 3795 qui
927 3700 1185 3771 habent
1212 3701 1282 3769 in
1311 3700 1729 3770 conscientia
1758 3728 1879 3771 sua
1910 3700 2097 3799 quod
2127 3700 2425 3771 debeant
2454 3698 2864 3789 emendare,

778 3811 1141 3909 corrigere!
1171 3813 1286 3882 illa
1308 3813 1596 3883 demum
1626 3835 1844 3911 potest
1869 3814 1967 3884 ira
1992 3814 2335 3902 desinere,
2355 3840 2504 3912 quae
2521 3812 2773 3885 coaluit
2787 3839 2871 3884 ex

776 3929 947 3998 vitiis
978 3929 1377 4000 liberorum.
1410 3932 1556 4028 Ego
1589 3930 1759 4026 quid
1794 3930 2013 4019 faci0‚
2050 3930 2161 4000 cui
2199 3957 2341 4001 non
2381 3930 2687 4016 luxuria,
2720 3956 2866 3999 non

777 4067 875 4117 est
908 4046 1242 4117 mutanda
1273 4046 1699 4145 petulantia?
1737 4048 1934 4145 cujus
1968 4044 2317 4117 abdicatio
2350 4072 2496 4116 non
2532 4043 2615 4114 de
2651 4043 2863 4131 meiS‚

775 4161 895 4233 sed
920 4161 1005 4233 de
1033 4163 1242 4260 patris
1273 4164 1581 4235 moribus
1608 4163 1834 4234 venit?
1857 4165 2105 4234 frustra
2132 4162 2303 4233 mihi
2331 4161 2862 4249 exhortationeS,

775 4278 1020 4351 frustra
1052 4277 1505 4353 blandientur
1532 4305 1709 4351 vana
1743 4279 2021 4352 solatia:
2057 4279 2398 4370 homini5‚
2430 4305 2643 4378 quem
2672 4297 2867 4376 pater
