3200 5117
806 565 925 645 148
1295 567 1388 627 Μ.
1440 563 1687 627 FABII
1731 565 2367 645 QUINTILIANI

793 689 948 760 fuit.
979 686 1378 758 Abstulerat
1409 687 1694 784 quidem
1727 686 1851 757 tibi
1885 687 2118 759 oculos
2152 686 2413 760 nimius
2448 689 2771 780 affectuS,
2809 713 2876 761 et

799 802 883 874 de
912 802 1223 901 quinque
1257 828 1489 874 rerum
1524 802 1839 872 sensibus
1867 829 2024 900 pars
2054 830 2197 872 una
2229 802 2560 891 cessabat,
2592 825 2657 874 et
2684 825 2886 875 tene-⁶

796 917 951 988 bras
974 931 1020 1007 ¹,
1056 917 1263 988 etiam
1298 916 1496 988 salvis
1540 914 1928 986 luminibus
1961 914 2290 1007 alternaS,
2331 918 2663 989 continua
2694 932 2717 961 ²
2738 945 2873 989 nox

799 1030 1100 1101 duxerat.

892 1145 1081 1215 xvl.
1116 1144 1346 1245 Majus
1372 1166 1467 1216 est
1501 1165 1732 1230 tamen
1761 1144 2065 1232 malum,
2093 1144 2280 1240 quod
2305 1145 2400 1214 sic
2436 1145 2676 1215 fletur:
2703 1172 2868 1216 nam

797 1280 872 1328 ut
918 1259 1163 1330 merito
1196 1259 1391 1357 queri
1426 1259 1636 1357 possit
1669 1258 1927 1329 ablatas
1963 1258 2248 1328 videndi
2286 1259 2659 1358 voluptates
2679 1247 2702 1346 ,⁸
2731 1261 2872 1330 im-

793 1374 1060 1472 peditos
1083 1401 1314 1445 rerum
1335 1394 1551 1462 actus3
1577 1394 1811 1445 tamen
1836 1374 1889 1445 si
1916 1402 2056 1445 non
2082 1374 2303 1471 iniqui
2316 1374 2583 1472 judices
2603 1402 2867 1465 sumuS,

796 1514 921 1558 nec
940 1489 1317 1561 ambitione
1341 1489 1573 1560 miseri
1594 1510 1786 1579 sunt,
1807 1490 1927 1587 qui
1953 1489 2212 1560 mederi
2234 1488 2558 1587 possint-³,
2581 1493 2870 1563 referam

793 1629 937 1674 non
981 1604 1206 1675 solum
1253 1633 1389 1700 qua
1432 1605 1772 1676 vincenda
1816 1605 2026 1693 mihi,
2061 1605 2179 1675 sed
2224 1606 2444 1701 magis
2487 1606 2694 1676 etiam
2730 1635 2868 1704 qua

793 1718 1213 1790 consolanda
1238 1742 1362 1791 est:
1389 1748 1551 1790 nam
1578 1720 1864 1816 quando
1889 1748 2097 1792 omne
2116 1741 2542 1794 tormentum
2570 1723 2866 1819 corporis

788 1833 1015 1918 abest,
1049 1832 1381 1931 dolorque
1415 1835 1931 1923 membrorum,
1971 1835 2090 1932 qui
2128 1854 2339 1904 totam
2379 1834 2868 1930 cogitationem

792 1951 864 2019 in
896 1976 967 2021 se
998 1951 1207 2048 rapit,
1242 1950 1533 2020 feliciter
1566 1972 1807 2040 cessat,
1845 1971 2148 2048 superest
2171 1973 2252 2021 ut
2283 1950 2535 2021 cruciet
2569 1951 2866 2021 nimium

791 2064 1009 2135 otium
1037 2121 1055 2150 ‚
1100 2084 1166 2133 et
1206 2062 1474 2133 assidua
1519 2063 1715 2159 quies
1740 2121 1758 2152 ,
1804 2090 1948 2151 reS,
1984 2063 2036 2133 si
2079 2090 2222 2134 non
2263 2063 2400 2133 sint
2431 2063 2865 2151 necessitate,

780 2176 1138 2275 jucundae.
1170 2179 1349 2246 Nam
1386 2176 1565 2247 visus
1602 2175 1943 2247 damnum
1973 2178 2273 2248 sarciunt
2307 2176 2586 2272 reliquae
2620 2176 2867 2275 volup-

789 2311 993 2378 tate5‚
1044 2290 1253 2374 odor,
1303 2311 1573 2385 gustus,
1624 2313 1879 2379 tactuS,
1924 2292 2240 2363 auditus:
2294 2291 2545 2389 quibus
2595 2291 2865 2363 tametsi

791 2405 1019 2473 deesse
1053 2430 1404 2473 summam
1436 2404 1798 2474 fatendum
1831 2427 1960 2492 est,
1993 2433 2132 2476 non
2161 2427 2262 2476 est
2284 2425 2516 2476 tamen
2545 2406 2864 2478 maximae

790 2514 1192 2586 calamitatis
1224 2516 1372 2586 loco
1402 2519 1838 2589 numeranda
1864 2546 2111 2618 parum
2148 2519 2357 2617 plena
2385 2518 2692 2591 felicitas,
2725 2523 2868 2591 Do-

788 2656 947 2699 mus
986 2650 1161 2700 certe
1200 2631 1510 2728 propria,
1550 2633 1902 2730 lectusque
1941 2633 2258 2730 genialis,
2302 2656 2676 2706 conventus
2709 2662 2868 2734 pro-

789 2745 1240 2843 pinquorum,
1263 2772 1487 2816 sermo
1508 2748 1920 2835 amicorum,
1946 2749 2114 2847 ipsa,
2134 2750 2321 2847 quod
2343 2776 2491 2819 raro
2507 2749 2861 2847 contingit,

789 2859 1074 2931 honesta
1127 2862 1479 2933 calamitas
1503 2861 1557 2950 4,
1607 2882 1673 2933 et
1723 2863 1796 2934 in
1850 2891 2294 2959 quacumque
2342 2865 2618 2936 fortuna
2668 2865 2864 2936 beata

1865 3081 1971 3130 sius
1991 3081 2207 3132 secund.
2227 3100 2286 3131 ex
2304 3082 2453 3150 cujus
2475 3077 2643 3130 ultimi
2664 3076 2862 3128 codicis

1865 3164 2089 3230 vestigiis
2113 3163 2229 3231 lego
2250 3183 2259 3210 ε
2294 3185 2314 3207 α
2336 3162 2447 3211 Nec
2468 3158 2753 3210 ambitione
2774 3161 2865 3208 mi·

786 3073 983 3138 dicari,
1018 3075 1109 3126 sed
1136 3097 1301 3128 causae
1330 3081 1589 3148 aequitate.
1616 3079 1780 3129 Romu.

866 3171 881 3202 ι
896 3193 906 3203 .
923 3154 994 3204 Ee
1014 3156 1252 3207 tenebras.
1275 3157 1377 3206 Sed
1394 3157 1618 3208 tenebras
1638 3155 1754 3225 lego
1767 3194 1784 3221 ,

788 3231 976 3300 quibus
994 3233 1222 3284 ostendit
1236 3251 1342 3283 non
1360 3235 1521 3285 fuisse
1537 3234 1678 3284 illam
1698 3251 1787 3285 ca-

784 3307 1069 3361 lamitatem
1103 3313 1278 3361 uxoris
1296 3349 1311 3376 ,
1337 3330 1493 3382 quam
1521 3313 1636 3381 ipsa
1663 3311 1785 3362 velit

786 3389 961 3440 videri.
998 3391 1063 3439 Et
1100 3391 1290 3443 deinde
1327 3394 1496 3461 majus
1525 3402 1597 3442 est
1628 3391 1784 3442 etiam

786 3466 986 3517 malum
999 3505 1016 3531 ,
1036 3469 1173 3538 quod
1194 3471 1460 3545 sicfletur,
1482 3472 1556 3520 ita
1577 3469 1685 3520 duo
1706 3489 1785 3520 re-

784 3550 916 3616 gerit
957 3547 1205 3601 adversus
1241 3548 1510 3602 mulierem
1551 3549 1785 3619 allegan-

784 3641 890 3678 tem
915 3629 1159 3679 caecitatis
1183 3633 1458 3681 miseriam.

856 3725 905 3758 2.
925 3706 1205 3761 Alter-nans
1226 3711 1475 3763 continua
1502 3730 1606 3764 nox
1627 3714 1785 3764 duxe-

787 3799 880 3840 rat.
914 3787 1171 3842 Alternus.
1204 3790 1349 3842 Leid.
1386 3812 1465 3863 pr.
1488 3796 1638 3844 Voss.
1675 3812 1777 3846 sec.

785 3868 952 3920 Colin.
979 3869 1167 3922 Vidov.
1197 3872 1329 3925 Obr.
1360 3886 1412 3924 et
1440 3887 1615 3926 reete:
1647 3878 1784 3927 Ante

786 3950 1069 4000 caecitatem
1116 3949 1324 4002 alternae
1366 3965 1513 4003 erant
1555 3952 1782 4006 tenebrae

785 4044 880 4097 per
906 4027 1043 4076 vices
1071 4030 1240 4080 noctis
1273 4041 1326 4080 et
1357 4028 1491 4096 diei,
1516 4048 1646 4102 quas
1672 4034 1784 4101 jam

785 4105 1060 4158 continuas
1085 4106 1208 4157 fecit
1226 4109 1452 4159 caecitas.

857 4182 905 4234 3.
940 4183 1117 4236 Miseri
1151 4195 1273 4235 sunt
1302 4186 1394 4256 qui
1434 4187 1629 4238 mederi
1664 4205 1784 4258 pos-

788 4264 905 4315 ints
924 4264 1062 4315 Inter
1083 4264 1274 4318 multos
1299 4265 1506 4319 codices
1525 4286 1630 4320 var.
1649 4269 1779 4321 Vos-

1872 3262 1892 3283 σι
1913 3241 2012 3289 seri
2053 3254 2205 3302 sunt,
2241 3238 2429 3309 quibus
2463 3238 2661 3288 mederi
2694 3237 2864 3307 possi-

1872 3338 2106 3385 umus‚»
2152 3320 2328 3391 quibus
2368 3321 2423 3371 in
2463 3319 2556 3388 qui
2598 3316 2676 3369 his
2717 3315 2859 3368 latet.

1864 3398 2167 3449 Ambitione
2191 3411 2365 3448 autem
2390 3398 2560 3447 miseri
2590 3408 2743 3458 sunt,
2770 3398 2860 3467 qui

1865 3474 2052 3527 nolunt
2093 3474 2192 3526 sibi
2234 3474 2547 3526 medicinam
2592 3471 2863 3537 adhiberi,

1864 3558 1987 3628 quia
2014 3557 2220 3606 miseria
2250 3574 2344 3607 sua
2375 3557 2538 3625 magis
2567 3573 2620 3606 ee
2654 3573 2862 3605 movero

1865 3635 2101 3688 homines
2125 3635 2347 3687 credunt
2373 3649 2424 3688 et
2449 3636 2600 3706 plura
2626 3635 2864 3687 obtinere

1862 3735 2050 3788 posse,
2072 3735 2229 3786 quam
2253 3719 2296 3768 si
2320 3716 2387 3768 ad
2407 3718 2682 3769 sanitatem
2703 3714 2862 3767 redie-

1862 3799 1993 3848 rint:
2023 3800 2120 3849 nisi
2143 3796 2333 3849 mederi
2351 3801 2558 3870 passive
2578 3798 2861 3868 acceperit,

1863 3887 1914 3926 et
1933 3875 2212 3946 legendum
2235 3877 2326 3940 sit,
2347 3876 2529 3947 quibus
2546 3874 2740 3926 mederi
2752 3892 2863 3945 pos·

1861 3956 1954 4006 sit.-
1984 3971 2033 4008 et
2058 3958 2127 4009 ita
2153 3958 2294 4027 cepit
2318 3957 2615 4010 Ascensius.
2644 3958 2807 4007 Bona.

1933 4034 1982 4099 4.
2014 4035 2242 4086 Honesta
2271 4033 2553 4085 calamitas.
2581 4033 2741 4086 Recte
2770 4052 2862 4084 ex·-

1862 4112 2021 4182 plicat
2050 4114 2359 4178 Ascensum,
2392 4130 2507 4184 quae
2546 4112 2764 4179 contigit
2798 4128 2858 4161 ex

1860 4209 2016 4242 causa
2051 4190 2334 4255 laudabili,
2371 4204 2591 4261 propter
2626 4206 2858 4239 amorem

1860 4270 2077 4320 nimium
2108 4287 2232 4340 ergo
2253 4270 2538 4330 maritum3
2571 4280 2627 4318 ut
2658 4261 2732 4318 ἵει
2764 4264 2861 4316 ho·-
