3200 5117
829 523 950 596 44‘2
1451 519 1572 583 EX
1619 519 2281 600 QUINTILIASO

824 668 1011 712 sacra
1045 666 1162 713 est.
1207 643 1439 712 Primo
1469 642 1643 712 nihil
1676 643 2041 738 derogant,
2090 643 2221 713 nisi
2252 663 2463 712 totam
2501 613 2953 736 in'sepultu-

824 783 1002 843 ram3
1054 755 1301 826 deinde
1334 756 1754 828 beneficium
1791 780 1887 828 est
1920 780 2335 857 exspectare,
2384 756 2557 828 dum
2588 755 2941 825 moritur.

824 870 1068 941 Adhuc
1098 897 1340 967 negem,
1382 872 1885 970 rempublicam
1914 900 2055 942 esse
2088 872 2317 943 laesam
2343 897 2358 940 :
2388 892 2603 941 recte:
2638 895 2787 940 non
2832 892 2943 937 est

823 985 1010 1072 laesa,
1043 986 1208 1083 quia
1235 987 1611 1085 plusquam
1643 988 1798 1057 laesa
1831 1010 1951 1058 est.
1979 989 2135 1057 Non
2165 1009 2262 1057 est
2286 985 2719 1084 respublica,
2751 982 2945 1081 quja

821 1126 964 1170 non
1006 1100 1155 1198 jam
1203 1128 1304 1171 res
1352 1122 1468 1171 est.
1508 1144 1605 1155 --
1647 1105 1724 1172 L.
1773 1101 2020 1172 Adhuc
2067 1129 2210 1172 non
2258 1101 2461 1198 pauci
2513 1119 2791 1170 restant.
2824 1140 2941 1151 —

825 1215 911 1281 A.
976 1214 1352 1285 Considera
1378 1273 1396 1302 ,
1446 1216 1733 1312 quales:
1782 1238 1904 1287 aut
1946 1215 2345 1312 exsanguis,
2391 1236 2516 1286 aut
2556 1235 2933 1285 satur-est:

821 1355 1066 1399 omnes
1117 1356 1278 1426 ergo
1321 1358 1361 1401 a
1410 1330 1615 1400 nobis
1662 1332 2133 1429 imprecantur
2160 1389 2179 1421 ,
2234 1351 2359 1402 ant
2401 1356 2546 1401 non
2592 1328 2933 1400 credunt.

822 1444 1084 1514 Ultima
1139 1466 1282 1515 erat
1329 1445 1676 1533 defensin,
1736 1474 1951 1543 quam
2000 1446 2111 1518 hic
2167 1447 2393 1517 aufert
2436 1472 2451 1514 :
2506 1443 2937 1515 videbamus

821 1560 969 1658 ejus
1015 1587 1222 1658 opera
1256 1560 1539 1659 impulsi
1577 1589 1591 1632 2
1643 1563 1697 1633 si
1740 1563 1846 1633 hie
1885 1563 2221 1634 innocens
2257 1582 2396 1649 est,
2442 1580 2672 1631 nostra
2706 1557 2937 1656 culpa

820 1697 941 1746 est.
970 1720 1066 1729 —
1089 1678 1165 1746 L.
1201 1680 1477 1766 Fateor,
1523 1679 1703 1749 mori
1743 1680 1967 1750 merui
2003 1708 2016 1750 :
2061 1678 2374 1750 occidite.
2412 1677 2612 1747 -Α,
2654 1679 2746 1746 At
2782 1674 2931 1745 hoc

824 1793 993 1863 mihi
1019 1794 1264 1892 optavi.
1293 1838 1386 1847 —
1411 1797 1489 1865 L.
1523 1796 1833 1868 Laniate.
1855 1799 2059 1867 —A.
2092 1799 2183 1867 At
2202 1798 2335 1867 hoc
2353 1794 2695 1866 mortibus
2731 1794 2927 1865 ‘sech

825 1911 1017 1978 ——L.
1070 1910 1301 2008 Majus
1355 1912 1620 2009 reperi,
1673 1933 1792 1983 aut
1837 1912 2361 1985 absolve.—-A.
2411 1909 2613 1999 Quid
2662 1935 2925 2005 agam,

812 2022 1117 2122 judiceS‚
1150 2028 1413 2115 nesci0,
1456 2055 1584 2099 nec
1616 2029 1840 2100 vivere
1874 2029 2117 2116 debet,
2148 2055 2274 2100 nec
2304 2026 2392 2098 ad
2426 2046 2725 2097 mortem
2756 2025 2925 2095 satis

819 2139 1047 2212 bonus
1083 2165 1201 2213 est.

819 2373 1682 2395 ῊΜΜΜΜΜἏΒΜ
1692 2381 1777 2398 m
1791 2377 2071 2397 mmm
2081 2374 2659 2396 mmmm
2668 2374 2917 2394 mm·

1336 2544 1662 2641 APES
1728 2540 2397 2619 PAUPERIS.

1511 2781 2209 2841 ARGUMENTL’M.

820 2912 1075 2994 Pauper,
1106 2931 1166 2975 et
1194 2916 1363 2976 dives
1393 2918 1583 2977 vicini
1614 2933 1810 2976 erant.
1850 2917 2041 2975 Diviti
2083 2917 2148 2974 in
2183 2913 2369 2973 horto
2404 2913 2619 2986 flores»,
2651 2915 2907 2996 pauperi

896 3033 1059 3094 apes,
1089 3013 1349 3088 Questus
1379 3030 1466 3074 est
1495 3016 1666 3074 dives
1694 3017 1982 3096 pauperi,
2014 3014 2192 3073 flores
2221 3011 2500 3093 decerpi:
2537 3009 2909 3085 denunciat,

897 3123 964 3167 ut
990 3132 1130 3191 apes
1160 3113 1503 3173 transferat.
1534 3112 1651 3171 Illo
1679 3134 1807 3171 non
1833 3111 2237 3172 transferente
2256 3156 2271 3185 ,
2297 3111 2476 3169 flores
2499 3129 2642 3170 suos
2666 3129 2903 3170 veneno

897 3213 1146 3289 spargit.
1175 3215 1329 3294 Apes
1359 3226 1635 3293 pereunt.
1668 3216 2003 3271 Accusatur
2029 3210 2199 3269 dives
2222 3209 2439 3268 damni
2464 3209 2696 3289 injuria
2730 3208 2901 3268 illati.

894 3305 1084 3383 (Vide
1108 3329 1293 3390 supra
1318 3309 1594 3369 Declam.
1622 3310 1808 3387 xm.)

916 3513 1212 3611 Pauper.
1257 3512 1335 3585 ld
1372 3516 1717 3612 primum,
1753 3511 2071 3613 judiceS,
2123 3513 2489 3612 deprecor,
2540 3539 2629 3583 ne
2660 3510 2899 3584 taedio-

815 3652 974 3696 sum
1021 3628 1215 3699 vobis
1261 3629 1602 3721 videatur,
1649 3629 1840 3729 quod
1884 3630 2162 3700 divitem
2194 3655 2461 3728 pauper
2502 3641 2710 3725 ago²z
2758 3653 2895 3699 non

817 3767 944 3838 ego
992 3742 1183 3813 enirn
1227 3745 1500 3817 vivendi
1539 3773 1822 3818 causam
1854 3745 2099 3818 video:
2145 3745 2321 3817 sicut
2352 3741 2740 3817 habemus³
2770 3743 2898 3814 ali-

816 3911 1053 3973 rocitate,
1089 3911 1388 3980 legendum.
1416 3914 1682 3967 Posterior
1711 3915 1818 3966 lec·
1898 3917 2132 3968 macione
2151 3917 2397 3967 sumitur.
2412 3914 2668 3966 Mortibus
2688 3913 2891 3982 Bipont.

815 3990 891 4039 tio
934 3993 1020 4042 cui
1059 3991 1325 4060 favemus,
1363 4008 1550 4066 utpote
1587 3997 1758 4048 minus
1789 4014 1818 4047 a
1974 4012 2021 4046 2.
2058 3995 2269 4064 Pauper
2297 4013 2408 4066 eye.
2445 3993 2525 4044 lta
2552 4005 2667 4044 erat
2702 3992 2757 4044 in
2794 3990 2893 4044 HS.

816 4085 960 4124 textu
985 4073 1195 4140 alienae,
1219 4080 1355 4130 inest
1377 4078 1590 4149 Bipont.
1618 4080 1708 4130 Eu.
1899 4075 1992 4126 sed
2016 4094 2150 4127 corr.
2175 4094 2292 4147 ayo.
2318 4076 2532 4126 Dictum
2554 4087 2733 4125 autem
2756 4070 2894 4123 vide·

895 4171 911 4204 1
927 4193 937 4203 .
955 4154 1096 4207 Mors
1103 4155 1233 4225 feci.
1243 4158 1348 4222 An,
1360 4159 1604 4211 mortibus
1612 4156 1819 4229 feci?id
1898 4171 2001 4223 tur,
2024 4176 2124 4228 pro
2146 4175 2246 4229 ayo
2266 4176 2431 4209 reum.

811 4249 896 4288 est
918 4236 1287 4302 cadaveribus,
1309 4253 1366 4291 ut
1387 4241 1541 4293 toties
1555 4242 1609 4292 in
1628 4238 1820 4292 Decla-
1969 4238 2021 4290 3.
2037 4237 2182 4297 Sicut
2201 4239 2462 4292 habemus.
2483 4237 2543 4290 St·
2558 4237 2731 4302 enisu,
2748 4249 2891 4307 puto.
