3200 5117
723 561 923 670 EX
994 567 2046 724 QUINTILIANO

817 870 1942 1020 EXCERPTA.

337 1229 869 1254 &mmm-vm

743 1461 1219 1540 CAECUS
1286 1463 1426 1541 IN
1492 1457 2028 1541 LIMINE.

1049 1747 1720 1808 ARGUMENTUM.

335 1913 429 1975 Ex
467 1914 756 1976 incendio
794 1914 1015 1976 domus
1053 1914 1409 1977 adolescens
1444 1929 1683 1998 patrem
1712 1916 1961 1976 extulit:
1988 1916 2142 1977 dum
2173 1929 2433 1978 matrem

419 2013 697 2094 repetiit,
731 2025 793 2071 et
820 2014 1021 2095 ipsam
1040 2058 1055 2085 ‚
1079 2026 1140 2073 et
1163 2012 1376 2073 oculos
1405 2014 1631 2073 amisit.
1656 2012 1914 2073 Induxit
1937 2015 1991 2072 ei
2015 2027 2190 2096 pater
2212 2036 2437 2075 nover-

419 2128 578 2168 cam.
606 2109 752 2169 Haec
780 2128 843 2168 se
866 2111 1082 2169 incesti
1107 2132 1143 2168 a
1166 2130 1334 2170 coeco
1360 2111 1565 2191 appeti
1596 2110 1754 2191 patri
1789 2110 2098 2187 insinuat3
2125 2132 2435 2172 venenum

418 2205 602 2264 etiam
631 2203 721 2264 illi
746 2206 987 2287 parari,
1018 2205 1186 2285 quod
1222 2205 1465 2285 juvenis
1496 2207 1578 2264 in·
1597 2207 1745 2266 sinu
1773 2204 2063 2266 haberet:
2101 2208 2219 2266 sibi
2251 2208 2443 2268 dimi-

418 2302 586 2361 diam
608 2299 927 2361 bonorum
953 2314 1191 2384 partem
1219 2303 1619 2383 promissam,
1648 2316 1720 2361 ut
1743 2303 2043 2384 porrigat.
2071 2306 2335 2365 Intravit
2356 2304 2437 2366 ad

420 2419 646 2458 caecum
676 2411 887 2480 pater:
923 2399 1298 2479 interrogat,
1335 2420 1416 2459 an
1439 2419 1581 2458 vera
1610 2385 1751 2459 sint.
1785 2399 1894 2459 llle
1919 2416 2125 2482 negat.
2154 2403 2442 2486 Exquirit

421 2496 765 2577 reperitque
785 2496 1061 2555 insutum
1085 2517 1420 2555 venenum:
1450 2497 1674 2576 quaerit
1695 2496 1793 2556 cui
1815 2512 2104 2578 parasset.
2132 2498 2241 2559 llle
2264 2512 2439 2562 tacet.

420 2591 670 2650 Recedit
693 2605 888 2672 pater,
914 2606 1003 2666 et,
1031 2605 1273 2652 mutato
1303 2605 1668 2653 testamento
1686 2637 1703 2668 ‚
1734 2614 2065 2654 novercam
2093 2596 2251 2655 facit
2273 2595 2442 2658 here-

424 2689 587 2749 dem.
616 2689 847 2749 Eadem
873 2705 1052 2750 nocte
1075 2692 1358 2773 strepitus
1384 2692 1449 2750 in
1475 2691 1667 2751 domo
1696 2691 1835 2750 fuit.
1862 2693 2126 2753 Familia
2151 2696 2437 2756 intravit:

423 2788 696 2846 occisum
722 2788 990 2863 invenit,
1018 2809 1347 2849 novercam
1365 2788 1543 2869 juxta
1565 2802 1888 2848 mortuum
1914 2788 2247 2852 dormienti
2272 2796 2439 2854 simi-

421 2883 577 2961 lem,
607 2886 903 2968 parietem
936 2889 1237 2968 sanguine
1261 2886 1623 2970 palpatum,
1659 2907 1891 2948 caecum
1923 2889 1991 2947 in
2025 2888 2241 2950 limine
2270 2895 2442 2953 cubi·

421 2983 544 3044 culi
587 2984 681 3043 sui
724 2996 1024 3057 stantem,
1066 2983 1343 3065 gladium
1386 2983 1518 3064 ejus
1559 2985 1672 3043 sub
1718 2983 1980 3066 pulvino
2023 3000 2438 3049 cruentatum.

420 3081 685 3142 Accusat
707 3101 937 3141 caecum
964 3102 1247 3142 noverca.
1272 3080 1462 3161 (Vide
1486 3101 1670 3162 supra
1703 3080 2039 3141 Declamm.
2073 3084 2132 3158 1,
2161 3097 2223 3143 et
2247 3083 2358 3164 11.)

432 3323 771 3421 Noverca.
799 3323 1018 3395 Miror
1043 3349 1187 3393 non
1208 3319 1457 3393 sentire
1476 3347 1618 3410 VOS,
1637 3340 1859 3419 patres
1878 3319 2270 3418 conscripti,
2296 3340 2440 3392 tan·

346 3458 577 3509 torum
596 3435 942 3509 malorum
966 3457 1112 3508 tam
1140 3437 1484 3509 evidentes
1506 3435 1968 3534 probationes,
1986 3434 2341 3534 pudetque
2365 3434 2437 3506 in

346 3572 538 3624 tanta
568 3550 774 3624 turba
802 3579 1032 3624 rerum
1064 3579 1187 3652 per
1217 3579 1286 3625 se
1318 3551 1760 3649 loquentium
1799 3551 2180 3622 accusantis
2207 3551 2441 3628 subire

347 3694 671 3766 operam:
712 3693 855 3739 non
886 3689 985 3739 est
1024 3695 1200 3766 opus
1234 3668 1491 3758 verbis,
1522 3670 1579 3740 si
1624 3694 1856 3738 rerum
1897 3665 2218 3739 ordinem
2260 3689 2439 3740 recte

348 3784 723 3874 aestimetis3
772 3785 1014 3883 cogitis
1060 3806 1331 3872 tamen3
1389 3806 1453 3856 et
1496 3783 1723 3856 dicam
1772 3782 2039 3874 minus»,
2084 3811 2298 3883 quam
2332 3811 2441 3855 ac-

346 3919 504 3970 tum
553 3898 656 3970 sit.
696 3943 794 3954 -
835 3900 1320 3995 Quintilianus.
1366 3899 1597 3971 Sentio
1624 3956 1643 3989 ‚
1691 3897 2000 3999 judiceS,
2043 3899 2291 3997 pudori
2329 3898 2441 3999 ju-

344 4012 569 4102 veniS‚
606 4036 730 4113 pro
760 4041 899 4113 quo
934 4014 1320 4086 minimum
1350 4035 1485 4106 est,
1530 4014 1721 4113 quod
1757 4012 2091 4111 parricida
2121 4040 2263 4084 non
2299 4035 2438 4106 est,

347 4127 830 4225 gravissimum
855 4129 1097 4220 videri,
1120 4130 1310 4227 quod
1336 4151 1571 4202 contra
1591 4154 1962 4201 novercam
1979 4128 2440 4201 absolvendus

348 4263 450 4314 est
478 4270 493 4312 :
534 4244 925 4343 plurimum
954 4273 1233 4345 quoque
1264 4273 1438 4319 caeco
1474 4246 1560 4318 de
1592 4244 1963 4318 reverentia
1989 4243 2210 4344 perire
2239 4245 2442 4319 virtu·
