3200 5117
810 547 936 612 386
1311 545 1405 605 Μ.
1457 543 1705 604 FABII
1753 542 2401 624 QUINTILIANI

807 692 1027 772 potest
1058 689 1275 738 mater
1313 666 1707 753 admittere,
1755 666 1942 761 quod
1989 667 2182 766 loqui
2223 695 2368 742 nou
2412 688 2632 769 potest
2662 675 2912 769 pater?

806 786 1167 886 Speciosus
1211 782 1380 853 fuit:
1422 780 1589 851 libet
1632 780 2051 879 interrogare
2094 783 2224 855 hoc
2273 782 2424 856 loco
2470 812 2716 858 omnes
2761 787 2910 859 hu-

806 900 999 974 mani
1039 897 1309 997 generis
1340 896 1653 966 affectus.
1685 894 1919 966 Placet
1951 924 2111 995 ergo
2131 954 2150 985 ,
2177 919 2288 987 ut,
2325 900 2379 970 si
2412 900 2555 972 filio
2581 902 2909 1002 obtigerit

809 1013 1288 1111 indulgentior
1315 1011 1553 1100 facies,
1579 1008 1810 1082 vultus
1841 1012 2159 1104 erectior,
2198 1016 2496 1113 refugiat
2518 1039 2742 1090 mater
2759 1045 2911 1091 am-

805 1129 1081 1232 plexus?
1110 1129 1162 1199 si
1185 1127 1524 1224 virginem
1554 1153 1775 1225 usque
1797 1127 1882 1197 ad
1905 1128 2292 1200 notabilem
2325 1132 2623 1228 speciem
2654 1154 2908 1206 natura

804 1246 1154 1335 formavit,
1199 1244 1441 1314 timeat
1485 1243 1717 1315 oscula
1751 1266 1976 1342 pater,
2016 1244 2428 1344 horreatque
2464 1249 2909 1321 contactum?

807 1364 907 1435 dii
943 1364 1230 1457 deaeque
1261 1357 1439 1429 male
1476 1359 1772 1456 perdant
1816 1382 1959 1432 tam
2006 1361 2450 1460 impudentes
2491 1363 2905 1437 sollicitudi-

803 1509 956 1570 nes,
1003 1501 1143 1551 tam
1188 1475 1483 1547 nefarios
1515 1476 1775 1549 metus!
1813 1504 2024 1576 prope
2070 1500 2171 1550 est
2210 1480 2296 1551 ab
2329 1480 2617 1568 incest0,
2656 1483 2903 1556 timere

802 1625 892 1670 ne
939 1596 1056 1667 fiat
1094 1623 1107 1665 2
1156 1594 1341 1665 malo
1389 1593 1907 1692 simplicitatem
1940 1652 1958 1684 ,
1990 1622 2142 1693 quae
2175 1624 2318 1669 non
2354 1619 2665 1670 vereatur
2711 1600 2903 1671 infa-

802 1713 1050 1798 miam,
1085 1710 1267 1781 malo
1296 1709 1520 1781 nudos
1546 1711 1866 1801 affectus,
1898 1711 2506 1810 inconsultamque
2536 1715 2900 1814 pietatem?

800 1831 974 1903 nihil
1012 1832 1096 1901 de
1132 1856 1199 1900 se
1231 1828 1402 1925 fingi
1424 1885 1442 1915 ,
1478 1828 1653 1898 nihil
1693 1829 1920 1900 credat
1948 1857 2140 1928 posse
2173 1831 2474 1903 narrari:
2516 1852 2747 1904 teneat
2783 1833 2905 1904 in—

802 1947 1239 2033 satiabiliter,
1282 1944 1477 2015 avide
1509 1972 1522 2014 :
1565 1946 1738 2017 tanti
1774 1948 1966 2018 fama
1994 1973 2137 2018 non
2175 1969 2306 2035 est,
2339 1969 2421 2018 ut
2449 1969 2635 2020 amet
2667 1949 2902 2020 filium

800 2084 1022 2135 mater
1056 2059 1519 2132 sollicitudine
1553 2060 1898 2157 pudicitiae
1927 2077 1971 2131 ¹.
2010 2064 2127 2132 Me
2163 2060 2487 2159 quidem,
2529 2064 2807 2153 marite,
2844 2066 2902 2136 si

801 2177 958 2275 quis
1002 2176 1403 2271 interroget,
1441 2201 1684 2246 omnes
1718 2198 1967 2247 matres
2000 2175 2247 2247 liberos
2290 2205 2482 2266 suos,
2533 2200 2902 2277 tamquam

800 2291 1308 2376 adamaverint,
1351 2311 1632 2360 amant:
1671 2290 1934 2361 videbis
1969 2290 2203 2362 oculos
2249 2318 2619 2390 nunquam
2652 2322 2694 2365 a
2720 2295 2902 2367 facie

797 2409 1135 2503 vultuque
1172 2406 1566 2493 deflectere,
1609 2432 1880 2475 comere
1925 2427 2162 2503 caput,
2199 2407 2661 2506 habitumque
2697 2435 2902 2481 com-

799 2550 1092 2623 ponere,
1138 2521 1514 2618 suspirare,
1560 2546 1787 2617 quum
1824 2522 2204 2610 recesserit,
2243 2524 2580 2596 exsultare
2608 2582 2627 2614 ,
2671 2552 2899 2623 quum

797 2637 1098 2724 venerit,
1157 2661 1512 2705 conserere
1565 2660 1866 2724 manuS,
1926 2636 2228 2731 pendere
2278 2638 2701 2729 cervicibus3
2753 2666 2897 2713 non

800 2754 1079 2838 osculis,
1107 2780 1249 2824 non
1276 2751 1673 2848 colloquiiS,
1701 2777 1842 2822 non
1868 2752 2241 2848 praesentiae
2270 2753 2617 2852 voluptate
2646 2756 2894 2828 satiari.

797 2872 952 2940 Hoc
992 2888 1089 2939 est
1126 2894 1286 2964 ergo
1328 2866 1400 2935 in
1441 2886 1583 2936 tam
1620 2866 1923 2937 nefanda
1960 2867 2355 2965 suspicione
2397 2871 2896 2961 saevissimum3

800 2985 1143 3055 incestum
1199 3007 1339 3051 non
1404 3002 1623 3077 potest
1678 2982 1849 3077 fingi
1894 3037 1910 3069 ,
1973 2982 2104 3053 nisi
2170 2982 2255 3053 de
2321 2984 2581 3082 optima
2649 2971 2894 3060 matre.

799 3103 1198 3172 Exsecrarer
1237 3096 1616 3187 mehercle,
1653 3097 1970 3196 judices,
2014 3099 2070 3169 si
2112 3101 2374 3172 crimen
2416 3101 2605 3174 istud
2645 3103 2897 3178 clarius

800 3217 1158 3317 objecisset
1203 3214 1345 3285 filio
1391 3235 1581 3312 pater
1614 3271 1630 3302 ,
1694 3216 1748 3285 si
1805 3242 2022 3313 usque
2069 3217 2155 3288 ad
2202 3218 2573 3291 verborum
2623 3248 2896 3319 proees-

801 3332 993 3404 sisset
1025 3329 1400 3400 amentiam
1434 3357 1447 3399 :
1489 3328 1758 3399 nemini
1790 3330 2025 3400 minus
2063 3333 2166 3402 fas
2202 3359 2343 3403 esse
2375 3332 2581 3405 debet
2613 3335 2895 3407 credere

801 3448 1184 3534 incestum,
1238 3472 1452 3543 quam
1499 3445 1623 3543 qui
1669 3467 1947 3543 propter
1991 3446 2166 3518 illud
2206 3469 2480 3546 paratus
2518 3471 2623 3522 est
2660 3451 2893 3523 filium

801 3563 1134 3640 occidere.

899 3680 1015 3747 XI.
1073 3675 1318 3764 Quid?
1364 3674 1551 3771 quod
1600 3701 1743 3747 non
1788 3675 2000 3747 credis
2042 3697 2353 3767 tantum,
2397 3679 2731 3770 nefande,
2771 3680 2893 3752 sed

801 3789 1083 3891 quaeris?
1114 3790 1206 3860 ita
1235 3811 1310 3861 tu
1342 3795 1484 3860 non
1514 3790 1711 3861 times
1754 3791 2041 3862 monstri
2084 3792 2294 3893 hujus
2326 3794 2628 3894 agitare²
2664 3821 2895 3870 secre-

879 3970 921 4004 ι.
939 3951 1300 4004 Sollicitudine
1320 3951 1601 4022 pudicitiae.
1625 3954 1676 4004 S.
1704 3972 1804 4023 pu·
1957 3969 2004 4005 2.
2031 3953 2261 4029 Ayitare.
2290 3957 2392 4006 Pro
2415 3957 2702 4027 exagitare,
2736 3967 2792 4008 et
2813 3958 2895 4009 in-

801 4033 1106 4096 dice,v0ss.
1127 4051 1208 4102 pr.
1237 4051 1340 4083 sec.
1368 4031 1421 4082 id
1446 4046 1549 4097 est,
1567 4033 1800 4104 pudicae,
1886 4037 2107 4107 quirere.
2134 4039 2203 4088 Ut
2237 4035 2421 4107 paullo
2458 4051 2605 4108 post,
2650 4061 2672 4084 ι
2694 4040 2895 4109 agitare

802 4131 916 4184 quae
941 4111 1110 4163 timuit
1139 4110 1260 4162 inde
1285 4109 1456 4161 labem
1480 4110 1726 4181 pudoris,
1753 4125 1806 4163 et
1892 4136 1913 4159 α
1936 4114 2156 4166 indicia:
2186 4139 2208 4163 ι
2238 4129 2287 4167 et
2314 4116 2461 4168 Decl.
2490 4134 2599 4187 seq.
2631 4140 2654 4165 κ
2672 4119 2892 4187 Agitare

801 4192 1217 4252 malamfamam3
1236 4206 1287 4243 et
1303 4213 1396 4263 per
1407 4192 1550 4244 hunc
1561 4195 1803 4245 timorem
1891 4221 1912 4243 ιι
1934 4209 2210 4249 secretum.
2230 4222 2252 4245 ι
2270 4198 2388 4250 vid.
2407 4198 2474 4249 ad
2495 4201 2638 4267 Vir-g.
2659 4200 2776 4250 AEn.
2800 4201 2892 4266 IV,

801 4275 993 4331 amoris
1006 4274 1232 4328 materni
1244 4275 1319 4326 vis
1338 4274 1606 4326 minuitur.
1624 4275 1717 4326 En.
1883 4275 1949 4346 47
1964 4294 2008 4342 1,
2034 4274 2138 4328 vol.
2162 4276 2236 4342 11,
2258 4296 2316 4349 p.
2336 4278 2438 4332 528
2463 4291 2601 4331 nost.
2627 4276 2712 4332 ed.
2735 4279 2831 4331 Eo.
