3200 5117
791 545 1063 610 Μαι.
1111 546 1308 610 xiv.
1355 545 1570 610 omi
1621 544 1922 609 Porlo
1969 547 2019 610 1.
2140 495 2149 503 ⁴
2339 548 2467 633 319

357 673 514 744 Non
551 669 843 770 quidem
878 697 1044 767 ego,
1069 668 1380 770 judiceS,
1416 697 1497 742 ex
1525 669 1657 742 illis
1691 695 2010 769 unquam
2040 669 2181 759 fui,
2214 669 2470 768 quibus

357 786 629 862 nobiles
663 814 863 886 opeS,
903 784 1275 858 affluentes
1310 785 1604 857 indulsit
1635 785 1919 856 fortuna
1954 783 2260 875 divitias,
2296 812 2437 884 quo
2470 831 2475 836 -

360 932 521 978 rum
549 903 836 976 felicitas
876 931 1118 1003 capere
1158 922 1386 1001 posset
1424 902 1498 972 in
1540 929 1780 974 amore
1822 903 2212 975 luxuriam:
2255 902 2473 974 habui

360 1041 600 1091 tamen
632 1018 822 1091 unde
858 1018 948 1090 ad
976 1018 1134 1089 vitae
1165 1018 1598 1090 necessitates
1635 1043 1955 1090 concessa
1982 1017 2240 1116 gaudia
2268 1044 2475 1117 parca

363 1135 842 1207 mediocritate
886 1133 1365 1206 sufficerent¹:
1411 1132 1712 1233 ideoque
1754 1133 2117 1206 meretrice
2159 1155 2473 1225 tantum,

366 1273 438 1324 et
483 1278 638 1350 quae
684 1251 1059 1354 certissima
1103 1271 1201 1323 est
1244 1250 1319 1322 in
1361 1251 1709 1350 voluptate
1747 1251 2145 1350 frugalitas,
2188 1279 2332 1324 una
2369 1251 2475 1323 fui

366 1392 641 1464 semper
671 1365 1058 1465 eademque
1091 1387 1481 1439 contentuS.

467 1485 589 1553 111.
619 1484 715 1555 At
743 1483 869 1556 ista
894 1484 1072 1555 seria
1091 1541 1111 1575 ,
1141 1486 1368 1584 gravis
1390 1542 1410 1575 ‚
1441 1510 1595 1584 quae
1622 1510 1816 1556 nunc
1844 1485 2063 1556 amari
2094 1504 2363 1558 recusat
2381 1538 2400 1572 ,
2435 1511 2477 1554 o

371 1624 586 1695 quam
611 1596 833 1669 voluit
859 1597 1111 1670 amari!
1144 1598 1399 1697 quibus
1434 1598 1733 1688 artibus»,
1765 1624 1906 1696 qua
1935 1598 2308 1672 calliditate
2338 1597 2479 1670 mi-

372 1739 597 1783 seram
628 1712 1153 1811 simplicitatem
1184 1699 1416 1784 meam
1442 1712 1834 1784 sollicitavit
1852 1713 2202 1812 primum,
2223 1712 2480 1786 deinde

374 1828 639 1919 tenuit,
675 1828 899 1903 donec
930 1828 1637 1927 quantulamcunque
1673 1828 2125 1901 substantiam
2162 1830 2234 1901 in
2269 1829 2482 1932 hujus

373 1945 567 2016 sinus
596 1944 919 2017 credulus
938 1944 1125 2045 jam,
1149 1945 1448 2046 jamque
1471 1971 1756 2017 securus
1787 1966 2057 2018 amator
2081 1943 2484 2044 egererem?

366 2061 522 2161 jam
572 2062 825 2133 frustra
870 2061 1169 2160 captavit
1209 2060 1426 2132 videri
1473 2061 1788 2133 miserari
1842 2060 2360 2152 conditionem,
2410 2062 2481 2133 in

377 2205 594 2277 quam
643 2206 770 2250 nos
814 2178 965 2278 ipsa
1005 2177 1320 2250 detraxit.
1372 2179 1674 2251 Breviter
1709 2199 1934 2251 totum
1978 2177 2486 2252 nocentissima&

378 2292 698 2364 mulieris
734 2292 1018 2392 accipite
1051 2293 1367 2366 facinus:
1411 2319 1798 2392 pauperem
1842 2319 1958 2365 me
1992 2295 2191 2384 fecit,
2232 2292 2487 2365 deinde

379 2407 557 2480 ferre
589 2434 733 2480 non
778 2408 1048 2506 potuit:
1095 2408 1233 2480 sive
1274 2408 1504 2497 enim,
1539 2407 1859 2508 judices,
1903 2409 2486 2498 ²communium,

382 2552 535 2623 quae
578 2527 667 2598 ad
714 2527 1259 2626 corrumpendas
1302 2526 1945 2626 expugnandasque
1989 2548 2258 2599 mentes
2300 2552 2491 2598 exco-

385 2642 603 2739 gitant
639 2642 921 2741 ingenia
961 2643 1451 2731 meretricum,
1492 2641 1757 2741 placuit
1788 2642 2344 2741 experimentum
2370 2698 2389 2732 ,
2426 2661 2495 2713 et

386 2759 463 2830 in
505 2784 634 2831 me·
659 2779 998 2832 tentatum
1034 2780 1176 2847 est,
1221 2778 1567 2857 quantum
1614 2757 1769 2855 quis
1812 2784 2082 2849 amare,
2137 2779 2493 2857 quantum

386 2873 545 2974 quis
574 2895 801 2973 posset
828 2874 1087 2948 odisse:
1122 2900 1242 2947 seu
1271 2872 1524 2945 mulier
1553 2871 1883 2942 omnibus
1913 2871 2218 2969 exposita
2247 2893 2497 2942 morta-

385 2989 612 3083 libus,
647 2991 1024 3064 vanitatem
1061 2989 1343 3064 fastidio
1378 2989 1516 3060 mei
1555 2987 2022 3085 despectuque
2057 2986 2385 3084 captavit;
2430 2985 2496 3056 ei

387 3109 580 3179 fama
620 3107 787 3180 inde
826 3108 1117 3208 quaesita
1155 3127 1293 3198 est,
1332 3125 1415 3177 ut
1450 3132 1490 3177 a
1530 3103 1696 3176 solis
1731 3102 2082 3174 videretur
2121 3098 2341 3172 amari
2377 3099 2501 3172 de-

388 3222 556 3294 bere
583 3223 929 3296 divitibus.
959 3226 1118 3296 Non
1148 3244 1293 3296 erat
1320 3219 1660 3321 profecto,
1696 3207 1885 3317 quod
1916 3216 2155 3317 paullo
2179 3236 2340 3288 ante
2369 3243 2499 3315 pa-

390 3334 638 3424 tiebar,
650 3336 802 3435 jam
822 3358 989 3409 tunc
1008 3359 1236 3410 noster
1254 3337 1548 3408 affectus
1569 3391 1586 3422 ‚
1613 3331 1804 3431 quod
1827 3353 2210 3405 scortorum
2230 3331 2502 3403 foribus

396 3449 747 3522 haerebam
766 3507 785 3540 ,
808 3452 997 3549 quod
1015 3511 1034 3542 ,
1056 3453 1270 3551 siistis
1292 3451 1595 3540 creditiS,
1618 3469 2094 3549 paupertatem
2116 3447 2188 3517 in
2213 3446 2504 3545 lupana-

398 3563 583 3637 rium
612 3565 943 3666 obsequia
970 3567 1451 3639 transtuleram
1478 3594 1493 3637 :
1533 3565 1756 3664 pallor
1785 3584 1851 3636 et
1879 3561 2214 3636 deformis
2250 3561 2503 3633 macies

480 3823 524 3857 1.
545 3807 710 3859 Parca
724 3808 1082 3860 mediocritate
1095 3804 1412 3879 sufficerent.
1502 3829 1523 3852 α
1544 3804 1751 3857 diderat
1767 3842 1783 3870 ,
1816 3803 1961 3857 uude
1993 3805 2161 3857 severi
2187 3802 2508 3854 matrimonii

404 3888 937 3962 Scribe,sufficerem‚
960 3891 1042 3942 Sic
1058 3890 1340 3943 Suetonius
1362 3889 1417 3938 in
1504 3907 1526 3930 ιι
1546 3886 1775 3938 castitati
1800 3885 2085 3937 sufficeret.
2111 3907 2132 3930 n
2162 3883 2329 3935 Gnon.

403 3971 558 4024 claris
581 3971 950 4024 Grammaticis
991 3972 1059 4023 de
1087 3969 1413 4021 Palaemone:
1572 3983 1622 4017 α.
1674 3966 1794 4018 Sive
1840 3965 1979 4016 enim
2008 3963 2217 4036 judices
2226 4000 2243 4028 ,
2277 3978 2510 4014 comma·

410 4074 435 4098 ι
460 4052 700 4103 Luxuriae
720 4053 793 4104 ita
809 4050 1058 4116 indulsit,
1077 4063 1135 4102 ut
1156 4051 1343 4120 saepius
1363 4050 1418 4100 in
1498 4045 1668 4096 nium.
1685 4045 1930 4112 Quorum
1946 4042 2514 4095 communiumPNum·

411 4151 435 4178 ι
455 4130 540 4182 die
562 4130 844 4195 lavaretur,
865 4148 964 4182 nec
986 4129 1253 4181 sufficeret
1271 4146 1418 4179 sum·
1499 4126 1629 4199 quid
1680 4123 2087 4177 medicaminum
2101 4127 2126 4175 ?
2165 4123 2249 4176 vel
2290 4139 2512 4175 venene-

413 4233 437 4260 «
460 4210 658 4282 ptibus.
681 4235 702 4258 n
731 4209 967 4263 Declam.
1000 4209 1061 4262 15
1084 4233 1096 4261 ε
1126 4233 1148 4255 ι
1174 4210 1272 4262 Cui
1295 4227 1419 4262 cum
1501 4207 1653 4258 nrm?
1679 4203 1763 4255 vel
1793 4202 2025 4274 denique
2050 4202 2286 4255 omnium
2302 4240 2321 4269 ,
2350 4212 2513 4271 puto,

417 4313 440 4335 a
464 4293 706 4363 corporis
741 4289 898 4343 bonis
926 4291 1142 4344 fortuna
1178 4306 1288 4342 non
1323 4287 1419 4341 de·
1500 4285 1888 4340 illecebrarum.
1908 4285 2148 4338 (ἔκαιον.
