3200 5117
758 536 1389 606 DECLAMA'rlo
1432 541 1484 603 1.
1532 536 1716 604 PRo
1759 529 2047 604 θεοῦ.
2390 560 2430 626 9

376 659 761 736 minoribus
795 659 1078 760 colligit.
1120 663 1345 732 Nemo
1384 661 1547 732 inde
1580 662 1810 759 coepit,
1854 687 1994 760 quo
2036 658 2431 732 incredibile

376 795 509 861 est,
543 775 941 873 pervenisse.
976 775 1184 846 Dicas
1212 800 1484 846 necesse
1512 795 1641 861 est,
1677 802 1829 872 quae
1859 771 2023 852 luiic
2058 800 2218 846 cum
2250 792 2436 873 patre

378 888 539 959 odia
580 890 865 979 fuerint,
907 917 1121 990 quam
1157 889 1452 963 violenta
1497 889 1831 962 dissensio
1868 890 2045 961 inter
2087 895 2435 961 sacrorum

378 1001 648 1075 infinita
673 1005 1085 1077 nominum¹
1120 1004 1427 1103 pignora.
1473 1003 1727 1091 Crede,
1763 1003 2043 1092 mulier,
2082 1002 2292 1074 etiam
2322 1023 2442 1074 tua

266 1201 271 1208 ι
380 1142 587 1189 causa
620 1146 636 1188 z
682 1145 853 1191 -nam
883 1119 938 1189 si
972 1119 1167 1190 facile
1197 1139 1295 1212 est
1332 1118 1477 1190 filio
1508 1118 1813 1190 occidere
1846 1138 2139 1217 patrem,
2177 1116 2442 1188 facilius

379 1254 483 1305 est
507 1236 699 1305 uxori
726 1236 1084 1305 maritum.
1108 1237 1389 1332 Loquar
1411 1260 1600 1305 nunc
1636 1233 1720 1305 de
1748 1234 2145 1305 infirmitate
2179 1232 2441 1304 miserat

383 1347 717 1418 caecitatis.
744 1347 1122 1418 Temeritas
1145 1347 1373 1420 omnis
1396 1349 1793 1420 animorum
1817 1347 2194 1422 calamitate
2223 1371 2448 1445 corpo-

382 1487 544 1531 rum
590 1460 964 1558 frangitur:
1009 1480 1073 1532 et
1107 1461 1479 1559 frigescunt
1513 1463 1813 1560 impetus
1852 1462 2224 1551 mentium,
2276 1450 2448 1557 quos

388 1602 530 1646 non
555 1575 891 1673 explicant
913 1575 1286 1648 ministeria
1305 1577 1802 1649 membrorum.
1831 1577 1939 1650 Ad
1958 1577 2182 1649 solum
2213 1602 2282 1647 se
2306 1573 2451 1646 alli-

389 1708 553 1784 gant
584 1687 901 1759 destituta
934 1714 1294 1759 moerorem
1310 1702 1361 1758 ².
1405 1689 1655 1761 Vultus
1688 1689 1800 1761 ille
1841 1712 2172 1788 perpetua
2204 1687 2453 1758 3nocte
2520 1737 2524 1741 »

387 1820 752 1898 coopertus
779 1827 858 1872 ac
885 1800 1175 1872 timidus
1202 1827 1346 1872 non
1372 1803 1674 1901 concipit
1700 1805 1921 1893 nefaS,
1951 1803 2037 1875 ad
2064 1802 2247 1899 quod
2273 1799 2458 1872 duci-

387 1912 519 2018 bus
551 1913 769 1988 oculis
806 1913 1215 2012 pervenitur.
1254 1917 1528 2014 Cogitat
1563 1943 1837 2015 semper
1870 1942 2091 1987 errare
2130 1936 2195 1985 et
2230 1914 2458 1984 offen-

391 2027 583 2115 dere,
621 2028 875 2126 cogitat
901 2028 1112 2100 eundi
1144 2029 1618 2129 redeundique
1653 2030 2157 2103 difficultatem.
2201 2029 2462 2124 Magna

392 2141 806 2213 innocentiae
841 2142 1201 2213 necessitas
1235 2164 1366 2230 est,
1412 2143 1771 2217 neminem
1807 2144 2076 2215 facilius
2113 2167 2305 2241 posse
2335 2139 2463 2211 'de-

393 2255 751 2354 prehendi.
777 2258 1065 2356 Semper
1090 2284 1160 2330 se
1186 2258 1588 2330 custodiunt
1615 2260 1842 2331 miseri
1860 2316 1879 2348 ,
1909 2285 1999 2329 ne
2025 2284 2165 2329 esse
2191 2255 2464 2327 misera-

395 2366 569 2439 biles
592 2367 990 2442 desinant4:
1036 2392 1100 2443 et
1136 2371 1443 2471 quisquis
1483 2373 1716 2444 amisit
1750 2371 2014 2462 oculos»,
2049 2370 2344 2458 laborat,
2374 2395 2461 2440 ne

391 2548 626 2598 carmine
650 2544 816 2598 nobili
839 2548 924 2598 cui
948 2565 1139 2599 nemen
1161 2546 1386 2612 Phedre,

394 2638 494 2677 act.
521 2628 609 2691 w,
633 2628 765 2677 scen.
795 2644 856 2678 2:
891 2647 914 2672 ιι
937 2628 1188 2698 ριωΙφως
1213 2629 1393 2679 crimes

402 2728 425 2751 ιι
446 2709 674 2778 tonjours
688 2708 960 2778 precedent
984 2707 1056 2758 les
1077 2709 1269 2781 grands
1293 2708 1394 2759 eri-

398 2809 426 2831 «
446 2803 565 2839 mes.
597 2787 894 2859 Quicunque
914 2808 946 2838 a
967 2806 1041 2858 pu
1053 2787 1303 2858 franchir
1324 2787 1394 2840 les

399 2886 427 2909 ιι
448 2864 626 2916 berner
639 2863 887 2939 ldqitc'mes
897 2904 915 2930 ,
932 2865 1065 2917 Peat
1077 2865 1242 2918 violer
1251 2862 1394 2937 enfin

400 2968 428 2990 ιι
449 2944 522 2996 les
538 2944 697 2996 dmin
714 2944 787 2998 les
803 2945 922 3015 phu
936 2946 1110 2998 sacres.
1133 2946 1283 2998 Αἰηςί
1298 2963 1396 3017 que

403 3045 428 3068 ιι
448 3021 504 3074 la
527 3033 673 3073 verm
696 3021 746 3074 le
771 3024 928 3074 crime
948 3043 981 3074 α
1002 3041 1075 3075 ses
1095 3023 1298 3097 ὀσφύες
1327 3025 1399 3075 Et

407 3102 635 3173 -jamais
660 3120 728 3166 qn
756 3100 837 3154 n’a
867 3121 934 3153 vu
963 3102 1017 3154 la
1045 3104 1223 3156 timide
1246 3106 1399 3157 inno-

406 3205 433 3230 ιι
451 3200 603 3235 oenoe
628 3183 805 3234 Paner
820 3184 1123 3235 subitement
1145 3186 1178 3234 ὰ
1204 3183 1399 3237 Γσκῑνέ-

408 3282 537 3315 «me
562 3262 766 3315 ticenae.
801 3263 881 3314 Un
899 3265 1035 3334 jour
1060 3263 1171 3316 seul
1203 3283 1268 3316 ne
1287 3265 1399 3336 fait

411 3368 434 3391 ιι
450 3346 602 3417 point
644 3342 764 3394 d'un
806 3343 993 3397 morte!
1034 3355 1277 3397 vermense
1317 3345 1399 3397 Un

412 3446 438 3469 ιι
452 3419 651 3495 pflfide
690 3421 953 3474 massin...
974 3443 996 3469 ιι
1048 3422 1400 3474 Laudationes

400 3499 676 3572 judiciales
690 3514 841 3552 vocat
856 3502 997 3553 Suet.
1013 3500 1198 3553 Octav.
1212 3539 1230 3566 ,
1248 3520 1296 3553 c.
1309 3501 1401 3565 56,

406 3580 599 3652 quibua
640 3597 703 3631 ex
746 3580 849 3630 vita
894 3592 1137 3630 anteacta
1175 3581 1403 3650 suspicio

407 3672 640 3724 criminis
651 3672 886 3721 intentati
900 3671 954 3720 in
970 3682 1271 3722 accusatum
1282 3687 1407 3722 con-

406 3753 585 3803 ⁸venir-e
605 3767 713 3801 non
728 3749 1011 3802 videretur.
1033 3753 1124 3803 En.

489 3844 507 3878 1
520 3867 532 3880 .
548 3828 821 3880 Sacrorum
838 3819 1127 3880 nominum.
1144 3830 1303 3882 Sacra
1317 3845 1409 3880 no·

410 3909 553 3958 mina
572 3917 694 3957 sunt
710 3917 876 3976 pater,
894 3904 1056 3970 filius,
1075 3907 1303 3977 genitor,
1319 3925 1406 3957 nau

412 4001 496 4040 ms
512 4025 530 4052 ,
565 3999 663 4037 etc.
680 4022 698 4050 ,
735 3986 925 4057 quibus
965 3994 1269 4058 persuasum
1310 4005 1407 4039 nec

410 4077 609 4116 temere
649 4076 727 4115 est
745 4100 762 4127 ,
802 4078 990 4116 natura
1033 4065 1160 4135 quid
1202 4066 1371 4116 inesse
1391 4103 1408 4130 ,

412 4142 563 4214 quod
572 4141 871 4193 hortetur-et
883 4141 1138 4192 devinciat
1157 4142 1220 4192 ad
1238 4161 1412 4198 aman·

410 4221 571 4286 dnm,
594 4233 647 4272 et
671 4217 736 4270 ad
760 4217 1130 4274 venerandum.

1542 2568 1589 2601 2.
1616 2551 1683 2602 Se
1704 2548 1931 2622 alligant
1951 2548 2186 2601 destituta
2204 2546 2273 2598 ad
2291 2564 2466 2598 πτανο-

1471 2647 1593 2680 rem·
1620 2631 1822 2701 Nempe
1844 2631 1982 2680 caeci.
2013 2630 2261 2680 Destituta
2290 2641 2464 2678 autem

1472 2708 1539 2760 ad
1569 2723 1815 2762 neutrum
1850 2728 2014 2780 genus
2040 2709 2267 2780 pertinet
2296 2708 2466 2758 imita-

1470 2791 1618 2842 tione
1645 2790 1937 2843 hellenismi
1968 2791 2019 2839 in
2050 2789 2219 2859 poetis
2249 2805 2358 2839 non
2385 2806 2468 2839 se-

1472 2866 1574 2918 mel
1613 2867 1782 2931 obvii,
1820 2879 1878 2919 ut
1918 2870 2098 2917 Horat.
2137 2864 2241 2918 Od.
2280 2868 2366 2932 IV,
2403 2864 2469 2930 4,

1471 2966 1521 2998 v.
1544 2948 1642 3000 36:
1674 2970 1697 2993 ιι
1717 2947 2044 3000 Dedecet-ant
2065 2944 2203 2996 bene
2221 2958 2342 2996 nata
2363 2944 2472 2995 cul-

1481 3049 1503 3074 ιι
1522 3045 1617 3099 pae.
1642 3051 1663 3076 ιι
1690 3027 1925 3101 Alliqare
1942 3043 2065 3077 vero
2084 3042 2135 3075 se
2152 3025 2223 3074 ad
2240 3022 2469 3074 dolorem

1477 3109 1741 3178 eleganter
1763 3108 1991 3171 dictum,
2013 3105 2078 3156 de
2101 3123 2192 3168 eo,
2218 3104 2308 3174 qui
2337 3120 2472 3154 sern-

1476 3206 1573 3259 per
1595 3200 1820 3239 mentem
1843 3189 1895 3237 in
1921 3185 2227 3237 calamitatis
2250 3181 2471 3234 medita-

1476 3266 1622 3317 tione
1657 3277 1966 3334 occupatam
2009 3261 2186 3313 habet.
2222 3262 2473 3313 Destituta

1477 3360 1576 3414 pro
1613 3341 1914 3393 hominibus
1950 3339 2240 3404 destitutis,
2277 3339 2331 3391 id
2364 3352 2475 3403 est,

1456 3439 1459 3442 ’
1481 3423 1625 3473 omni
1648 3440 1750 3493 ope
1773 3421 2000 3473 humana
2025 3420 2349 3484 carentibus,
2375 3421 2476 3470 mi-

1481 3505 1641 3567 serie,
1667 3517 1722 3554 ut
1747 3517 1866 3555 sunt
1893 3504 2056 3566 caeci„
2074 3504 2181 3554 sive
2211 3515 2267 3551 ut
2293 3500 2476 3552 subin·
2565 3519 2569 3525 ·

1484 3581 1748 3652 telligatur
1776 3581 1961 3645 oculis,
2004 3580 2067 3632 ed
2093 3598 2202 3632 rem
2226 3580 2475 3650 propiore

1483 3679 1657 3713 sensu.

1555 3738 1606 3790 3.
1632 3739 1886 3812 Perpetua
1920 3746 2082 3789 nocte.
2115 3733 2378 3787 Alluditur
2409 3732 2480 3784 ad

1483 3831 1740 3883 mortem,
1763 3835 1877 3889 qua:
1897 3816 2042 3869 velut
2069 3814 2136 3865 ad
2165 3826 2330 3864 totum
2360 3830 2479 3863 cor-

1484 3917 1585 3969 pus
1614 3897 1921 3960 universim,
1953 3896 2025 3944 sic
2055 3892 2121 3944 ad
2148 3891 2332 3944 oculos
2360 3909 2480 3962 spe-

1485 3979 1660 4031 ciatim
1687 3977 1937 4047 pertinet,
1959 3988 2019 4026 ut
2042 3974 2322 4024 weitatem
2349 3989 2484 4021 mor·

1485 4072 1591 4109 tem
1606 4054 1960 4127 imperfectam
1976 4053 2160 4103 dixerit
2173 4052 2300 4103 Stat.
2311 4047 2479 4100 Theb.

1485 4139 1585 4200 xl,
1602 4156 1653 4186 v.
1681 4136 1797 4187 582.

1562 4217 1607 4282 4.
1650 4218 1730 4269 Ne
1761 4213 2068 4266 miserabiles
2103 4229 2200 4262 esse
2231 4208 2479 4266 desinant.
