3200 5117
638 565 722 654 96
1140 558 1231 620 M.
1284 553 1529 618 FAssu
1573 550 2217 634 QU1NT1L1AM

638 687 868 789 palam
902 681 1267 767 occidisse,
1304 702 1515 778 quem
1550 675 1821 746 timeas.
1858 676 2106 763 Quum
2141 675 2321 745 bene
2352 672 2425 744 in
2461 687 2478 717 ¹
2500 673 2718 748 oculis

640 801 810 874 meis
836 797 1405 897 amplexibusque
1439 790 1823 888 requiescas
1848 847 1866 878 ,
1902 790 2146 860 subeat
2179 816 2451 861 necesse
2487 812 2588 862 est
2619 812 2725 862 ta-

639 919 803 991 citas
831 914 1271 1013 cogitationes
1296 906 1606 1008 praedicti
1642 905 1932 1003 periculi
1964 926 2222 977 metus:
2251 929 2319 978 et
2349 907 2508 978 licet
2530 936 2728 980 com-

639 1051 939 1134 ponatur
988 1029 1077 1101 ad
1119 1029 1366 1099 fortem
1415 1023 1930 1119 superbamque
1979 1022 2476 1111 constantiam,
2532 1045 2731 1095 natu-

643 1149 804 1222 ralis
834 1168 1067 1219 tamen
1097 1140 1402 1213 hominis
1432 1138 1803 1209 infirmitas
1834 1158 2054 1235 potest
2084 1158 2225 1208 tam
2258 1165 2727 1236 percussorem

641 1266 924 1351 timere,
957 1285 1171 1357 quam
1205 1277 1521 1328 mortem.
1557 1252 1838 1351 Explica
1870 1279 2032 1342 noS,
2063 1275 2275 1352 pater,
2306 1276 2446 1327 tam
2481 1255 2731 1327 misero

642 1372 1378 1475 tristiquecomplexu3
1422 1390 1487 1440 et
1528 1367 1962 1466 longissimas
1996 1367 2501 1441 sollicitudines
2543 1370 2731 1441 brevi

647 1493 872 1566 recide
908 1489 1278 1591 patientia:
1318 1486 1551 1557 minus
1581 1485 1952 1582 indignum
1986 1506 2089 1556 est
2123 1505 2198 1556 ut
2222 1487 2503 1576 moriar,
2533 1486 2590 1558 si
2621 1487 2735 1558 in-

646 1635 903 1683 nocens
935 1609 1208 1678 futurus
1240 1630 1431 1692 sum,
1469 1629 1680 1700 quam
1717 1622 1794 1672 ut
1826 1602 2083 1690 vivam,
2114 1603 2170 1672 si
2199 1604 2586 1701 parricida:
2615 1603 2738 1674 de-

645 1725 906 1796 nuncio
935 1722 1090 1811 tibi‚
1124 1740 1334 1818 pater,
1369 1739 1435 1789 et
1462 1717 1547 1789 de
1574 1743 1901 1815 suprema
1935 1718 2329 1791 necessitate
2365 1720 2729 1792 confiteor:

640 1841 789 1940 jam
812 1864 952 1909 non
971 1856 1136 1908 sunt
1153 1861 1321 1905 meae
1348 1833 1691 1930 potestatis
1712 1832 1814 1901 hae
1843 1858 2130 1902 manus:
2157 1860 2299 1905 non
2317 1860 2544 1932 regere
2575 1834 2736 1905 dex·

648 1977 905 2044 teram,
949 1979 1091 2024 non
1129 1951 1414 2021 retinere
1449 1948 1758 2018 sufficio:
1792 1948 1980 2018 venit
2012 1946 2125 2018 ille
2164 1949 2397 2020 nescio
2432 1952 2585 2048 quis
2618 1977 2734 2022 ar-

654 2070 812 2158 dor,
841 2096 984 2138 non
1024 2066 1275 2152 sentio,
1315 2090 1457 2135 non
1496 2062 1858 2134 intuentur
1894 2063 2110 2135 oculi:
2150 2084 2318 2138 tunc
2349 2066 2586 2137 omnia
2619 2065 2736 2136 in-

653 2184 836 2281 cipio
879 2182 1083 2268 scire,
1118 2204 1339 2275 quum
1382 2198 1563 2273 gesta
1605 2198 1785 2248 sunt.
1824 2177 2020 2267 Quid
2052 2199 2129 2250 tu
2165 2207 2279 2250 me
2327 2179 2732 2253 lacertorum

652 2298 1048 2392 viriumque
1070 2292 1405 2365 beneficio
1430 2292 1737 2364 stravisse
1764 2320 1989 2393 nuper
2007 2294 2232 2366 hostes
2254 2317 2457 2394 putas
2474 2354 2492 2385 ,
2521 2324 2735 2393 quan·

654 2438 806 2487 tum
843 2414 1168 2485 dicuntur
1196 2438 1497 2483 narrasse
1519 2412 1798 2510 captivi,
1829 2412 2058 2483 nescio
2076 2440 2288 2511 quem
2311 2413 2384 2484 in
2408 2441 2520 2485 me
2543 2441 2735 2485 mon-

654 2530 849 2603 strosi
875 2529 1109 2600 vultus
1137 2526 1461 2599 horruere
1497 2549 1985 2626 conspectum:
2020 2554 2162 2598 non
2198 2529 2328 2600 tela
2350 2528 2691 2628 jaciebam
2715 2587 2734 2618 ,

658 2672 799 2716 non
818 2642 1176 2744 jaculabat
1203 2641 1411 2713 ictus:
1439 2643 1803 2715 furialibus
1829 2643 2037 2715 miser
2059 2642 2332 2716 facibus
2364 2645 2691 2717 ardebam
2717 2702 2734 2733 ,

655 2780 723 2831 et
746 2780 979 2857 pectus
1008 2758 1189 2828 istud
1210 2783 1352 2827 non
1385 2757 1621 2845 lorica,
1653 2785 1798 2829 non
1829 2758 2127 2847 ferrum,
2159 2757 2275 2829 sed
2307 2758 2431 2829 diri
2462 2785 2741 2858 serpen-

658 2896 809 2945 tum
839 2872 1222 2944 clauserant
1243 2899 1479 2943 nexus.
1511 2875 1669 2943 Non
1691 2874 1826 2944 fuit
1855 2872 2025 2945 illud
2055 2900 2290 2970 pugna
2310 2931 2328 2961 ‚
2357 2901 2494 2944 non
2524 2873 2734 2945 acies:

657 2989 727 3060 in
773 2988 956 3060 bello
997 2988 1338 3087 parricida
1383 2988 1791 3061 vincebam:
1848 3011 2279 3059 excesserunt
2324 3017 2529 3087 opera
2581 3017 2738 3062 mea

656 3105 1123 3176 humanarum
1156 3105 1405 3177 virium
1455 3104 2029 3176 mediocritatem:
2085 3106 2428 3203 quidquid
2478 3107 2738 3178 factum

660 3242 786 3309 est,
824 3219 1072 3307 rabies,
1108 3218 1376 3290 insania
1404 3218 1557 3289 fuit.

757 3335 943 3404 XXI.
963 3332 1289 3423 Praedico,
1314 3352 1667 3429 protestor,
1690 3358 1832 3402 non
1853 3360 1978 3431 ego
1996 3333 2440 3431 parricidium
2462 3335 2738 3426 faciam,

662 3477 806 3522 non
854 3476 980 3547 ego
1013 3448 1273 3519 fortiter
1298 3448 1465 3519 feci:
1503 3448 1690 3546 quod
1723 3449 1779 3518 si
1812 3447 1953 3519 ulla
1992 3450 2250 3521 ratione
2286 3477 2525 3522 casuve
2560 3451 2744 3522 effici

661 3583 914 3662 potest,
938 3583 1014 3632 ut
1032 3562 1350 3660 praedicta
1373 3589 1512 3634 non
1530 3618 1548 3651 ,
1571 3563 1741 3633 fiant
1766 3564 1973 3633 fidem
1992 3588 2279 3635 vestram
2299 3621 2318 3655 ,
2344 3585 2562 3662 patres
2588 3593 2743 3637 con-

662 3678 928 3776 scripti,
961 3699 1038 3748 ut
1056 3677 1230 3748 mihi
1265 3679 1490 3776 potius
1511 3679 1904 3750 innocentia
1928 3736 1946 3766 ‚
1969 3707 2182 3778 quam
2198 3682 2340 3752 fato
2371 3680 2740 3769 debeatur;

664 3819 791 3890 ego
835 3791 1022 3864 dicar
1055 3820 1477 3891 expugnasse
1520 3796 2110 3886 constitutionem,
2160 3797 2437 3894 fregisse
2470 3797 2746 3869 vincula

665 3908 1111 3998 necessitatis3
1154 3935 1311 3981 mea
1356 3910 1606 4009 pietaS,
1651 3938 1807 3983 mea
1838 3911 2156 3983 laudetur
2202 3913 2576 4010 integritaS.
2625 3911 2742 3982 Dii

740 4127 782 4165 r.
808 4112 875 4163 In
898 4112 1073 4167 oculis.
1097 4115 1301 4166 Forsan
1329 4133 1427 4186 pro
1456 4116 1657 4168 osculis.
1739 4128 1860 4168 ante
1873 4115 2045 4168 oculos
2053 4156 2071 4184 ‚
2088 4130 2145 4168 ut
2161 4118 2300 4168 inter
2317 4115 2514 4170 multos
2527 4116 2636 4167 Liv.
2657 4117 2742 4178 111,

661 4194 750 4244 11ae
781 4212 936 4247 voces
970 4193 1071 4246 hac
1099 4194 1319 4248 declam.
1344 4196 1438 4248 inf.
1470 4210 1521 4249 et
1545 4214 1654 4268 seq.
1740 4199 1804 4269 57
1835 4221 1845 4249 :
1897 4221 1919 4244 α
1940 4199 2207 4269 Virginem
2238 4201 2290 4250 in
2331 4197 2499 4250 oculis
2528 4200 2581 4248 P.
2611 4197 2672 4248 R.
2713 4213 2745 4247 a

661 4287 887 4343 permut.
905 4274 972 4325 In
988 4272 1148 4327 oculis
1160 4288 1334 4328 tamen
1349 4272 1487 4328 idem
1503 4288 1581 4330 cst
1596 4295 1659 4329 ac
1744 4301 1765 4325 ιι
1788 4279 2067 4351 complexu
2089 4282 2254 4352 patris
2280 4279 2567 4352 abreptam.
2591 4301 2612 4325 n
