<?xml version="1.0" encoding="UTF-8"?>
<!DOCTYPE html PUBLIC "-//W3C//DTD XHTML 1.0 Transitional//EN"
    "http://www.w3.org/TR/xhtml1/DTD/xhtml1-transitional.dtd">
<html xmlns="http://www.w3.org/1999/xhtml" xml:lang="en" lang="en">
 <head>
  <title>
</title>
<meta http-equiv="Content-Type" content="text/html;charset=utf-8" />
  <meta name='ocr-system' content='tesseract 3.04.00' />
  <meta name='ocr-capabilities' content='ocr_page ocr_carea ocr_par ocr_line ocrx_word'/>
</head>
<body>
  <div class='ocr_page' id='page_1' title='image "./deinstitutioneo01flacgoog_0416.png"; bbox 0 0 3200 5117; ppageno 0'>
   <div class='ocr_carea' id='block_1_1' title="bbox 756 581 2341 673">
    <p class='ocr_par' dir='ltr' id='par_1_1' title="bbox 756 581 2341 673">
     <span class='ocr_line' id='line_1_1' title="bbox 756 581 2341 673; baseline -0.001 -23"><span class='ocrx_word' id='word_1_1' title='bbox 756 586 880 673; x_wconf 79' lang='lat'><strong>372</strong></span> <span class='ocrx_word' id='word_1_2' title='bbox 1260 585 1350 646; x_wconf 85' lang='lat' dir='ltr'><strong>M.</strong></span> <span class='ocrx_word' id='word_1_3' title='bbox 1405 583 1655 646; x_wconf 75' lang='lat' dir='ltr'><strong>FAssn</strong></span> <span class='ocrx_word' id='word_1_4' title='bbox 1704 581 2341 664; x_wconf 79' lang='lat' dir='ltr'>QUINTILIANI</span> 
     </span>
    </p>
   </div>
   <div class='ocr_carea' id='block_1_2' title="bbox 741 706 2858 3688">
    <p class='ocr_par' dir='ltr' id='par_1_2' title="bbox 741 706 2857 2646">
     <span class='ocr_line' id='line_1_2' title="bbox 749 706 2849 806; baseline -0 -27"><span class='ocrx_word' id='word_1_5' title='bbox 749 730 890 779; x_wconf 90' lang='lat' dir='ltr'><strong>tam</strong></span> <span class='ocrx_word' id='word_1_6' title='bbox 937 729 1481 779; x_wconf 88' lang='lat' dir='ltr'><strong>consentaneum</strong></span> <span class='ocrx_word' id='word_1_7' title='bbox 1513 729 1646 794; x_wconf 89' lang='lat' dir='ltr'><strong>est,</strong></span> <span class='ocrx_word' id='word_1_8' title='bbox 1692 733 1779 776; x_wconf 92' lang='lat' dir='ltr'><strong>ne</strong></span> <span class='ocrx_word' id='word_1_9' title='bbox 1828 706 2193 796; x_wconf 84' lang='lat' dir='ltr'><strong>moriatur,</strong></span> <span class='ocrx_word' id='word_1_10' title='bbox 2237 707 2358 806; x_wconf 88' lang='lat' dir='ltr'><strong>qui</strong></span> <span class='ocrx_word' id='word_1_11' title='bbox 2388 706 2583 796; x_wconf 86' lang='lat' dir='ltr'><strong>velit,</strong></span> <span class='ocrx_word' id='word_1_12' title='bbox 2628 726 2849 806; x_wconf 83' lang='lat' dir='ltr'><strong>quam</strong></span> 
     </span>
     <span class='ocr_line' id='line_1_3' title="bbox 750 820 2849 921; baseline -0 -28"><span class='ocrx_word' id='word_1_13' title='bbox 750 825 939 921; x_wconf 91' lang='lat' dir='ltr'><strong>quod</strong></span> <span class='ocrx_word' id='word_1_14' title='bbox 986 824 1328 894; x_wconf 82' lang='lat' dir='ltr'>morimur</span> <span class='ocrx_word' id='word_1_15' title='bbox 1373 822 1562 892; x_wconf 84' lang='lat' dir='ltr'><strong>inviti</strong></span> <span class='ocrx_word' id='word_1_16' title='bbox 1607 851 1619 892; x_wconf 92' lang='lat'>:</span> <span class='ocrx_word' id='word_1_17' title='bbox 1668 822 1782 890; x_wconf 86' lang='lat' dir='ltr'><strong>sed</strong></span> <span class='ocrx_word' id='word_1_18' title='bbox 1814 820 2031 907; x_wconf 88' lang='lat' dir='ltr'><strong>malo,</strong></span> <span class='ocrx_word' id='word_1_19' title='bbox 2068 823 2247 893; x_wconf 88' lang='lat' dir='ltr'><strong>sicut</strong></span> <span class='ocrx_word' id='word_1_20' title='bbox 2280 822 2496 920; x_wconf 83' lang='lat' dir='ltr'><strong>coepi,</strong></span> <span class='ocrx_word' id='word_1_21' title='bbox 2543 822 2849 921; x_wconf 77' lang='lat' dir='ltr'><strong>simplici</strong></span> 
     </span>
     <span class='ocr_line' id='line_1_4' title="bbox 743 937 2850 1038; baseline -0 -29"><span class='ocrx_word' id='word_1_22' title='bbox 743 961 979 1010; x_wconf 88' lang='lat' dir='ltr'><strong>tecum</strong></span> <span class='ocrx_word' id='word_1_23' title='bbox 1032 938 1288 1038; x_wconf 75' lang='lat' dir='ltr'><strong>ratione</strong></span> <span class='ocrx_word' id='word_1_24' title='bbox 1337 937 1721 1007; x_wconf 73' lang='lat' dir='ltr'><strong>consistere.</strong></span> <span class='ocrx_word' id='word_1_25' title='bbox 1775 937 1965 1006; x_wconf 86' lang='lat' dir='ltr'><strong>Nihil</strong></span> <span class='ocrx_word' id='word_1_26' title='bbox 2019 963 2243 1034; x_wconf 86' lang='lat' dir='ltr'><strong>aeque,</strong></span> <span class='ocrx_word' id='word_1_27' title='bbox 2298 958 2521 1033; x_wconf 87' lang='lat' dir='ltr'><strong>pater,</strong></span> <span class='ocrx_word' id='word_1_28' title='bbox 2577 938 2850 1035; x_wconf 62' lang='lat' dir='ltr'><strong>impetu</strong></span> 
     </span>
     <span class='ocr_line' id='line_1_5' title="bbox 745 1051 2846 1150; baseline -0.001 -26"><span class='ocrx_word' id='word_1_29' title='bbox 745 1074 1040 1137; x_wconf 81' lang='lat' dir='ltr'><strong>constat,</strong></span> <span class='ocrx_word' id='word_1_30' title='bbox 1074 1079 1287 1150; x_wconf 89' lang='lat' dir='ltr'><strong>quam</strong></span> <span class='ocrx_word' id='word_1_31' title='bbox 1331 1052 1507 1120; x_wconf 89' lang='lat' dir='ltr'><strong>mori</strong></span> <span class='ocrx_word' id='word_1_32' title='bbox 1542 1051 1753 1120; x_wconf 82' lang='lat' dir='ltr'><strong>velle:</strong></span> <span class='ocrx_word' id='word_1_33' title='bbox 1794 1078 1921 1120; x_wconf 87' lang='lat' dir='ltr'><strong>nec</strong></span> <span class='ocrx_word' id='word_1_34' title='bbox 1953 1051 2343 1147; x_wconf 81' lang='lat' dir='ltr'><strong>quidquam</strong></span> <span class='ocrx_word' id='word_1_35' title='bbox 2380 1079 2482 1122; x_wconf 88' lang='lat' dir='ltr'><strong>res</strong></span> <span class='ocrx_word' id='word_1_36' title='bbox 2513 1052 2846 1122; x_wconf 82' lang='lat' dir='ltr'><strong>humanae</strong></span> 
     </span>
     <span class='ocr_line' id='line_1_6' title="bbox 748 1166 2852 1265; baseline 0 -27"><span class='ocrx_word' id='word_1_37' title='bbox 748 1167 1138 1265; x_wconf 89' lang='lat' dir='ltr'><strong>impatienti</strong></span> <span class='ocrx_word' id='word_1_38' title='bbox 1153 1195 1229 1236; x_wconf 87' lang='lat' dir='ltr'><strong>us</strong></span> <span class='ocrx_word' id='word_1_39' title='bbox 1259 1168 1521 1237; x_wconf 79' lang='lat' dir='ltr'><strong>habent</strong></span> <span class='ocrx_word' id='word_1_40' title='bbox 1548 1167 1896 1263; x_wconf 86' lang='lat' dir='ltr'><strong>pereuntis</strong></span> <span class='ocrx_word' id='word_1_41' title='bbox 1925 1167 2180 1236; x_wconf 89' lang='lat' dir='ltr'><strong>affectu</strong></span> <span class='ocrx_word' id='word_1_42' title='bbox 2207 1194 2221 1236; x_wconf 78' lang='grc' dir='ltr'>ε</span> <span class='ocrx_word' id='word_1_43' title='bbox 2259 1166 2449 1236; x_wconf 86' lang='lat' dir='ltr'><strong>hunc</strong></span> <span class='ocrx_word' id='word_1_44' title='bbox 2475 1166 2531 1237; x_wconf 88' lang='lat' dir='ltr'><strong>si</strong></span> <span class='ocrx_word' id='word_1_45' title='bbox 2555 1166 2852 1238; x_wconf 85' lang='lat' dir='ltr'><strong>retinere</strong></span> 
     </span>
     <span class='ocr_line' id='line_1_7' title="bbox 741 1282 2850 1380; baseline 0 -25"><span class='ocrx_word' id='word_1_46' title='bbox 741 1285 950 1356; x_wconf 89' lang='lat' dir='ltr'><strong>velles</strong></span> <span class='ocrx_word' id='word_1_47' title='bbox 973 1301 1018 1372; x_wconf 88' lang='lat'><strong>¹,</strong></span> <span class='ocrx_word' id='word_1_48' title='bbox 1074 1283 1334 1354; x_wconf 81' lang='lat' dir='ltr'><strong>sufficit</strong></span> <span class='ocrx_word' id='word_1_49' title='bbox 1375 1304 1449 1352; x_wconf 89' lang='lat' dir='ltr'><strong>ut</strong></span> <span class='ocrx_word' id='word_1_50' title='bbox 1484 1282 1880 1352; x_wconf 84' lang='lat' dir='ltr'><strong>morereris:</strong></span> <span class='ocrx_word' id='word_1_51' title='bbox 1932 1302 1995 1352; x_wconf 94' lang='lat' dir='ltr'><strong>et</strong></span> <span class='ocrx_word' id='word_1_52' title='bbox 2032 1283 2367 1353; x_wconf 88' lang='lat' dir='ltr'><strong>rationem</strong></span> <span class='ocrx_word' id='word_1_53' title='bbox 2403 1311 2681 1380; x_wconf 91' lang='lat' dir='ltr'><strong>quoque</strong></span> <span class='ocrx_word' id='word_1_54' title='bbox 2714 1284 2850 1355; x_wconf 87' lang='lat' dir='ltr'><strong>ho-</strong></span> 
     </span>
     <span class='ocr_line' id='line_1_8' title="bbox 744 1392 2851 1497; baseline -0 -27"><span class='ocrx_word' id='word_1_55' title='bbox 744 1392 922 1471; x_wconf 88' lang='lat' dir='ltr'><strong>mini</strong></span> <span class='ocrx_word' id='word_1_56' title='bbox 957 1399 1193 1469; x_wconf 89' lang='lat' dir='ltr'><strong>mortis</strong></span> <span class='ocrx_word' id='word_1_57' title='bbox 1230 1397 1506 1497; x_wconf 84' lang='lat' dir='ltr'><strong>eripiet,</strong></span> <span class='ocrx_word' id='word_1_58' title='bbox 1545 1398 1594 1467; x_wconf 87' lang='lat' dir='ltr'><strong>si</strong></span> <span class='ocrx_word' id='word_1_59' title='bbox 1631 1398 1786 1494; x_wconf 88' lang='lat' dir='ltr'><strong>quis</strong></span> <span class='ocrx_word' id='word_1_60' title='bbox 1817 1396 2176 1468; x_wconf 87' lang='lat' dir='ltr'><strong>abstulerit</strong></span> <span class='ocrx_word' id='word_1_61' title='bbox 2200 1397 2560 1469; x_wconf 90' lang='lat' dir='ltr'><strong>ardorem:</strong></span> <span class='ocrx_word' id='word_1_62' title='bbox 2597 1399 2851 1497; x_wconf 79' lang='lat' dir='ltr'><strong>frangit</strong></span> 
     </span>
     <span class='ocr_line' id='line_1_9' title="bbox 746 1511 2853 1612; baseline -0.002 -25"><span class='ocrx_word' id='word_1_63' title='bbox 746 1516 1074 1587; x_wconf 89' lang='lat' dir='ltr'><strong>animum</strong></span> <span class='ocrx_word' id='word_1_64' title='bbox 1121 1513 1437 1611; x_wconf 88' lang='lat' dir='ltr'><strong>quisquis</strong></span> <span class='ocrx_word' id='word_1_65' title='bbox 1473 1512 1874 1599; x_wconf 82' lang='lat' dir='ltr'><strong>intervenit3</strong></span> <span class='ocrx_word' id='word_1_66' title='bbox 1912 1511 2228 1600; x_wconf 82' lang='lat' dir='ltr'><strong>abducit,</strong></span> <span class='ocrx_word' id='word_1_67' title='bbox 2264 1533 2498 1584; x_wconf 90' lang='lat' dir='ltr'><strong>avocat</strong></span> <span class='ocrx_word' id='word_1_68' title='bbox 2539 1513 2853 1612; x_wconf 73' lang='lat' dir='ltr'><strong>quisquis</strong></span> 
     </span>
     <span class='ocr_line' id='line_1_10' title="bbox 746 1627 2847 1726; baseline -0.002 -25"><span class='ocrx_word' id='word_1_69' title='bbox 746 1629 1131 1726; x_wconf 86' lang='lat' dir='ltr'>alloquitur</span> <span class='ocrx_word' id='word_1_70' title='bbox 1161 1657 1173 1698; x_wconf 90' lang='lat'><strong>:</strong></span> <span class='ocrx_word' id='word_1_71' title='bbox 1208 1628 1533 1698; x_wconf 90' lang='lat' dir='ltr'><strong>ambiunt</strong></span> <span class='ocrx_word' id='word_1_72' title='bbox 1566 1650 1810 1698; x_wconf 88' lang='lat' dir='ltr'><strong>cuncta</strong></span> <span class='ocrx_word' id='word_1_73' title='bbox 1849 1627 2189 1697; x_wconf 90' lang='lat' dir='ltr'><strong>moriendi</strong></span> <span class='ocrx_word' id='word_1_74' title='bbox 2229 1627 2447 1725; x_wconf 89' lang='lat' dir='ltr'><strong>spatia</strong></span> <span class='ocrx_word' id='word_1_75' title='bbox 2478 1654 2599 1726; x_wconf 90' lang='lat' dir='ltr'><strong>pro</strong></span> <span class='ocrx_word' id='word_1_76' title='bbox 2630 1627 2847 1699; x_wconf 73' lang='lat' dir='ltr'><strong>²vita:</strong></span> 
     </span>
     <span class='ocr_line' id='line_1_11' title="bbox 749 1742 2845 1841; baseline -0.001 -24"><span class='ocrx_word' id='word_1_77' title='bbox 749 1746 905 1817; x_wconf 90' lang='lat' dir='ltr'><strong>ideo</strong></span> <span class='ocrx_word' id='word_1_78' title='bbox 945 1772 1067 1815; x_wconf 86' lang='lat' dir='ltr'><strong>nos</strong></span> <span class='ocrx_word' id='word_1_79' title='bbox 1099 1744 1446 1814; x_wconf 82' lang='lat' dir='ltr'><strong>mehercle</strong></span> <span class='ocrx_word' id='word_1_80' title='bbox 1484 1743 1892 1814; x_wconf 77' lang='lat' dir='ltr'><strong>crediderim</strong></span> <span class='ocrx_word' id='word_1_81' title='bbox 1930 1742 2271 1841; x_wconf 89' lang='lat' dir='ltr'><strong>ejusmodi</strong></span> <span class='ocrx_word' id='word_1_82' title='bbox 2307 1744 2563 1814; x_wconf 85' lang='lat' dir='ltr'><strong>exitum</strong></span> <span class='ocrx_word' id='word_1_83' title='bbox 2594 1742 2845 1841; x_wconf 76' lang='lat' dir='ltr'><strong>eligere</strong></span> 
     </span>
     <span class='ocr_line' id='line_1_12' title="bbox 745 1856 2848 1954; baseline 0 -25"><span class='ocrx_word' id='word_1_84' title='bbox 745 1880 1108 1931; x_wconf 85' lang='lat' dir='ltr'><strong>secretum.</strong></span> <span class='ocrx_word' id='word_1_85' title='bbox 1156 1857 1547 1928; x_wconf 84' lang='lat' dir='ltr'>Minimum</span> <span class='ocrx_word' id='word_1_86' title='bbox 1585 1880 1687 1929; x_wconf 87' lang='lat' dir='ltr'><strong>est</strong></span> <span class='ocrx_word' id='word_1_87' title='bbox 1712 1856 1765 1947; x_wconf 82' lang='lat'><strong>3,</strong></span> <span class='ocrx_word' id='word_1_88' title='bbox 1817 1857 2003 1954; x_wconf 91' lang='lat' dir='ltr'><strong>quod</strong></span> <span class='ocrx_word' id='word_1_89' title='bbox 2051 1857 2437 1928; x_wconf 89' lang='lat' dir='ltr'><strong>confundat</strong></span> <span class='ocrx_word' id='word_1_90' title='bbox 2480 1858 2848 1929; x_wconf 85' lang='lat' dir='ltr'><strong>hominem</strong></span> 
     </span>
     <span class='ocr_line' id='line_1_13' title="bbox 748 1973 2855 2072; baseline 0 -27"><span class='ocrx_word' id='word_1_91' title='bbox 748 1975 1151 2046; x_wconf 80' lang='lat' dir='ltr'><strong>infirmitate</strong></span> <span class='ocrx_word' id='word_1_92' title='bbox 1201 1973 1652 2062; x_wconf 88' lang='lat' dir='ltr'><strong>morientem,</strong></span> <span class='ocrx_word' id='word_1_93' title='bbox 1698 1973 2071 2070; x_wconf 26' lang='lat' dir='ltr'><strong>ctssexiguis</strong></span> <span class='ocrx_word' id='word_1_94' title='bbox 2103 1975 2324 2044; x_wconf 87' lang='lat' dir='ltr'><strong>causis</strong></span> <span class='ocrx_word' id='word_1_95' title='bbox 2369 2001 2544 2072; x_wconf 89' lang='lat' dir='ltr'><strong>opus</strong></span> <span class='ocrx_word' id='word_1_96' title='bbox 2586 1996 2721 2062; x_wconf 86' lang='lat' dir='ltr'><strong>est,</strong></span> <span class='ocrx_word' id='word_1_97' title='bbox 2775 1995 2855 2045; x_wconf 88' lang='lat' dir='ltr'><strong>ut</strong></span> 
     </span>
     <span class='ocr_line' id='line_1_14' title="bbox 751 2087 2849 2188; baseline -0 -28"><span class='ocrx_word' id='word_1_98' title='bbox 751 2088 1105 2188; x_wconf 80' lang='lat' dir='ltr'><strong>displiceat</strong></span> <span class='ocrx_word' id='word_1_99' title='bbox 1128 2089 1385 2171; x_wconf 79' lang='lat' dir='ltr'><strong>obitus,</strong></span> <span class='ocrx_word' id='word_1_100' title='bbox 1419 2115 1631 2186; x_wconf 90' lang='lat' dir='ltr'><strong>quem</strong></span> <span class='ocrx_word' id='word_1_101' title='bbox 1660 2088 1914 2157; x_wconf 85' lang='lat' dir='ltr'><strong>misero</strong></span> <span class='ocrx_word' id='word_1_102' title='bbox 1940 2087 2155 2158; x_wconf 88' lang='lat' dir='ltr'><strong>suasit</strong></span> <span class='ocrx_word' id='word_1_103' title='bbox 2186 2087 2849 2186; x_wconf 74' lang='lat' dir='ltr'><strong>integritaS.Quidsi</strong></span> 
     </span>
     <span class='ocr_line' id='line_1_15' title="bbox 750 2203 2857 2301; baseline -0 -25"><span class='ocrx_word' id='word_1_104' title='bbox 750 2203 1163 2276; x_wconf 83' lang='lat' dir='ltr'><strong>interveniat</strong></span> <span class='ocrx_word' id='word_1_105' title='bbox 1182 2204 1454 2300; x_wconf 77' lang='lat' dir='ltr'><strong>aliquiS,</strong></span> <span class='ocrx_word' id='word_1_106' title='bbox 1484 2205 1604 2300; x_wconf 89' lang='lat' dir='ltr'><strong>qui</strong></span> <span class='ocrx_word' id='word_1_107' title='bbox 1638 2203 1977 2301; x_wconf 79' lang='lat' dir='ltr'><strong>gaudeat?</strong></span> <span class='ocrx_word' id='word_1_108' title='bbox 1999 2203 2119 2301; x_wconf 88' lang='lat' dir='ltr'><strong>qui</strong></span> <span class='ocrx_word' id='word_1_109' title='bbox 2149 2203 2483 2274; x_wconf 89' lang='lat' dir='ltr'><strong>vindicari</strong></span> <span class='ocrx_word' id='word_1_110' title='bbox 2520 2232 2588 2275; x_wconf 89' lang='lat' dir='ltr'><strong>se</strong></span> <span class='ocrx_word' id='word_1_111' title='bbox 2620 2203 2857 2301; x_wconf 80' lang='lat' dir='ltr'><strong>putet?</strong></span> 
     </span>
     <span class='ocr_line' id='line_1_16' title="bbox 751 2320 2851 2415; baseline -0 -22"><span class='ocrx_word' id='word_1_112' title='bbox 751 2323 804 2393; x_wconf 89' lang='lat' dir='ltr'><strong>si</strong></span> <span class='ocrx_word' id='word_1_113' title='bbox 837 2343 1033 2393; x_wconf 89' lang='lat' dir='ltr'><strong>testes</strong></span> <span class='ocrx_word' id='word_1_114' title='bbox 1058 2320 1383 2391; x_wconf 86' lang='lat' dir='ltr'><strong>adhibeat</strong></span> <span class='ocrx_word' id='word_1_115' title='bbox 1402 2320 1668 2406; x_wconf 82' lang='lat' dir='ltr'><strong>oculos,</strong></span> <span class='ocrx_word' id='word_1_116' title='bbox 1696 2322 1950 2415; x_wconf 86' lang='lat' dir='ltr'><strong>quibus</strong></span> <span class='ocrx_word' id='word_1_117' title='bbox 1983 2320 2441 2391; x_wconf 84' lang='lat' dir='ltr'><strong>invidendum</strong></span> <span class='ocrx_word' id='word_1_118' title='bbox 2466 2321 2590 2392; x_wconf 86' lang='lat' dir='ltr'><strong>sit?</strong></span> <span class='ocrx_word' id='word_1_119' title='bbox 2623 2320 2851 2392; x_wconf 84' lang='lat' dir='ltr'><strong>statim</strong></span> 
     </span>
     <span class='ocr_line' id='line_1_17' title="bbox 755 2436 2855 2532; baseline 0 -25"><span class='ocrx_word' id='word_1_120' title='bbox 755 2436 1101 2507; x_wconf 83' lang='lat' dir='ltr'><strong>mehercle</strong></span> <span class='ocrx_word' id='word_1_121' title='bbox 1147 2463 1469 2532; x_wconf 76' lang='lat' dir='ltr'><strong>arrogans</strong></span> <span class='ocrx_word' id='word_1_122' title='bbox 1507 2436 1640 2505; x_wconf 86' lang='lat' dir='ltr'><strong>vita</strong></span> <span class='ocrx_word' id='word_1_123' title='bbox 1688 2436 2161 2526; x_wconf 83' lang='lat' dir='ltr'><strong>simulabitur,</strong></span> <span class='ocrx_word' id='word_1_124' title='bbox 2207 2438 2434 2508; x_wconf 89' lang='lat' dir='ltr'><strong>statim</strong></span> <span class='ocrx_word' id='word_1_125' title='bbox 2478 2457 2855 2509; x_wconf 83' lang='lat' dir='ltr'><strong>contumax</strong></span> 
     </span>
     <span class='ocr_line' id='line_1_18' title="bbox 753 2549 2272 2646; baseline 0 -24"><span class='ocrx_word' id='word_1_126' title='bbox 753 2550 953 2622; x_wconf 89' lang='lat' dir='ltr'><strong>dolor</strong></span> <span class='ocrx_word' id='word_1_127' title='bbox 986 2577 1151 2621; x_wconf 91' lang='lat' dir='ltr'><strong>cum</strong></span> <span class='ocrx_word' id='word_1_128' title='bbox 1180 2549 1609 2646; x_wconf 88' lang='lat' dir='ltr'><strong>deprehensa</strong></span> <span class='ocrx_word' id='word_1_129' title='bbox 1645 2572 1864 2621; x_wconf 89' lang='lat' dir='ltr'><strong>morte</strong></span> <span class='ocrx_word' id='word_1_130' title='bbox 1899 2551 2272 2624; x_wconf 85' lang='lat' dir='ltr'><strong>dissentiet.</strong></span> 
     </span>
    </p>

    <p class='ocr_par' dir='ltr' id='par_1_3' title="bbox 753 2665 2858 3688">
     <span class='ocr_line' id='line_1_19' title="bbox 851 2665 2850 2766; baseline 0.002 -32"><span class='ocrx_word' id='word_1_131' title='bbox 851 2667 1074 2734; x_wconf 85' lang='lat' dir='ltr'><strong>XVII.</strong></span> <span class='ocrx_word' id='word_1_132' title='bbox 1131 2665 1366 2734; x_wconf 87' lang='lat' dir='ltr'><strong>Nescis</strong></span> <span class='ocrx_word' id='word_1_133' title='bbox 1411 2686 1760 2761; x_wconf 82' lang='lat' dir='ltr'><strong>quantum</strong></span> <span class='ocrx_word' id='word_1_134' title='bbox 1803 2666 1975 2736; x_wconf 91' lang='lat' dir='ltr'><strong>mihi</strong></span> <span class='ocrx_word' id='word_1_135' title='bbox 2008 2665 2447 2738; x_wconf 63' lang='lat' dir='ltr'><strong>haesitationis</strong></span> <span class='ocrx_word' id='word_1_136' title='bbox 2476 2667 2850 2766; x_wconf 81' lang='lat' dir='ltr'><strong>paraveris,</strong></span> 
     </span>
     <span class='ocr_line' id='line_1_20' title="bbox 753 2781 2856 2882; baseline 0.001 -30"><span class='ocrx_word' id='word_1_137' title='bbox 753 2808 979 2880; x_wconf 90' lang='lat' dir='ltr'><strong>quum</strong></span> <span class='ocrx_word' id='word_1_138' title='bbox 1010 2781 1425 2877; x_wconf 70' lang='lat' dir='ltr'><strong>interrogas,</strong></span> <span class='ocrx_word' id='word_1_139' title='bbox 1461 2782 1635 2852; x_wconf 87' lang='lat' dir='ltr'><strong>dum</strong></span> <span class='ocrx_word' id='word_1_140' title='bbox 1667 2782 2079 2879; x_wconf 86' lang='lat' dir='ltr'><strong>respondere</strong></span> <span class='ocrx_word' id='word_1_141' title='bbox 2119 2783 2341 2881; x_wconf 77' lang='lat' dir='ltr'><strong>cogis:</strong></span> <span class='ocrx_word' id='word_1_142' title='bbox 2376 2782 2496 2854; x_wconf 83' lang='lat' dir='ltr'><strong>sed</strong></span> <span class='ocrx_word' id='word_1_143' title='bbox 2532 2811 2745 2882; x_wconf 87' lang='lat' dir='ltr'><strong>quem</strong></span> <span class='ocrx_word' id='word_1_144' title='bbox 2789 2805 2856 2855; x_wconf 88' lang='lat' dir='ltr'><strong>et</strong></span> 
     </span>
     <span class='ocr_line' id='line_1_21' title="bbox 756 2896 2858 2998; baseline 0.001 -30"><span class='ocrx_word' id='word_1_145' title='bbox 756 2897 1042 2970; x_wconf 88' lang='lat' dir='ltr'><strong>reddere</strong></span> <span class='ocrx_word' id='word_1_146' title='bbox 1073 2954 1092 2986; x_wconf 90' lang='lat'><strong>,</strong></span> <span class='ocrx_word' id='word_1_147' title='bbox 1133 2896 1382 2968; x_wconf 90' lang='lat' dir='ltr'><strong>iterum</strong></span> <span class='ocrx_word' id='word_1_148' title='bbox 1418 2897 1718 2994; x_wconf 73' lang='lat' dir='ltr'><strong>litigare,</strong></span> <span class='ocrx_word' id='word_1_149' title='bbox 1753 2897 2059 2968; x_wconf 88' lang='lat' dir='ltr'><strong>defendi.</strong></span> <span class='ocrx_word' id='word_1_150' title='bbox 2092 2901 2209 2970; x_wconf 90' lang='lat' dir='ltr'><strong>Me</strong></span> <span class='ocrx_word' id='word_1_151' title='bbox 2234 2926 2389 2970; x_wconf 88' lang='lat' dir='ltr'><strong>vero</strong></span> <span class='ocrx_word' id='word_1_152' title='bbox 2410 2921 2577 2970; x_wconf 84' lang='lat' dir='ltr'><strong>tunc</strong></span> <span class='ocrx_word' id='word_1_153' title='bbox 2601 2900 2858 2998; x_wconf 87' lang='lat' dir='ltr'><strong>pariter</strong></span> 
     </span>
     <span class='ocr_line' id='line_1_22' title="bbox 756 3012 2851 3111; baseline -0 -25"><span class='ocrx_word' id='word_1_154' title='bbox 756 3039 1003 3087; x_wconf 90' lang='lat' dir='ltr'><strong>omnes</strong></span> <span class='ocrx_word' id='word_1_155' title='bbox 1027 3012 1341 3082; x_wconf 89' lang='lat' dir='ltr'><strong>tenuistis</strong></span> <span class='ocrx_word' id='word_1_156' title='bbox 1368 3014 1689 3101; x_wconf 85' lang='lat' dir='ltr'><strong>affectus,</strong></span> <span class='ocrx_word' id='word_1_157' title='bbox 1719 3012 2140 3109; x_wconf 76' lang='lat' dir='ltr'><strong>indignatio,</strong></span> <span class='ocrx_word' id='word_1_158' title='bbox 2168 3013 2411 3111; x_wconf 82' lang='lat' dir='ltr'><strong>pietaS,</strong></span> <span class='ocrx_word' id='word_1_159' title='bbox 2446 3015 2851 3102; x_wconf 79' lang='lat' dir='ltr'><strong>reverentia,</strong></span> 
     </span>
     <span class='ocr_line' id='line_1_23' title="bbox 758 3127 2854 3226; baseline 0 -27"><span class='ocrx_word' id='word_1_160' title='bbox 758 3128 988 3199; x_wconf 90' lang='lat' dir='ltr'><strong>dolor:</strong></span> <span class='ocrx_word' id='word_1_161' title='bbox 1031 3154 1156 3224; x_wconf 72' lang='lat' dir='ltr'><strong>ego</strong></span> <span class='ocrx_word' id='word_1_162' title='bbox 1193 3146 1469 3223; x_wconf 84' lang='lat' dir='ltr'><strong>propter</strong></span> <span class='ocrx_word' id='word_1_163' title='bbox 1510 3146 1775 3224; x_wconf 88' lang='lat' dir='ltr'><strong>patrem</strong></span> <span class='ocrx_word' id='word_1_164' title='bbox 1819 3127 1997 3196; x_wconf 89' lang='lat' dir='ltr'><strong>mori</strong></span> <span class='ocrx_word' id='word_1_165' title='bbox 2034 3153 2346 3225; x_wconf 88' lang='lat' dir='ltr'><strong>possum,</strong></span> <span class='ocrx_word' id='word_1_166' title='bbox 2382 3154 2615 3198; x_wconf 87' lang='lat' dir='ltr'><strong>coram</strong></span> <span class='ocrx_word' id='word_1_167' title='bbox 2664 3149 2854 3226; x_wconf 86' lang='lat' dir='ltr'><strong>patre</strong></span> 
     </span>
     <span class='ocr_line' id='line_1_24' title="bbox 758 3240 2855 3339; baseline 0 -26"><span class='ocrx_word' id='word_1_168' title='bbox 758 3269 904 3314; x_wconf 88' lang='lat' dir='ltr'><strong>non</strong></span> <span class='ocrx_word' id='word_1_169' title='bbox 939 3267 1220 3339; x_wconf 89' lang='lat' dir='ltr'><strong>possum</strong></span> <span class='ocrx_word' id='word_1_170' title='bbox 1249 3267 1263 3308; x_wconf 74' lang='grc' dir='ltr'>ε</span> <span class='ocrx_word' id='word_1_171' title='bbox 1298 3240 1517 3338; x_wconf 88' lang='lat' dir='ltr'><strong>adjice</strong></span> <span class='ocrx_word' id='word_1_172' title='bbox 1550 3267 1742 3311; x_wconf 91' lang='lat' dir='ltr'><strong>nunc</strong></span> <span class='ocrx_word' id='word_1_173' title='bbox 1773 3240 1957 3337; x_wconf 90' lang='lat' dir='ltr'><strong>quod</strong></span> <span class='ocrx_word' id='word_1_174' title='bbox 1994 3263 2058 3312; x_wconf 92' lang='lat' dir='ltr'><strong>et</strong></span> <span class='ocrx_word' id='word_1_175' title='bbox 2089 3241 2339 3330; x_wconf 87' lang='lat' dir='ltr'><strong>dixisti,</strong></span> <span class='ocrx_word' id='word_1_176' title='bbox 2371 3242 2555 3313; x_wconf 89' lang='lat' dir='ltr'><strong>bibe.</strong></span> <span class='ocrx_word' id='word_1_177' title='bbox 2598 3244 2666 3313; x_wconf 90' lang='lat' dir='ltr'><strong>Si</strong></span> <span class='ocrx_word' id='word_1_178' title='bbox 2696 3270 2855 3314; x_wconf 90' lang='lat' dir='ltr'><strong>me-</strong></span> 
     </span>
     <span class='ocr_line' id='line_1_25' title="bbox 759 3355 2855 3458; baseline -0.001 -27"><span class='ocrx_word' id='word_1_179' title='bbox 759 3358 990 3432; x_wconf 87' lang='lat' dir='ltr'><strong>hercle</strong></span> <span class='ocrx_word' id='word_1_180' title='bbox 1040 3357 1351 3427; x_wconf 90' lang='lat' dir='ltr'><strong>saucium</strong></span> <span class='ocrx_word' id='word_1_181' title='bbox 1391 3355 1991 3454; x_wconf 84' lang='lat' dir='ltr'><strong>palpitantemque</strong></span> <span class='ocrx_word' id='word_1_182' title='bbox 2029 3358 2344 3456; x_wconf 88' lang='lat' dir='ltr'><strong>jussisses</strong></span> <span class='ocrx_word' id='word_1_183' title='bbox 2387 3360 2662 3458; x_wconf 76' lang='lat' dir='ltr'><strong>adigere</strong></span> <span class='ocrx_word' id='word_1_184' title='bbox 2707 3361 2855 3430; x_wconf 89' lang='lat' dir='ltr'><strong>fer-</strong></span> 
     </span>
     <span class='ocr_line' id='line_1_26' title="bbox 761 3471 2853 3571; baseline 0 -25"><span class='ocrx_word' id='word_1_185' title='bbox 761 3502 917 3547; x_wconf 91' lang='lat' dir='ltr'><strong>rum</strong></span> <span class='ocrx_word' id='word_1_186' title='bbox 937 3529 954 3560; x_wconf 86' lang='lat'>‚</span> <span class='ocrx_word' id='word_1_187' title='bbox 976 3498 1360 3570; x_wconf 89' lang='lat' dir='ltr'><strong>premerem</strong></span> <span class='ocrx_word' id='word_1_188' title='bbox 1391 3471 1635 3541; x_wconf 87' lang='lat' dir='ltr'><strong>clausis</strong></span> <span class='ocrx_word' id='word_1_189' title='bbox 1654 3473 2055 3542; x_wconf 85' lang='lat' dir='ltr'><strong>vulneribus</strong></span> <span class='ocrx_word' id='word_1_190' title='bbox 2076 3475 2420 3544; x_wconf 90' lang='lat' dir='ltr'><strong>animam:</strong></span> <span class='ocrx_word' id='word_1_191' title='bbox 2448 3475 2501 3543; x_wconf 90' lang='lat' dir='ltr'><strong>si</strong></span> <span class='ocrx_word' id='word_1_192' title='bbox 2524 3475 2853 3571; x_wconf 79' lang='lat' dir='ltr'><strong>stringere</strong></span> 
     </span>
     <span class='ocr_line' id='line_1_27' title="bbox 760 3584 2850 3688; baseline 0.001 -29"><span class='ocrx_word' id='word_1_193' title='bbox 760 3608 1024 3685; x_wconf 89' lang='lat' dir='ltr'><strong>aptatos</strong></span> <span class='ocrx_word' id='word_1_194' title='bbox 1046 3586 1131 3655; x_wconf 90' lang='lat' dir='ltr'><strong>ad</strong></span> <span class='ocrx_word' id='word_1_195' title='bbox 1157 3584 1334 3655; x_wconf 88' lang='lat' dir='ltr'><strong>colla</strong></span> <span class='ocrx_word' id='word_1_196' title='bbox 1360 3610 1572 3655; x_wconf 86' lang='lat' dir='ltr'><strong>nexus</strong></span> <span class='ocrx_word' id='word_1_197' title='bbox 1592 3643 1610 3673; x_wconf 91' lang='lat'><strong>,</strong></span> <span class='ocrx_word' id='word_1_198' title='bbox 1640 3614 1924 3659; x_wconf 88' lang='lat' dir='ltr'><strong>conarer</strong></span> <span class='ocrx_word' id='word_1_199' title='bbox 1943 3589 2240 3686; x_wconf 86' lang='lat' dir='ltr'><strong>abrupto</strong></span> <span class='ocrx_word' id='word_1_200' title='bbox 2264 3589 2535 3660; x_wconf 85' lang='lat' dir='ltr'><strong>desilire</strong></span> <span class='ocrx_word' id='word_1_201' title='bbox 2559 3590 2850 3688; x_wconf 89' lang='lat' dir='ltr'><strong>laqueo:</strong></span> 
     </span>
    </p>
   </div>
   <div class='ocr_carea' id='block_1_3' title="bbox 755 3822 2852 3974">
    <p class='ocr_par' dir='ltr' id='par_1_4' title="bbox 755 3822 2852 3974">
     <span class='ocr_line' id='line_1_28' title="bbox 839 3822 2852 3904; baseline 0.003 -28"><span class='ocrx_word' id='word_1_202' title='bbox 839 3844 883 3877; x_wconf 74' lang='grc' dir='ltr'><strong>ι.</strong></span> <span class='ocrx_word' id='word_1_203' title='bbox 922 3825 1157 3875; x_wconf 81' lang='lat' dir='ltr'><strong>Retinere</strong></span> <span class='ocrx_word' id='word_1_204' title='bbox 1197 3822 1370 3875; x_wconf 83' lang='lat' dir='ltr'><strong>velles.</strong></span> <span class='ocrx_word' id='word_1_205' title='bbox 1413 3827 1575 3878; x_wconf 88' lang='lat' dir='ltr'><strong>Immo</strong></span> <span class='ocrx_word' id='word_1_206' title='bbox 1620 3828 1760 3880; x_wconf 81' lang='lat' dir='ltr'><strong>velis.</strong></span> <span class='ocrx_word' id='word_1_207' title='bbox 1846 3831 2061 3901; x_wconf 80' lang='lat' dir='ltr'><strong>aliquid,</strong></span> <span class='ocrx_word' id='word_1_208' title='bbox 2080 3831 2220 3904; x_wconf 87' lang='lat' dir='ltr'><strong>quod</strong></span> <span class='ocrx_word' id='word_1_209' title='bbox 2239 3833 2663 3884; x_wconf 82' lang='lat' dir='ltr'><strong>suadeatvivere.</strong></span> <span class='ocrx_word' id='word_1_210' title='bbox 2680 3833 2852 3884; x_wconf 68' lang='lat' dir='ltr'><strong>Gnox.</strong></span> 
     </span>
     <span class='ocr_line' id='line_1_29' title="bbox 755 3904 2717 3974; baseline 0.005 -22"><span class='ocrx_word' id='word_1_211' title='bbox 755 3905 994 3957; x_wconf 65' lang='lat' dir='ltr'><strong>Gnouov.</strong></span> <span class='ocrx_word' id='word_1_212' title='bbox 1021 3904 1096 3954; x_wconf 83' lang='lat' dir='ltr'><strong>Ita</strong></span> <span class='ocrx_word' id='word_1_213' title='bbox 1130 3905 1237 3953; x_wconf 77' lang='lat' dir='ltr'><strong>MS.</strong></span> <span class='ocrx_word' id='word_1_214' title='bbox 1268 3904 1428 3955; x_wconf 87' lang='lat' dir='ltr'><strong>Gron.</strong></span> <span class='ocrx_word' id='word_1_215' title='bbox 1470 3920 1520 3957; x_wconf 84' lang='lat' dir='ltr'><strong>et</strong></span> <span class='ocrx_word' id='word_1_216' title='bbox 1546 3907 1673 3960; x_wconf 87' lang='lat' dir='ltr'><strong>Obr.</strong></span> <span class='ocrx_word' id='word_1_217' title='bbox 1709 3908 1767 3959; x_wconf 81' lang='lat' dir='ltr'><strong>Si</strong></span> <span class='ocrx_word' id='word_1_218' title='bbox 1845 3911 2086 3974; x_wconf 82' lang='lat' dir='ltr'><strong>Mallem,</strong></span> <span class='ocrx_word' id='word_1_219' title='bbox 2115 3912 2473 3963; x_wconf 80' lang='lat' dir='ltr'><strong>blandiuntur.</strong></span> <span class='ocrx_word' id='word_1_220' title='bbox 2501 3911 2717 3963; x_wconf 71' lang='lat' dir='ltr'><strong>Senot-1¹.</strong></span> 
     </span>
    </p>
   </div>
   <div class='ocr_carea' id='block_1_4' title="bbox 758 3980 2857 4217">
    <p class='ocr_par' dir='ltr' id='par_1_5' title="bbox 758 3980 2857 4217">
     <span class='ocr_line' id='line_1_30' title="bbox 758 3980 2856 4060; baseline 0.004 -26"><span class='ocrx_word' id='word_1_221' title='bbox 758 3983 975 4034; x_wconf 79' lang='lat' dir='ltr'><strong>retinere</strong></span> <span class='ocrx_word' id='word_1_222' title='bbox 991 3980 1167 4032; x_wconf 81' lang='lat' dir='ltr'><strong>nolles.</strong></span> <span class='ocrx_word' id='word_1_223' title='bbox 1182 3982 1376 4055; x_wconf 76' lang='lat' dir='ltr'><strong>Gryph.</strong></span> <span class='ocrx_word' id='word_1_224' title='bbox 1391 3983 1561 4036; x_wconf 86' lang='lat' dir='ltr'><strong>Colin.</strong></span> <span class='ocrx_word' id='word_1_225' title='bbox 1576 3984 1762 4036; x_wconf 78' lang='lat' dir='ltr'><strong>Vidov.</strong></span> <span class='ocrx_word' id='word_1_226' title='bbox 1917 3989 1968 4040; x_wconf 89' lang='lat'><strong>3.</strong></span> <span class='ocrx_word' id='word_1_227' title='bbox 1991 3990 2275 4041; x_wconf 80' lang='lat' dir='ltr'><strong>Minimum</strong></span> <span class='ocrx_word' id='word_1_228' title='bbox 2300 4000 2385 4042; x_wconf 83' lang='lat' dir='ltr'><strong>est.</strong></span> <span class='ocrx_word' id='word_1_229' title='bbox 2415 3992 2526 4042; x_wconf 88' lang='lat' dir='ltr'><strong>Hoc</strong></span> <span class='ocrx_word' id='word_1_230' title='bbox 2550 3992 2603 4041; x_wconf 88' lang='lat' dir='ltr'><strong>in</strong></span> <span class='ocrx_word' id='word_1_231' title='bbox 2624 3988 2856 4060; x_wconf 72' lang='lat' dir='ltr'><strong>Ephesia</strong></span> 
     </span>
     <span class='ocr_line' id='line_1_31' title="bbox 759 4058 2857 4138; baseline 0.004 -26"><span class='ocrx_word' id='word_1_232' title='bbox 759 4074 814 4113; x_wconf 82' lang='lat' dir='ltr'><strong>et</strong></span> <span class='ocrx_word' id='word_1_233' title='bbox 831 4062 904 4111; x_wconf 89' lang='lat' dir='ltr'><strong>ita</strong></span> <span class='ocrx_word' id='word_1_234' title='bbox 931 4058 1139 4112; x_wconf 85' lang='lat' dir='ltr'><strong>Badius.</strong></span> <span class='ocrx_word' id='word_1_235' title='bbox 1847 4081 2085 4120; x_wconf 81' lang='lat' dir='ltr'><strong>matrona</strong></span> <span class='ocrx_word' id='word_1_236' title='bbox 2107 4071 2308 4120; x_wconf 79' lang='lat' dir='ltr'><strong>notavit</strong></span> <span class='ocrx_word' id='word_1_237' title='bbox 2328 4068 2748 4138; x_wconf 61' lang='lat' dir='ltr'><strong>elegantissimus</strong></span> <span class='ocrx_word' id='word_1_238' title='bbox 2758 4071 2857 4120; x_wconf 79' lang='lat' dir='ltr'><strong>Ar-</strong></span> 
     </span>
     <span class='ocr_line' id='line_1_32' title="bbox 830 4142 2851 4217; baseline 0.004 -24"><span class='ocrx_word' id='word_1_239' title='bbox 830 4142 1151 4193; x_wconf 78' lang='lat' dir='ltr'><strong>Ambiuntur</strong></span> <span class='ocrx_word' id='word_1_240' title='bbox 1166 4155 1349 4195; x_wconf 81' lang='lat' dir='ltr'><strong>cuncta</strong></span> <span class='ocrx_word' id='word_1_241' title='bbox 1372 4146 1630 4198; x_wconf 76' lang='lat' dir='ltr'><strong>moriendi</strong></span> <span class='ocrx_word' id='word_1_242' title='bbox 1646 4166 1765 4217; x_wconf 81' lang='lat' dir='ltr'><strong>spa·</strong></span> <span class='ocrx_word' id='word_1_243' title='bbox 1846 4149 1981 4200; x_wconf 83' lang='lat' dir='ltr'><strong>biter</strong></span> <span class='ocrx_word' id='word_1_244' title='bbox 1996 4169 2042 4201; x_wconf 91' lang='lat' dir='ltr'><strong>c.</strong></span> <span class='ocrx_word' id='word_1_245' title='bbox 2060 4152 2172 4202; x_wconf 85' lang='lat' dir='ltr'><strong>cxl</strong></span> <span class='ocrx_word' id='word_1_246' title='bbox 2194 4172 2205 4199; x_wconf 78' lang='lat' dir='ltr'><strong><em>z</em></strong></span> <span class='ocrx_word' id='word_1_247' title='bbox 2234 4173 2255 4196; x_wconf 74' lang='grc' dir='ltr'><strong>α</strong></span> <span class='ocrx_word' id='word_1_248' title='bbox 2271 4151 2441 4201; x_wconf 87' lang='lat' dir='ltr'><strong>Nemo</strong></span> <span class='ocrx_word' id='word_1_249' title='bbox 2461 4152 2652 4203; x_wconf 77' lang='lat' dir='ltr'><strong>invitus</strong></span> <span class='ocrx_word' id='word_1_250' title='bbox 2673 4148 2851 4216; x_wconf 78' lang='lat' dir='ltr'><strong>audit,</strong></span> 
     </span>
    </p>
   </div>
   <div class='ocr_carea' id='block_1_5' title="bbox 759 4221 2855 4378">
    <p class='ocr_par' dir='ltr' id='par_1_6' title="bbox 759 4221 2855 4378">
     <span class='ocr_line' id='line_1_33' title="bbox 759 4221 2855 4299; baseline 0.006 -27"><span class='ocrx_word' id='word_1_251' title='bbox 759 4222 835 4277; x_wconf 67' lang='lat' dir='ltr'><strong>tia</strong></span> <span class='ocrx_word' id='word_1_252' title='bbox 853 4240 948 4294; x_wconf 84' lang='lat' dir='ltr'><strong>pro</strong></span> <span class='ocrx_word' id='word_1_253' title='bbox 969 4221 1092 4271; x_wconf 76' lang='lat' dir='ltr'><strong>vita.</strong></span> <span class='ocrx_word' id='word_1_254' title='bbox 1118 4222 1301 4274; x_wconf 86' lang='lat' dir='ltr'><strong>Malim</strong></span> <span class='ocrx_word' id='word_1_255' title='bbox 1325 4225 1579 4276; x_wconf 77' lang='lat' dir='ltr'><strong>ambiunt.</strong></span> <span class='ocrx_word' id='word_1_256' title='bbox 1607 4225 1767 4292; x_wconf 87' lang='lat' dir='ltr'><strong>Quid·</strong></span> <span class='ocrx_word' id='word_1_257' title='bbox 1851 4250 1873 4274; x_wconf 72' lang='grc' dir='ltr'><strong>ιι</strong></span> <span class='ocrx_word' id='word_1_258' title='bbox 1896 4247 2059 4298; x_wconf 84' lang='lat' dir='ltr'><strong>quum</strong></span> <span class='ocrx_word' id='word_1_259' title='bbox 2074 4231 2297 4299; x_wconf 75' lang='lat' dir='ltr'><strong>cogitur,</strong></span> <span class='ocrx_word' id='word_1_260' title='bbox 2313 4241 2404 4280; x_wconf 88' lang='lat' dir='ltr'><strong>aut</strong></span> <span class='ocrx_word' id='word_1_261' title='bbox 2419 4228 2599 4283; x_wconf 83' lang='lat' dir='ltr'><strong>cibum</strong></span> <span class='ocrx_word' id='word_1_262' title='bbox 2611 4248 2855 4298; x_wconf 71' lang='lat' dir='ltr'><strong>sumere,</strong></span> 
     </span>
     <span class='ocr_line' id='line_1_34' title="bbox 761 4302 2440 4378; baseline 0.002 -22"><span class='ocrx_word' id='word_1_263' title='bbox 761 4302 890 4378; x_wconf 78' lang='lat' dir='ltr'><strong>quid</strong></span> <span class='ocrx_word' id='word_1_264' title='bbox 931 4305 1289 4374; x_wconf 79' lang='lat' dir='ltr'><strong>interponitur</strong></span> <span class='ocrx_word' id='word_1_265' title='bbox 1333 4324 1518 4372; x_wconf 64' lang='lat' dir='ltr'><strong>morae,</strong></span> <span class='ocrx_word' id='word_1_266' title='bbox 1567 4305 1767 4377; x_wconf 84' lang='lat' dir='ltr'><strong>praebet</strong></span> <span class='ocrx_word' id='word_1_267' title='bbox 1851 4329 1873 4353; x_wconf 74' lang='grc' dir='ltr'><strong><em>α</em></strong></span> <span class='ocrx_word' id='word_1_268' title='bbox 1895 4321 1985 4360; x_wconf 86' lang='lat' dir='ltr'><strong>aut</strong></span> <span class='ocrx_word' id='word_1_269' title='bbox 2006 4308 2193 4361; x_wconf 77' lang='lat' dir='ltr'><strong>vivere.</strong></span> <span class='ocrx_word' id='word_1_270' title='bbox 2218 4331 2240 4356; x_wconf 79' lang='grc' dir='ltr'><strong>ιι</strong></span> <span class='ocrx_word' id='word_1_271' title='bbox 2271 4309 2440 4361; x_wconf 65' lang='lat' dir='ltr'><strong>Banu.</strong></span> 
     </span>
    </p>
   </div>
  </div>
 </body>
</html>
