3200 5117
1155 521 1674 585 EXCERPTA.
2334 521 2458 601 423

287 701 301 716 .
387 644 636 744 pietas,
686 644 841 733 uhi,
890 644 1229 742 quidquid
1279 644 1385 734 fit,
1434 672 1559 744 pro
1602 645 1741 717 vita
1781 646 2121 717 fit.--M.
2156 645 2465 723 Maxima

387 777 484 828 est
523 755 876 855 impietaS‚
925 755 1228 829 occidere
1263 758 1488 829 filium
1532 785 1658 858 pro
1700 759 2023 852 homine,
2058 785 2268 859 quem
2316 786 2460 832 non

384 894 585 971 putas
630 899 1018 945 evasurum.
1047 917 1144 927 —
1173 876 1255 944 P.
1306 873 1439 945 Cui
1487 875 1871 947 credendus
1917 896 2015 947 est
2063 902 2280 974 aeger,
2330 875 2463 946 nisi

385 987 714 1060 medicis?
742 1029 841 1042 -—
870 990 975 1062 M.
1010 987 1219 1087 Atqui
1253 988 1378 1088 ipsi
1413 988 1890 1088 desperabant.
1918 1032 2017 1084 -÷
2043 992 2125 1062 P.
2160 989 2467 1089 Speravit

385 1130 606 1176 unus:
660 1103 948 1175 credidi.
985 1146 1081 1159 --
1118 1105 1220 1174 M.
1266 1104 1546 1194 Quibus
1594 1105 1858 1178 verbis?
1892 1150 1987 1161 ——
2023 1109 2104 1177 P.
2159 1108 2463 1178 Causam

384 1219 665 1318 ignoro:
704 1246 785 1291 ex
821 1219 1126 1318 inspecto
1170 1219 1562 1291 remedium
1611 1223 1772 1293 scio.
1808 1266 1906 1276 ——
1940 1224 2041 1293 M.
2082 1223 2149 1293 Ο
2182 1221 2465 1293 fallacis-

385 1333 710 1405 simum¹!
748 1333 916 1405 dicit
938 1360 1032 1423 se,
1067 1334 1256 1433 quod
1282 1334 1531 1423 nescit,
1564 1335 1757 1407 scire.
1780 1337 1973 1406 -P.
1997 1338 2229 1433 Caput
2260 1336 2463 1434 depo·

385 1447 537 1520 suit.
560 1451 777 1520 -Μ,
812 1450 1038 1519 Nemo
1080 1475 1222 1519 non
1260 1470 1446 1521 tutus
1481 1452 1851 1548 promittit,
1886 1449 2073 1549 quod
2106 1471 2463 1554 expertum

384 1563 466 1633 iri
501 1590 642 1635 non
678 1563 900 1636 debet.
922 1565 1121 1634 —P.
1164 1564 1359 1636 Idem
1397 1587 1494 1637 est
1528 1565 1847 1666 languor.
1870 1567 2084 1637 —M.
2133 1564 2280 1654 Qui
2314 1591 2467 1636 nes—

384 1677 509 1768 cit,
553 1678 742 1776 quod
784 1705 1041 1778 genus,
1096 1679 1311 1751 nescit
1349 1707 1438 1751 an
1484 1680 1919 1752 idem—P.
1954 1677 2335 1750 Simillimi.
2369 1721 2465 1732 --

383 1794 482 1863 M.
531 1793 805 1865 Tamen
852 1792 1147 1865 discreti.
1182 1838 1279 1848 -
1311 1797 1393 1865 P.
1449 1795 1674 1867 Simul
1720 1795 2107 1866 orti.—M.
2156 1792 2463 1864 Multum

382 1908 529 1980 caeli
566 1909 1027 2007 interlapsum
1053 1931 1171 1980 est.
1195 1952 1289 1963 —-
1308 1913 1390 1981 P.
1418 1911 1646 1981 Simul
1669 1911 2106 2008 languerunt.
2125 1951 2222 1963 -—-
2239 1910 2342 1979 M.
2371 1907 2468 1978 Si-

381 2024 535 2095 mul
569 2024 974 2097 evaderent:
1011 2025 1130 2095 sed
1166 2051 1290 2096 cur
1332 2023 1624 2096 occidis?
1654 2026 1982 2097 Medicus.
2031 2026 2125 2094 Ut
2166 2021 2464 2094 sanitatis

381 2166 656 2211 causam
689 2138 1060 2210 inveniam.
1081 2139 1303 2209 -M.
1341 2139 1420 2209 ld
1454 2160 1607 2228 est,·
1638 2159 1716 2210 ut
1747 2137 2093 2209 inveniam
2113 2194 2132 2228 ,
2168 2164 2288 2208 cur
2321 2163 2465 2208 non

381 2253 700 2326 debeam.
746 2256 891 2326 Cur
923 2251 1197 2351 aperis?
1227 2295 1323 2306 --
1354 2254 1542 2324 Med.
1587 2255 1683 2323 Ut
1728 2252 2101 2351 inquiram.
2125 2253 2341 2323 --M.
2392 2251 2463 2323 Si

382 2370 604 2440 statim
643 2369 972 2456 moritur,
1007 2394 1149 2439 non
1193 2367 1527 2466 acquiris:
1571 2367 1631 2438 si
1664 2367 1895 2457 durat,
1926 2366 2146 2438 sanari
2179 2384 2459 2465 poterat.

384 2483 563 2573 Quis
595 2504 860 2571 autem,
903 2504 1127 2579 patres
1159 2482 1997 2581 conscripti‚’inquirendi
2038 2480 2290 2552 modus
2320 2478 2464 2552 est?

384 2596 456 2666 in
486 2595 826 2667 viscerum
858 2595 1255 2665 tractatione
1288 2594 1713 2665 levissimum
1744 2617 1879 2684 est,
1922 2593 2110 2693 quod
2148 2613 2462 2665 mortuus

385 2710 824 2781 esu—Med.
855 2710 1144 2780 Pactum
1180 2707 1387 2779 solvi:
1423 2734 1651 2778 unum
1694 2709 1949 2779 sanavi.
1976 2749 2073 2763 -—-—
2099 2711 2201 2780 M.
2237 2710 2460 2797 Patet,

382 2826 571 2924 quod
599 2851 783 2897 unus
818 2824 1081 2896 occisus
1114 2824 1201 2895 sit
1231 2850 1246 2894 ε
1283 2823 1471 2921 quod
1505 2825 1741 2896 autem
1783 2824 1956 2895 alius
1988 2849 2111 2922 per
2151 2850 2315 2894 eum
2357 2851 2465 2896 sa-

384 2961 586 3012 natus
616 2939 864 3030 fuerit,
895 2965 1262 3038 nunquam
1298 2959 1608 3010 constare
1641 2937 1926 3036 poterit:
1963 2937 2246 3034 insuper
2272 2934 2464 3034 quod

381 3056 588 3128 totius
628 3055 882 3128 doloris
914 3054 1239 3126 cumulus
1282 3072 1414 3142 est,
1457 3051 1648 3152 quod
1680 3073 1820 3123 tam
1853 3051 2161 3124 desolatii
2195 3049 2463 3122 'honus

384 3190 482 3240 est
501 3226 520 3258 ,
562 3170 844 3242 viventis
875 3170 1082 3241 etiam
1115 3168 1248 3241 vita
1281 3168 1434 3240 laesa
1467 3188 1565 3239 est
1605 3192 1722 3257 eo,
1759 3166 1945 3265 quod
1984 3165 2207 3237 fratris
2239 3184 2460 3237 morte

384 3306 613 3357 notata
640 3307 778 3357 est:
810 3286 1161 3358 maluisset
1191 3285 1368 3385 ipse,
1403 3311 1617 3384 quam
1650 3284 1748 3356 sic
1782 3283 2002 3357 vivere
2025 3339 2044 3372 ,
2089 3282 2414 3381 languere
2435 3337 2455 3370 ‚

383 3421 584 3471 mon.

450 3585 505 3619 -ι,
549 3567 595 3620 0
617 3566 1040 3640 fallacissimum.
1080 3568 1216 3621 Edit.
1261 3571 1373 3640 Bip.
1455 3569 1582 3622 vitio
1616 3586 1932 3640 operarum,
1965 3585 2032 3619 an
2067 3564 2326 3619 consulto.
2359 3563 2451 3615 En.

383 3646 593 3700 exhibet
615 3646 1011 3719 faustissimum
1024 3686 1042 3712 ,
1088 3650 1265 3700 neseio
1308 3667 1375 3700 an
1527 3665 1577 3700 2.
1602 3648 1869 3702 Desolatii.
1893 3649 2053 3700 Forte
2070 3644 2286 3701 desolati
2307 3662 2452 3698 onus.
