3200 5117
724 519 1350 590 DECLAMATIO
1395 520 1516 582 ιν.
1564 517 1750 584 pao
1793 519 2122 613 mmo„
2360 546 2440 610 97
2531 505 2540 516 ‘

360 673 509 720 non
533 647 795 737 sinant,
820 670 903 719 ut
925 647 1102 718 inter
1125 671 1239 731 me
1266 669 1817 742 responsumque
1845 642 2171 718 decernat
2195 646 2442 718 exitus!

362 763 947 836 Mathematicum
993 762 1267 834 vincere
1322 761 1545 850 malo,
1606 785 1821 858 quam
1878 772 1896 803 ¹
1924 761 2445 859 reprehendere.

362 879 562 970 Quid
584 903 772 952 nunc
788 906 988 979 agam
1004 934 1024 968 ,
1046 899 1267 979 patres
1290 876 1687 975 conscripti,
1706 878 2313 974 quemadmodum
2338 908 2451 954 me

369 995 470 1066 vir
501 996 695 1069 fortis
722 996 810 1068 ad
838 1023 1101 1096 preces,
1135 992 1742 1093 quemadmodum
1777 993 2126 1091 parricida
2157 1022 2453 1095 compo-

368 1111 578 1182 nam?
601 1112 826 1183 dicam
844 1168 865 1201 ,
885 1110 1350 1183 miseremini?
1373 1109 1599 1181 dicam
1616 1165 1636 1197 ,
1666 1109 2210 1183 succurrite?Sic
2234 1114 2456 1209 rogari

366 1249 608 1324 contra
635 1248 933 1298 mortem
974 1225 1180 1297 solet:
1218 1252 1397 1297 novo
1437 1224 1617 1295 mihi
1655 1224 2107 1321 inauditoque
2151 1252 2327 1325 opus
2361 1248 2458 1299 est

370 1342 640 1428 ambitu
673 1339 1068 1411 malorum:
1112 1339 1248 1414 nisi
1289 1339 1597 1428 morior,
1628 1337 1993 1437 periclitor.
2030 1339 2193 1411 Ideo
2226 1340 2461 1414 videor

372 1483 613 1530 causas
628 1455 1039 1543 reddidisse,
1060 1475 1138 1526 ut
1154 1453 1651 1552 contradiceret
1668 1475 1892 1554 pater:
1921 1475 1989 1526 et
2005 1455 2062 1527 si
2095 1456 2272 1528 bene
2302 1460 2460 1530 novi

374 1570 716 1669 malignas
744 1568 1369 1666 interpretationes,
1412 1595 1559 1641 non
1586 1569 1849 1641 exitum
1893 1591 2200 1669 captasse
2228 1573 2421 1645 dicar
2442 1633 2462 1662 ,

375 1685 498 1756 sed
537 1684 1064 1784 excusationem.
1105 1682 1456 1781 Explicate
1490 1710 1614 1782 per
1653 1683 1871 1755 fidem
1912 1684 2144 1757 miseri
2181 1688 2465 1785 pudoris

377 1823 619 1872 aestum
640 1815 712 1889 ²3
752 1824 1123 1896 nunquam
1154 1798 1506 1874 videbitur
1534 1799 1718 1870 mori
1749 1800 2043 1874 voluisse
2077 1802 2421 1898 parricida
2445 1861 2464 1890 ,

379 1916 437 1987 si
462 1911 723 1988 vixerit.
1174 1903 1185 2017 ’θ
1349 1921 1363 1930 ’
2411 1998 2415 2002 ,

475 2033 696 2105 XXII.
717 2031 826 2110 Ad
850 2052 970 2104 tua
986 2058 1177 2105 nunc
1206 2057 1435 2131 genua
1457 2034 1763 2133 porrigo,
1794 2033 2059 2133 optime
2088 2054 2309 2132 pater,
2342 2034 2463 2107 has

379 2147 466 2218 ad
514 2146 733 2250 scelus
779 2167 1050 2218 tantum
1101 2149 1307 2220 fortes
1352 2173 1602 2220 manus
1629 2147 1681 2219 ³.
1725 2151 1854 2219 Per
1899 2176 2059 2247 ego,
2106 2150 2160 2221 si
2188 2149 2291 2220 fas
2337 2169 2464 2240 est,

381 2261 728 2362 quidquid
767 2261 934 2350 feci,
969 2260 1295 2360 perhanc
1324 2262 1549 2361 ipsam
1592 2263 1735 2334 mei
1764 2264 2120 2336 caritatem
2139 2322 2158 2355 ,
2187 2291 2327 2363 qua
2353 2291 2472 2336 me

382 2378 704 2449 nondum
746 2378 991 2449 timere
1034 2377 1326 2476 coepisti,
1363 2378 1717 2467 miserere3
1763 2378 1990 2454 filium
2027 2379 2280 2477 pietate
2309 2407 2473 2479 per-

384 2513 665 2576 euntem
695 2519 784 2563 ne
812 2491 981 2563 velis
1017 2493 1277 2564 exitum
1309 2491 1531 2565 facere
1579 2494 2256 2594 parricidaetpraesta
2293 2496 2473 2593 mihi

384 2605 812 2705 patientiam,
857 2633 996 2706 qua
1035 2616 1168 2679 me'
1194 2607 1406 2680 modo
1448 2607 1633 2696 bello
1667 2608 2060 2681 credidisti:
2112 2610 2303 2709 finge
2346 2639 2473 2683 nos

384 2723 458 2793 in
484 2722 631 2819 ipso
656 2723 959 2820 prosperi
988 2722 1229 2794 martis
1253 2724 1574 2796 cecidisse
1606 2725 2007 2824 complexu;
2043 2727 2476 2798 confectum-

387 2864 524 2937 que
547 2838 812 2940 magnis
831 2839 1245 2912 vulneribus
1256 2824 1539 2913 cadaver
1557 2841 1811 2912 efferri.
1834 2840 2181 2937 Relinquo
2206 2841 2333 2911 tibi
2352 2869 2476 2940 pro

391 2980 504 3024 me
533 2979 776 3026 omnes
808 2973 1119 3053 parentes
1137 2951 1207 3023 4:
1241 2954 1464 3045 hunc,
1490 2980 1631 3052 quo
1654 2980 1777 3032 nos
1806 2954 2098 3024 retinere
2117 2954 2475 3047 voluisseS,

389 3069 476 3139 in'
491 3096 817 3169 suprema
847 3096 1005 3142 mea
1035 3071 1322 3141 transfer
1353 3070 1719 3142 affectum:
1756 3070 1889 3142 tuis
1922 3069 2247 3142 manibus
2281 3096 2478 3141 com-

388 3211 571 3283 pone
586 3211 832 3284 corpus
852 3215 869 3271 ;
890 3205 1152 3257 exstrue
1171 3211 1366 3284 rogos
1384 3214 1402 3275 ;
1420 3185 1650 3256 funeri
1667 3185 1848 3286 justa
1866 3183 2184 3282 persolve.
2205 3184 2476 3256 Deinde

391 3301 612 3398 quum
627 3300 780 3400 jam
801 3299 1188 3382 novissimis
1210 3298 1457 3371 osculis
1474 3356 1493 3388 ,
1512 3324 1977 3397 supremoque
1998 3296 2355 3369 discedens
2373 3326 2482 3369 sa-

389 3413 593 3487 tiatus
622 3415 832 3486 fueris
860 3413 1217 3513 amplexu,
1246 3432 1412 3485 tunc
1438 3434 1503 3485 te
1534 3415 1635 3486 fas
1664 3435 1761 3486 est
1791 3412 2075 3486 sublatis
2105 3412 2193 3484 ad
2224 3412 2475 3485 caelum

392 3531 717 3604 manibus
745 3519 1204 3632 proclamare3
1236 3530 1756 3622 mathematice,
1786 3531 2124 3608 mentitus,
2148 3557 2237 3602 es.

469 3696 515 3731 1.
542 3677 944 3751 Reprehendere.
979 3679 1256 3750 Superstes
1290 3681 1395 3733 sci·
1476 3700 1642 3734 unum
1663 3682 1828 3735 fortes
1847 3699 2057 3734 manus.
2075 3679 2317 3732 Macrob.
2339 3681 2411 3746 11,
2434 3698 2475 3731 1:

390 3754 515 3810 licet
527 3776 648 3810 meo
662 3758 828 3829 patri,
843 3758 1040 3811 scelere
1054 3772 1283 3829 patrato.
1301 3761 1394 3814 En.
1482 3781 1504 3804 ιι
1524 3761 1693 3813 Fortis
1718 3757 1788 3812 ad
1810 3762 2046 3812 crimina.
2069 3783 2093 3806 a·
2121 3760 2215 3810 En.

466 3856 514 3889 2.
538 3838 759 3891 Pudor-is
775 3850 967 3890 oestum.
993 3839 1077 3890 sic
1095 3858 1181 3910 ap.
1202 3840 1392 3891 sustin.
1548 3842 1597 3908 4.
1635 3844 1894 3906 Parentes.
1932 3844 2091 3893 Forte
2123 3859 2251 3893 usus
2280 3852 2386 3907 est,
2418 3860 2483 3894 ex

393 3919 468 3972 xl
481 3957 501 3986 ‚
525 3938 543 3971 1
555 3919 587 3971 3
601 3958 620 3985 ,
642 3919 735 3972 ubi
759 3922 976 3972 Ber-nec.
1474 3914 1604 3966 vitio
1618 3914 1784 3966 seculi
1802 3915 1952 3965 istius
1965 3950 1981 3976 ,
1996 3930 2126 3964 voce
2141 3924 2377 3983 parentes
2390 3931 2483 3965 eo-

466 4001 516 4054 3.
554 4001 663 4053 Has
696 4002 770 4053 ad
799 4001 963 4053 scelus
1003 4012 1203 4054 tantum
1229 4000 1398 4072 fortes
1477 3995 1599 4048 dem
1624 4013 1782 4048 sensu
1802 4013 1863 4046 ac
1882 3992 2017 4044 Gall.
2035 4003 2244 4064 parents
2265 4012 2364 4062 pro
2386 4011 2483 4044 co-

393 4101 592 4134 manus.
623 4083 828 4152 Nempe
852 4097 1017 4150 quum
1043 4081 1276 4152 priorem
1302 4098 1397 4132 va·
1476 4079 1650 4149 gnaris
1679 4088 1732 4128 et
1759 4076 2095 4138 necessariis,
2128 4077 2182 4125 in
2215 4091 2347 4143 quos
2369 4077 2482 4144 jam

394 4161 719 4215 ticinationis
742 4170 949 4232 partem
977 4157 1263 4229 expleverit
1289 4159 1399 4209 for-
1478 4154 1758 4208 effundere
1777 4153 1976 4224 poteris
1996 4152 2222 4204 affectus
2237 4164 2359 4202 tuos
2374 4150 2481 4202 filio

396 4244 521 4295 niter
548 4242 734 4306 factis,
752 4240 866 4308 jam
895 4249 1096 4292 restant
1127 4235 1198 4289 ad
1229 4237 1400 4289 scelus
1480 4234 1719 4286 orbatus.
1757 4234 1931 4285 Locus
1961 4233 2149 4286 forsan
2176 4241 2479 4299 corruptus.

610 4334 659 4385 5.
2205 4334 2233 4384 7
