3200 5117
616 547 889 613 nEcL.
939 546 1063 610 v1.
1112 545 1593 613 conpoms
1643 544 2140 611 PROJECTI.
2307 550 2420 628 141

330 674 459 764 ris,
493 672 735 745 omnia
767 671 962 770 paria
993 669 1413 743 habebimus
1449 690 1696 770 praeter
1735 669 2082 744 animum.
2120 672 2282 743 Non
2326 698 2432 745 se-

325 786 630 888 pelies¹?
673 785 872 876 vide,
917 812 1185 883 quaeso,
1229 784 1390 857 vide
1439 811 1567 873 ne,
1617 784 1792 857 dum
1836 784 2095 885 litigaS,
2143 812 2431 859 arenam

325 903 579 975 fluctus
618 919 931 1001 aggeret,
980 900 1246 1002 injiciat
1298 900 1607 972 humum
1662 901 2052 975 misericors
2100 903 2427 1002 populus.

326 1017 620 1093 Obstas?
642 1019 700 1092 si
730 1017 928 1119 cujus
958 1018 1330 1091 clementia
1359 1017 1718 1090 tumulum
1754 1017 2028 1109 fecerit,
2064 1019 2334 1093 effode:
2365 1040 2433 1093 et

327 1162 547 1234 quum
586 1134 740 1208 talis
774 1134 867 1206 sis
897 1155 1153 1223 mater,
1181 1131 1361 1205 aude
1396 1132 1790 1232 indignari,
1821 1156 1889 1208 et
1920 1133 2265 1226 exclama,
2291 1163 2434 1211 ma-

326 1251 427 1350 gis
458 1251 714 1324 amavit
748 1270 1035 1349 patrem.
1076 1250 1337 1321 Cruces
1375 1249 1872 1341 succiduntur3
1914 1277 2275 1352 percussos
2318 1278 2433 1324 se-

326 1366 532 1465 peliri
580 1365 889 1437 carnifex
937 1390 1083 1438 non
1132 1383 1347 1436 vetat:
1400 1364 1532 1464 ipsi
1577 1364 1815 1463 piratae
1858 1364 2037 1440 nihil
2084 1366 2428 1464 amplius,

330 1509 546 1581 quam
586 1480 991 1582 projiciunt.

356 1654 363 1660 .
426 1599 513 1668 X.
548 1598 811 1687 Mater,
854 1621 1289 1694 quamquam
1340 1592 1474 1668 hoc
1519 1621 1787 1674 nomen
1834 1598 2186 1696 profanari
2237 1601 2433 1672 nefas

328 1731 459 1801 est,
490 1710 549 1783 si
580 1728 965 1808 perseverat
996 1735 1141 1784 esse
1174 1708 1303 1784 filii
1330 1709 1439 1780 sui
1470 1736 1801 1802 noverca,
1834 1732 1914 1784 ut
1957 1710 2088 1786 hac
2123 1714 2434 1787 crudeli-

329 1839 503 1897 tate²
546 1823 857 1897 videatur
892 1823 1142 1922 digna,
1176 1849 1329 1922 quae
1361 1825 1729 1900 orbitatem
1761 1852 1963 1900 suam
1995 1855 2140 1902 non
2175 1823 2437 1903 intelli-

327 1941 468 2038 -git3
504 1939 563 2012 si
588 1938 766 2012 ultra
788 1938 1098 2013 hostiurn
1120 1939 1493 2031 affectum,
1527 1942 1652 2039 qui
1691 1968 1896 2015 caesos
1934 1944 2083 2016 acie
2126 1971 2302 2045 saepe
2333 1966 2436 2017 tu-

333 2053 723 2146 mularunt,
763 2054 941 2127 ultra
971 2075 1337 2152 tyrannos,
1372 2055 1552 2127 ultra
1582 2057 1918 2149 latrones,
1947 2086 2199 2160 parum
2231 2061 2438 2135 habet

333 2197 479 2243 non
506 2170 796 2270 sepelire
814 2227 834 2260 ,
865 2169 1001 2242 nisi
1027 2169 1326 2242 aliorum
1355 2196 1638 2269 quoque
1663 2172 1896 2247 officia
1924 2174 2344 2272 praeciderit,
2370 2194 2438 2248 et

333 2306 605 2358 tantum
639 2312 783 2360 non
815 2285 1028 2384 petita
1070 2311 1150 2357 ex
1183 2284 1511 2359 fluctibus
1543 2313 1727 2385 aqua
1759 2287 2126 2388 restinguit
2158 2288 2434 2389 ignem3

334 2402 391 2475 si
423 2402 596 2476 adeo
629 2429 773 2476 non
809 2402 1056 2502 genuit
1085 2401 1356 2492 filium,
1389 2401 1510 2475 sed
1540 2401 1868 2493 effudit-²¹,
1902 2425 1971 2477 et
2011 2404 2133 2478 illo
2172 2405 2434 2482 infelici

334 2538 533 2617 partu
587 2518 939 2618 ingratum
987 2517 1162 2590 uteri
1210 2517 1487 2618 pondus
1530 2519 1883 2619 exposuit;
1927 2520 2088 2594 licet
2140 2522 2438 2621 imputet

337 2635 579 2725 nobis,
607 2656 683 2707 ut
711 2635 920 2726 volet,
950 2634 1140 2734 quod
1171 2635 1346 2707 tueri
1376 2662 1521 2708 non
1549 2657 1805 2735 potest,
1830 2637 2181 2737 singulare
2208 2639 2436 2711 mariti

338 2750 795 2840 desiderium,
826 2750 1054 2824 dicam
1077 2771 1314 2824 tamen
1339 2749 1530 2852 quod
1563 2751 1822 2842 senti03
1850 2753 2237 2826 excusatius
2260 2751 2438 2825 odis·

339 2885 440 2937 set
463 2864 693 2937 virum
710 2922 730 2956 ,
764 2891 977 2965 quam
1006 2863 1259 2936 filium.
1290 2864 1750 2964 Quamquam
1778 2864 1856 2936 in
1884 2865 2017 2938 hoc
2045 2887 2303 2938 mutuae
2333 2894 2437 2938 ca-

341 2979 556 3052 ritatis
581 2979 834 3052 affectu
861 2979 1053 3080 paria
1080 2978 1411 3068 fecimus;
1441 2976 1560 3051 illa
1599 2979 1836 3052 oculos
1874 3000 2159 3079 propter
2192 2981 2437 3051 matri-

343 3097 664 3170 monium
698 3096 1036 3196 neglexit,
1074 3123 1199 3196 ego
1237 3096 1505 3169 filiurn:
1536 3096 1761 3170 vicem
1800 3096 2114 3170 caecitatis
2151 3096 2436 3170 orbitate

341 3212 669 3310 persolvi:
695 3234 928 3285 tamen
947 3269 969 3303 ,
993 3211 1183 3312 quod
1213 3211 1394 3285 inter
1433 3210 1577 3284 haec
1602 3240 1884 3313 quoque
1909 3213 2094 3286 mala
2115 3212 2438 3312 privatim

343 3328 615 3401 doleam
648 3354 925 3400 necesse
954 3349 1087 3417 est,
1119 3354 1404 3399 omnem
1447 3327 1680 3417 illam,
1719 3354 1934 3425 quam
1980 3349 2437 3418 contraxerat,

342 3444 570 3543 perdit
596 3443 1030 3544 opinionem.
1073 3446 1233 3515 Jam
1277 3443 1549 3515 inimici
1596 3443 1738 3515 mei
1785 3442 2253 3544 triumphant,
2285 3443 2439 3545 jam

340 3560 600 3662 passim
638 3562 1057 3662 loquuntur3
1093 3559 1215 3633 iun
1251 3560 1548 3660 exempli
1595 3559 1881 3651 mulier,
1926 3561 2049 3633 illa
2079 3559 2290 3636 seculi
2321 3561 2442 3633 de·

342 3713 537 3786 quibus
577 3715 772 3785 passim
814 3715 1078 3777 ocem-riu
1118 3726 1173 3766 et
1211 3731 1350 3785 soepe
1502 3731 1551 3765 2.
1599 3713 1719 3766 Hac
1764 3713 2086 3767 crudelitate.
2137 3715 2295 3766 Forte
2342 3712 2440 3766 hac

342 3795 457 3866 ipse
473 3792 698 3862 Fabius,
712 3797 767 3846 in
784 3796 1017 3848 Institut.
1037 3809 1098 3850 nt
1117 3794 1209 3849 lib.
1227 3796 1348 3862 vn,
1428 3791 1629 3846 crudeli
1657 3793 1884 3845 coecime
1896 3815 1917 3856 ,-
1944 3792 2030 3846 vel
2062 3792 2162 3846 hac
2191 3791 2434 3846 cecitate.

350 3893 398 3943 1,
415 3889 469 3929 et
492 3875 634 3929 alibi.
652 3875 784 3929 Vide
804 3875 873 3929 ad
889 3879 1099 3932 Petron.
1122 3896 1239 3950 cap.
1268 3894 1348 3948 ¹9·
1429 3871 1651 3924 Senum·-

342 3955 514 4007 nunu.
1500 3953 1552 4004 3.
1589 3952 1697 4005 Sea
1726 3951 1944 4025 effudit.
1967 3950 2103 4005 vide
2133 3950 2204 4003 ad
2235 3951 2436 4007 Phaedr.

421 4053 439 4087 ι
453 4077 466 4089 .
490 4036 617 4089 Non
637 4035 888 4107 sepelies?
912 4035 1169 4107 Expunge
1193 4036 1350 4088 inter·
1428 4032 1559 4085 rab.
1584 4034 1683 4099 ΙΙΙ,
1709 4034 1803 4096 15;
1828 4045 1909 4086 est
1930 4051 2055 4084 vero
2077 4031 2230 4085 color
2252 4038 2440 4105 φησι·

344 4116 705 4184 rogationem,
729 4131 888 4185 qnam
912 4113 1195 4186 supprimit
1218 4113 1351 4166 indi·
1428 4126 1516 4166 tus
1539 4132 1604 4166 ex
1626 4112 1857 4178 Lucilio,
1879 4111 2023 4184 apud
2045 4114 2185 4165 Non.
2213 4113 2267 4164 in
2286 4115 2442 4184 posti·

342 4194 541 4264 gnatio.
604 4193 827 4247 Senum.
888 4193 1014 4247 Non
1073 4190 1348 4263 sepelieris.
1429 4214 1523 4247 ca.-
1561 4195 1730 4245 «Non
1757 4194 1994 4265 peperit,
2016 4210 2200 4245 ver-um
2231 4193 2436 4265 postica

349 4270 488 4324 reid.
513 4290 594 4344 pr.
1435 4295 1457 4317 α
1479 4286 1630 4344 parte
1653 4269 1909 4343 profudit.
1934 4294 1956 4316 n·
1987 4273 2151 4324 Runa.
