3200 5117
645 553 917 618 DECL.
965 552 1198 617 XVII.
1248 550 1730 615 VENENUM
1774 549 2253 615 EFFUSUM.
2362 550 2490 638 359

401 673 620 747 blicos
643 696 936 748 conetur
957 676 1282 765 affectuS,
1309 674 1751 775 querelarum
1772 675 1999 746 fronte
2024 694 2321 762 mutata,
2346 699 2493 746 non

401 816 647 862 sumus
676 790 836 863 novi
863 789 1056 862 vobis
1085 811 1436 862 accusator
1463 810 1534 861 et
1561 816 1753 879 reus;
1784 814 1913 860 nec
1943 814 2070 860 nos
2095 789 2321 864 modo,
2340 789 2494 888 pie-

401 908 552 980 tatis
579 934 827 980 eversae
860 934 1102 980 recens
1136 907 1428 981 asseruit
1461 905 1897 978 immanitas:
1935 906 2346 1005 parricidam
2372 933 2492 978 me

402 1022 570 1094 olim
603 1044 823 1095 vocat.
859 1027 962 1095 lta
995 1043 1096 1094 est
1124 1023 1355 1111 enim,
1388 1021 1699 1123 judices,
1735 1020 1830 1092 ita
1865 1041 2000 1112 est,
2033 1021 2186 1121 jam
2219 1019 2491 1120 pridem

401 1136 774 1209 hominum
804 1136 1278 1210 nefandorum
1306 1135 1466 1208 solis
1492 1134 1901 1208 nominibus
1928 1156 2287 1207 accusatur
2305 1149 2322 1179 ¹
2349 1162 2364 1205 :
2397 1134 2493 1205 sic

403 1250 582 1322 mihi
615 1250 735 1324 illa
768 1252 996 1350 prima
1029 1250 1238 1350 patris
1263 1251 1629 1323 maledixit
1658 1250 2007 1349 asperitas,
2043 1250 2177 1323 Hic
2213 1271 2310 1322 est
2335 1249 2491 1338 ille,

399 1391 616 1463 quem
650 1367 964 1439 desinere
996 1366 1147 1465 jam
1181 1365 1570 1466 jusseratis,
1617 1366 1737 1464 qui
1776 1392 2052 1465 semper
2091 1365 2182 1437 ad
2220 1391 2339 1436 vos
2377 1391 2491 1435 re-

402 1480 654 1570 currit,
690 1501 757 1552 et
785 1481 1105 1552 vincitur.
1137 1481 1446 1571 Fallitur,
1482 1480 1798 1579 quisquis
1825 1479 2021 1552 illam
2055 1480 2142 1552 de
2174 1479 2492 1552 moribus

401 1596 579 1667 senis
607 1595 1084 1667 lassitudinem
1107 1595 1215 1667 vel
1242 1596 1647 1696 patientiam
1671 1616 1932 1694 sperat:
1966 1596 2178 1694 patri,
2209 1596 2330 1694 qui
2359 1594 2490 1666 ab·

401 1710 632 1783 dicare
663 1739 810 1784 non
843 1713 1109 1812 potuit,
1151 1712 1390 1784 minus
1424 1733 1525 1785 est
1559 1711 1745 1783 filius
1777 1738 2073 1799 nocens,
2108 1738 2323 1811 quam
2358 1711 2491 1782 abe-

402 1828 685 1899 solutus.

504 1944 626 2013 111.
680 1943 750 2014 O
802 1940 1432 2041 pertinacissimum
1481 1962 1963 2013 accusatorum
2017 1966 2236 2038 genus
2254 1997 2274 2031 ‚
2328 1941 2489 2012 victi

401 2058 752 2156 parentes!
789 2058 969 2129 dum
1002 2057 1479 2130 auctoritatem
1513 2056 1826 2129 nominis
1856 2055 2057 2128 vestri
2088 2056 2329 2128 fortius
2364 2057 2492 2128 im-

400 2173 684 2273 periosis
701 2174 993 2247 asseritis
1015 2174 1409 2264 affectibus,
1421 2194 1501 2246 et
1516 2200 1608 2246 ne
1622 2175 1970 2273 pudorem
1986 2172 2494 2272 poenitentiam-

399 2316 536 2388 que
559 2290 958 2383 fateamini,
989 2291 1427 2362 contumacia
1452 2289 1815 2362 vindicatis
1836 2317 2137 2362 errorem
2156 2347 2177 2380 ,
2206 2290 2488 2361 calami-

402 2405 661 2477 tatibus
685 2405 861 2477 meis
884 2405 1191 2495 accessit,
1220 2426 1299 2478 ut
1322 2427 1425 2479 ter
1452 2405 1879 2502 absolverer:
1908 2431 2218 2504 namque
2243 2425 2326 2477 ut
2346 2425 2492 2477 erat

401 2519 475 2589 in
503 2546 920 2619 supervacuo
941 2521 1097 2594 odio
1122 2523 1264 2595 mei
1286 2550 1493 2595 senex
1511 2522 1741 2622 prima
1761 2521 1917 2596 luce
1932 2537 1963 2569 ²
1986 2520 2487 2621 deprehensuS,

401 2634 577 2705 ferre
615 2662 760 2707 non
796 2637 1058 2734 potuit,
1102 2637 1295 2735 quod
1327 2637 1667 2709 reddebar
1702 2637 1949 2727 invito3
2000 2659 2067 2710 et
2096 2636 2262 2736 quia
2301 2662 2344 2707 a
2368 2637 2492 2736 ju·-

401 2747 673 2821 dicibus
697 2777 842 2824 non
867 2753 1384 2852 impetraverat,
1410 2773 1489 2823 ut
1507 2752 1895 2842 abdicaret,
1921 2752 2109 2851 apud
2130 2779 2204 2824 *se
2228 2750 2485 2838 tenuit,

400 2888 490 2934 ne
525 2863 872 2937 desineret
906 2865 1039 2936 hoc
1070 2866 1272 2938 velle.
1309 2864 1623 2937 Credidit
1653 2887 1887 2938 tamen
1920 2865 2185 2965 aliquid
2216 2866 2489 2962 profec-

401 3000 644 3064 turum
685 2981 1133 3080 querelarum
1182 2979 1454 3053 errore3
1497 2982 1824 3081 repetito,
1869 3002 1934 3053 et
1969 2980 2261 3081 speravit
2294 2979 2491 3079 juxta

397 3096 916 3170 contentionem
955 3124 1155 3169 suam
1178 3155 1199 3186 ,
1240 3118 1317 3169 ut
1354 3095 1748 3169 lassesceret
1787 3097 2167 3196 aliquando
2205 3121 2329 3194 pro
2372 3120 2488 3166 me

391 3211 578 3310 justa
600 3214 969 3286 miseratio.
995 3212 1197 3303 Quid
1220 3214 1522 3285 facerem
1547 3211 1802 3312 igitur?
1825 3239 1966 3312 quo
1989 3232 2324 3283 verterem
2337 3209 2490 3308 jam

401 3325 757 3424 fatigatam
781 3327 1309 3401 innocentiam?
1333 3354 1462 3400 nec
1489 3327 1665 3399 exire
1690 3353 1805 3399 me
1828 3326 2120 3398 decebat
2143 3352 2222 3397 ex
2242 3325 2489 3411 domo,

403 3467 491 3512 ne
523 3440 789 3513 viderer
828 3443 1176 3542 quidquid
1213 3470 1333 3514 vos
1370 3470 1514 3515 non
1553 3442 2033 3530 credideratis,
2075 3466 2486 3539 agnoscere:

402 3582 530 3627 nec
549 3579 936 3656 exspectare
952 3579 1261 3657 poteram
1277 3615 1295 3647 ,
1317 3586 1541 3659 quum
1564 3558 1737 3630 mihi
1758 3584 1991 3630 rursus
2009 3556 2218 3628 aliam
2240 3555 2490 3628 seriem

481 3734 523 3769 t.
566 3721 878 3773 Nominibus
911 3733 1195 3773 accusatur.
1238 3724 1404 3774 Immo
1485 3725 1593 3775 sins
1626 3726 1797 3795 prima
1829 3722 2157 3775 defensione.
2191 3719 2493 3775 Obrechtns

400 3809 610 3848 accusat
626 3834 643 3859 2
667 3816 859 3871 nempe
881 3818 964 3852 ne
990 3814 1169 3871 pater,
1199 3813 1290 3852 aut
1315 3820 1405 3852 ac-
1483 3802 1649 3854 edidit
1668 3803 1840 3874 prima
1862 3800 1969 3854 lite.
1989 3803 2070 3854 (ΙΙ.
2097 3800 2296 3855 Schult.
2317 3800 2494 3871 prima

402 3897 660 3944 cusamur,
676 3898 774 3931 nos
790 3881 986 3932 scilicet
1003 3900 1032 3932 a
1051 3895 1219 3953 patre.
1236 3883 1401 3934 Grion.
1488 3882 1596 3932 vice
1613 3902 1628 3930 .·
1651 3880 1742 3933 sed
1759 3881 1925 3932 lucem
1941 3900 2039 3951 pro
2056 3878 2257 3949 judicio
2272 3876 2490 3949 publico

402 3956 549 4007 Idem
579 3971 756 4009 censet
783 3959 862 4010 cl.
893 3959 1091 4012 Schult.
1119 3961 1209 4031 qni
1233 3973 1289 4012 et
1315 3980 1406 4012 ac-
1485 3962 1645 4011 etiam
1670 3978 1829 4031 supra
1854 3960 2144 4010 occurrisse
2166 3957 2396 4008 memini.

399 4054 552 4088 cusor
580 4037 913 4105 conjiciebat.
953 4038 1233 4090 Ascensius
1264 4040 1407 4109 capit
1555 4040 1608 4092 3.
1638 4039 1973 4110 Quen-clarum
1995 4057 2179 4092 errore.
2209 4039 2341 4105 Quis
2368 4054 2490 4088 nam

401 4118 822 4189 impersonaliter
860 4131 1155 4184 accusatur,
1195 4121 1249 4172 id
1292 4134 1369 4173 est
1390 4159 1407 4184 ,
1485 4118 1576 4171 hic
1589 4118 1772 4170 error?
1792 4116 2071 4187 legendum
2087 4131 2249 4189 puto,
2276 4127 2489 4181 terrore,

399 4211 681 4263 accusant,
707 4198 879 4249 solent
903 4217 1169 4251 accusare.
1483 4218 1620 4271 quas
1635 4215 1792 4249 voces
1813 4198 1967 4249 toties
1978 4197 2091 4266 jam
2110 4192 2367 4249 confundi
2384 4193 2493 4245 ani-

475 4298 520 4330 2.
558 4280 742 4331 Prima
775 4280 906 4333 luce.
940 4284 1170 4353 Exponit
1206 4284 1408 4335 Ascen—
1485 4280 1817 4334 madvertere
1841 4280 1935 4331 viri
1954 4277 2117 4330 docti.
