3200 5117
902 547 1165 620 DEC'L.
1216 556 1337 618 I-X.
1384 542 1965 619 GLADIATOR.
2346 562 2469 622 225

395 703 632 749 verum
658 676 1023 748 fatendum
1051 697 1148 748 est
1167 731 1184 763 ‚
1210 675 1425 775 pudet
1451 701 1562 746 me
1589 675 1786 774 pretii
1816 676 1954 745 mei
1980 675 2213 749 :video
2237 704 2473 750 senem

397 791 820 863 meliore·sui
864 810 1056 889 parte
1092 789 1634 889 praesepultum‚·
1657 789 1886 861 omnis
1924 791 2130 862 etiam
2159 793 2314 889 spei
2337 820 2475 865 su—

398 908 786 1006 perstitem,
832 907 1119 996 orbum,
1165 906 1609 977 destitutum:
1657 904 1834 976 illud
1878 926 2107 977 tamen
2151 908 2474 979 solatium

397 1042 526 1111 est,
561 1022 749 1123 quod
783 1021 914 1092 nisi
945 1020 1155 1092 talem
1185 1019 1495 1090 amicum
1524 1018 1952 1107 habuissem,
1983 1019 2127 1092 haec
2158 1022 2243 1092 de
2277 1043 2340 1094 te
2377 1023 2479 1094 di-

311 1196 319 1203 .
397 1158 734 1209 ceremur.
755 1135 939 1207 Huic
964 1135 1141 1234 patri
1162 1149 1178 1179 ¹
1213 1133 1549 1205 invidiosa
1569 1134 1886 1230 quaedam
1908 1192 1925 1220 ‚
1947 1136 2214 1234 opinor,
2237 1159 2306 1209 et
2327 1166 2480 1235 quae

393 1253 737 1325 beneficio
775 1251 1010 1323 mortis
1053 1238 1408 1348 pensetur,
1447 1250 1815 1321 criminosa
1849 1242 2225 1324 liberalitas
2268 1254 2481 1327 conti·

396 1368 570 1464 gerit
596 1365 855 1464 egenti:
885 1365 1142 1463 alioqui
1171 1363 1312 1435 duo
1339 1385 1617 1461 egentes
1642 1422 1659 1453 ,
1693 1386 1759 1436 et
1786 1366 1959 1436 circa
1983 1368 2340 1459 omnium,
2370 1371 2476 1442 vel

394 1481 834 1578 ignotorum,
884 1480 1128 1551 domos
1166 1478 1416 1577 stipem
1461 1478 1860 1575 rogabimus
1908 1480 2178 1577 pariter.
2216 1483 2286 1553 Si
2326 1483 2481 1581 quis

399 1592 674 1691 grandis
703 1613 868 1663 natu
901 1586 1148 1690 parens
1178 1612 1307 1680 est,
1336 1591 1763 1663 miserebitur
1790 1593 2004 1664 senis:
2034 1595 2089 1664 si
2118 1597 2270 1690 quis
2285 1596 2481 1696 juve-

399 1708 505 1781 nis
555 1708 775 1799 filius,
823 1708 1264 1781 miserebitur
1315 1706 1803 1780 adolescentis:
1837 1711 2132 1781 ¹fortasse
2177 1712 2484 1809 proderit

400 1825 875 1901 mendicatum
904 1826 1079 1896 mihi
1100 1883 1122 1915 ‚
1153 1825 1344 1931 quod
1370 1825 1512 1922 ipse
1546 1824 1923 1923 aliquando
1954 1847 2270 1922 egentem
2301 1856 2480 1925 pau-

395 1966 629 2040 perem
653 1940 815 2012 alui.
840 1940 1091 2037 Accipe
1122 1939 1658 2011 satisfactionem
1676 1997 1695 2029 ,
1721 1940 1792 2010 in
1808 1964 2266 2037 quacumque
2285 1963 2480 2038 parte

399 2082 629 2128 rerum
661 2077 920 2128 naturae
955 2082 1060 2144 eS,
1097 2055 1317 2126 amice
1353 2054 1738 2159 carissime:
1777 2082 1920 2126 non
1956 2055 2262 2126 excidere
2303 2057 2480 2128 mihi

397 2193 515 2244 tua
548 2171 911 2260 mandata3
944 2173 1222 2243 fortuna
1264 2170 1541 2240 defecit:
1583 2197 1746 2268 opes
1789 2170 2222 2267 auferuntur.
2263 2171 2481 2260 Quod

398 2312 622 2358 unum
652 2285 828 2356 mihi
856 2285 1173 2356 relictum
1208 2304 1336 2373 est,
1367 2311 1453 2354 en
1481 2283 1813 2381 polliceor
1842 2284 2011 2382 patri
2048 2306 2166 2355 tuo
2199 2285 2479 2357 vicarias

397 2426 674 2471 manus:
705 2398 871 2497 quid
899 2400 1246 2498 visporro
1283 2397 1580 2470 faciam?
1615 2398 1904 2496 agrestia
1930 2410 2178 2495 opera²
2220 2398 2475 2470 delica—

395 2514 526 2586 tior
544 2572 562 2605 ‚
602 2513 790 2612 quod
818 2541 858 2584 a
885 2516 1166 2587 fortuna
1204 2511 1636 2584 nondidici?
1664 2534 1730 2583 et
1758 2512 2140 2610 quotidiani
2178 2535 2474 2609 quaestus

397 2630 623 2725 operis
655 2629 927 2699 duobus
961 2627 1323 2725 egentibus
1354 2653 1499 2697 non
1528 2628 1803 2699 sufficit.
1844 2628 2185 2700 Miserum
2220 2628 2373 2700 me!
2410 2630 2471 2702 si

402 2740 737 2813 exsolvere
768 2742 983 2813 fidem
1011 2740 1290 2813 voluero
1308 2796 1326 2828 ,
1358 2741 1641 2811 fortasse
1670 2740 1847 2812 mihi
1873 2742 1946 2811 in
1976 2740 2223 2813 ludum
2261 2769 2477 2816 rever-

403 2856 693 2928 tendum
724 2876 845 2927 est.

476 3063 493 3096 ι
509 3086 519 3096 .
545 3046 871 3119 Ηιιίσραττί,
891 3058 992 3096 etc.
1012 3048 1177 3116 Lege:
1204 3069 1224 3091 ν
1242 3046 1396 3111 Baio,
1476 3042 1620 3095 Laid.
1639 3063 1719 3114 pr.
1744 3044 2010 3095 sec.Voss.
2034 3061 2115 3113 pr.
2142 3060 2243 3095 sec.
2272 3043 2472 3114 Gryph.

404 3148 425 3170 α
442 3126 621 3198 pater,
666 3122 775 3179 noh
824 3126 1082 3180 invidiosa
1125 3127 1359 3198 quoedam
1378 3167 1395 3193 5
1474 3121 1646 3173 Colit).
1663 3120 1924 3173 videm-*et
1945 3134 2111 3173 recte:
2134 3140 2256 3172 nam
2269 3122 2477 3192 faciam

406 3230 427 3253 a
447 3209 657 3279 opinor,
676 3207 760 3261 vel
786 3227 994 3279 pascor,
1020 3226 1120 3261 nec
1153 3226 1269 3280 que
1301 3208 1395 3260 be-
1475 3203 1748 3275 praecedit,
1792 3216 1844 3255 et
1889 3222 2014 3275 opus
2045 3202 2227 3273 facere
2261 3204 2474 3256 Terent.

405 3308 426 3330 u
447 3287 634 3338 neficio
658 3290 841 3339 mortis
863 3302 1141 3360 pensetur,
1166 3286 1256 3339 sed
1291 3290 1393 3339 cri·
1476 3286 1609 3337 Eun.
1626 3286 1698 3349 11,
1723 3300 1764 3334 ι.
1783 3284 1969 3336 Heaut.
1991 3287 2039 3349 1,
2061 3299 2104 3345 ις
2130 3296 2180 3333 et
2196 3283 2284 3334 alii
2299 3283 2475 3336 dixere

409 3386 430 3409 ιι
450 3366 677 3429 ruinosa,
711 3379 807 3419 etc.
831 3391 853 3414 ι
893 3366 949 3418 ld
976 3381 1050 3418 est
1086 3367 1157 3419 ita
1182 3369 1392 3438 exigua,
1473 3364 1580 3417 hoc
1604 3383 1791 3428 sensu;
1816 3365 1895 3416 Cl.
1920 3363 2276 3434 Schultingius
2303 3378 2476 3417 tenta-

402 3456 458 3493 nt
468 3442 729 3513 culpanda
741 3444 1392 3515 etiamvideatur.Scnm:r.
1476 3446 1596 3499 bat:
1617 3465 1728 3520 αφ’.
1754 3464 1801 3498 o.
1823 3445 1924 3497 del.
1946 3446 2150 3518 quidem
2176 3465 2240 3498 ex
2251 3446 2476 3517 fonmm

474 3537 523 3570 2.
546 3519 832 3574 Delie-atior
854 3524 1158 3595 aqqmdiar?
1184 3524 1320 3595 quod
1342 3543 1392 3575 a.
1475 3546 1529 3577 n.
1550 3528 1600 3578 d,
1622 3526 1731 3593 vel,
1754 3529 1970 3598 aqrestia
1998 3530 2185 3598 opera?
2210 3527 2479 3581 delicatior

404 3596 699 3664 Delicatt'or,
721 3600 860 3672 quod
888 3602 959 3652 ad
971 3601 1265 3672 fortunam.
1284 3602 1394 3652 Lu·
1474 3605 1828 3677 quidem.exfi
1851 3625 1901 3656 n.
1919 3605 1967 3656 d.
1981 3606 2233 3657 Francius
2249 3606 2473 3677 legebat,

404 3696 507 3732 eas,
550 3679 852 3749 De'lt'catior,
872 3685 1036 3754 ⁸quod
1067 3704 1101 3735 a
1130 3683 1263 3754 βῆ.
1302 3685 1389 3734 W.
1477 3683 1573 3734 hoc
1589 3683 1886 3753 cason-tuna
1913 3702 1962 3735 n.
1990 3684 2038 3735 d.
2061 3685 2228 3736 Buta.
2283 3676 2288 3681 ⁵

2177 4354 2238 4405 15
