<?xml version="1.0" encoding="UTF-8"?>
<!DOCTYPE html PUBLIC "-//W3C//DTD XHTML 1.0 Transitional//EN"
    "http://www.w3.org/TR/xhtml1/DTD/xhtml1-transitional.dtd">
<html xmlns="http://www.w3.org/1999/xhtml" xml:lang="en" lang="en">
 <head>
  <title>
</title>
<meta http-equiv="Content-Type" content="text/html;charset=utf-8" />
  <meta name='ocr-system' content='tesseract 3.04.00' />
  <meta name='ocr-capabilities' content='ocr_page ocr_carea ocr_par ocr_line ocrx_word'/>
</head>
<body>
  <div class='ocr_page' id='page_1' title='image "./deinstitutioneo01flacgoog_0400.png"; bbox 0 0 3200 5117; ppageno 0'>
   <div class='ocr_carea' id='block_1_1' title="bbox 776 596 2352 677">
    <p class='ocr_par' dir='ltr' id='par_1_1' title="bbox 776 596 2352 677">
     <span class='ocr_line' id='line_1_1' title="bbox 776 596 2352 677; baseline -0.001 -15"><span class='ocrx_word' id='word_1_1' title='bbox 776 601 900 664; x_wconf 78' lang='lat'>356</span> <span class='ocrx_word' id='word_1_2' title='bbox 1281 597 1367 658; x_wconf 82' lang='lat' dir='ltr'>M.</span> <span class='ocrx_word' id='word_1_3' title='bbox 1419 596 1665 658; x_wconf 80' lang='lat' dir='ltr'>FABll</span> <span class='ocrx_word' id='word_1_4' title='bbox 1713 596 2352 677; x_wconf 74' lang='lat' dir='ltr'>QUINTILIAM</span> 
     </span>
    </p>
   </div>
   <div class='ocr_carea' id='block_1_2' title="bbox 752 718 2865 3131">
    <p class='ocr_par' dir='ltr' id='par_1_2' title="bbox 767 718 2865 1399">
     <span class='ocr_line' id='line_1_2' title="bbox 771 718 2865 817; baseline 0 -22"><span class='ocrx_word' id='word_1_5' title='bbox 771 723 1072 795; x_wconf 89' lang='lat' dir='ltr'>dendam</span> <span class='ocrx_word' id='word_1_6' title='bbox 1096 720 1481 791; x_wconf 80' lang='lat' dir='ltr'>deduxisset</span> <span class='ocrx_word' id='word_1_7' title='bbox 1506 718 1812 815; x_wconf 76' lang='lat' dir='ltr'>alligatos</span> <span class='ocrx_word' id='word_1_8' title='bbox 1839 719 2085 817; x_wconf 87' lang='lat' dir='ltr'>aliquis</span> <span class='ocrx_word' id='word_1_9' title='bbox 2110 720 2374 792; x_wconf 84' lang='lat' dir='ltr'>satelles</span> <span class='ocrx_word' id='word_1_10' title='bbox 2398 778 2416 808; x_wconf 85' lang='lat'>,</span> <span class='ocrx_word' id='word_1_11' title='bbox 2444 722 2496 792; x_wconf 91' lang='lat' dir='ltr'>si</span> <span class='ocrx_word' id='word_1_12' title='bbox 2525 721 2865 795; x_wconf 78' lang='lat' dir='ltr'>barbarus</span> 
     </span>
     <span class='ocr_line' id='line_1_3' title="bbox 770 833 2865 936; baseline -0.002 -25"><span class='ocrx_word' id='word_1_13' title='bbox 770 837 1062 936; x_wconf 86' lang='lat' dir='ltr'>aliquis?</span> <span class='ocrx_word' id='word_1_14' title='bbox 1093 835 1408 907; x_wconf 82' lang='lat' dir='ltr'>fruereris</span> <span class='ocrx_word' id='word_1_15' title='bbox 1440 833 1659 905; x_wconf 90' lang='lat' dir='ltr'>oculis</span> <span class='ocrx_word' id='word_1_16' title='bbox 1680 893 1696 921; x_wconf 85' lang='lat'>,</span> <span class='ocrx_word' id='word_1_17' title='bbox 1730 835 2053 905; x_wconf 83' lang='lat' dir='ltr'>fruereris</span> <span class='ocrx_word' id='word_1_18' title='bbox 2079 835 2558 934; x_wconf 82' lang='lat' dir='ltr'>amplexibus?</span> <span class='ocrx_word' id='word_1_19' title='bbox 2588 864 2728 909; x_wconf 89' lang='lat' dir='ltr'>non</span> <span class='ocrx_word' id='word_1_20' title='bbox 2763 860 2865 908; x_wconf 89' lang='lat' dir='ltr'>est</span> 
     </span>
     <span class='ocr_line' id='line_1_4' title="bbox 768 949 2862 1055; baseline -0.002 -27"><span class='ocrx_word' id='word_1_21' title='bbox 768 955 956 1055; x_wconf 91' lang='lat' dir='ltr'>quod</span> <span class='ocrx_word' id='word_1_22' title='bbox 983 974 1047 1024; x_wconf 90' lang='lat' dir='ltr'>te</span> <span class='ocrx_word' id='word_1_23' title='bbox 1081 954 1203 1022; x_wconf 88' lang='lat' dir='ltr'>ista</span> <span class='ocrx_word' id='word_1_24' title='bbox 1231 972 1587 1047; x_wconf 81' lang='lat' dir='ltr'>tamquam</span> <span class='ocrx_word' id='word_1_25' title='bbox 1616 949 1861 1038; x_wconf 77' lang='lat' dir='ltr'>levior,</span> <span class='ocrx_word' id='word_1_26' title='bbox 1891 972 2248 1048; x_wconf 84' lang='lat' dir='ltr'>tamquam</span> <span class='ocrx_word' id='word_1_27' title='bbox 2287 953 2663 1051; x_wconf 83' lang='lat' dir='ltr'>expeditior</span> <span class='ocrx_word' id='word_1_28' title='bbox 2687 980 2862 1025; x_wconf 87' lang='lat' dir='ltr'>con-</span> 
     </span>
     <span class='ocr_line' id='line_1_5' title="bbox 771 1063 2862 1163; baseline -0.002 -21"><span class='ocrx_word' id='word_1_29' title='bbox 771 1071 941 1141; x_wconf 91' lang='lat' dir='ltr'>ditio</span> <span class='ocrx_word' id='word_1_30' title='bbox 969 1066 1283 1163; x_wconf 86' lang='lat' dir='ltr'>decipiat.</span> <span class='ocrx_word' id='word_1_31' title='bbox 1317 1063 1511 1154; x_wconf 90' lang='lat' dir='ltr'>Quid</span> <span class='ocrx_word' id='word_1_32' title='bbox 1546 1084 1744 1161; x_wconf 88' lang='lat' dir='ltr'>putas</span> <span class='ocrx_word' id='word_1_33' title='bbox 1777 1091 1917 1134; x_wconf 88' lang='lat' dir='ltr'>esse</span> <span class='ocrx_word' id='word_1_34' title='bbox 1940 1122 1956 1152; x_wconf 88' lang='lat'>,</span> <span class='ocrx_word' id='word_1_35' title='bbox 1995 1065 2180 1162; x_wconf 89' lang='lat' dir='ltr'>quod</span> <span class='ocrx_word' id='word_1_36' title='bbox 2221 1093 2333 1137; x_wconf 92' lang='lat' dir='ltr'>me</span> <span class='ocrx_word' id='word_1_37' title='bbox 2370 1066 2633 1138; x_wconf 84' lang='lat' dir='ltr'>dimisit</span> <span class='ocrx_word' id='word_1_38' title='bbox 2665 1070 2862 1139; x_wconf 89' lang='lat' dir='ltr'>solu-</span> 
     </span>
     <span class='ocr_line' id='line_1_6' title="bbox 767 1180 2860 1281; baseline -0 -24"><span class='ocrx_word' id='word_1_39' title='bbox 767 1208 916 1258; x_wconf 90' lang='lat' dir='ltr'>tum</span> <span class='ocrx_word' id='word_1_40' title='bbox 939 1243 955 1274; x_wconf 90' lang='lat'>,</span> <span class='ocrx_word' id='word_1_41' title='bbox 989 1185 1085 1255; x_wconf 87' lang='lat' dir='ltr'>ire</span> <span class='ocrx_word' id='word_1_42' title='bbox 1106 1210 1244 1281; x_wconf 95' lang='lat' dir='ltr'>quo</span> <span class='ocrx_word' id='word_1_43' title='bbox 1272 1180 1562 1251; x_wconf 80' lang='lat' dir='ltr'>vellem?</span> <span class='ocrx_word' id='word_1_44' title='bbox 1592 1180 1889 1251; x_wconf 84' lang='lat' dir='ltr'>crudelis</span> <span class='ocrx_word' id='word_1_45' title='bbox 1921 1181 2159 1252; x_wconf 84' lang='lat' dir='ltr'>artifex</span> <span class='ocrx_word' id='word_1_46' title='bbox 2186 1210 2326 1253; x_wconf 90' lang='lat' dir='ltr'>non</span> <span class='ocrx_word' id='word_1_47' title='bbox 2356 1183 2631 1279; x_wconf 89' lang='lat' dir='ltr'>reliquit</span> <span class='ocrx_word' id='word_1_48' title='bbox 2662 1185 2860 1257; x_wconf 89' lang='lat' dir='ltr'>nobis</span> 
     </span>
     <span class='ocr_line' id='line_1_7' title="bbox 771 1303 1417 1399; baseline -0.011 -26"><span class='ocrx_word' id='word_1_49' title='bbox 771 1323 845 1373; x_wconf 86' lang='lat' dir='ltr'>ut</span> <span class='ocrx_word' id='word_1_50' title='bbox 876 1303 1417 1399; x_wconf 86' lang='lat' dir='ltr'>imponeremus.</span> 
     </span>
    </p>

    <p class='ocr_par' dir='ltr' id='par_1_3' title="bbox 752 1410 2854 3131">
     <span class='ocr_line' id='line_1_8' title="bbox 864 1410 2854 1513; baseline 0 -27"><span class='ocrx_word' id='word_1_51' title='bbox 864 1418 981 1486; x_wconf 83' lang='lat' dir='ltr'>xl.</span> <span class='ocrx_word' id='word_1_52' title='bbox 1011 1417 1449 1513; x_wconf 82' lang='lat' dir='ltr'>Supervacuo</span> <span class='ocrx_word' id='word_1_53' title='bbox 1473 1410 1680 1508; x_wconf 79' lang='lat' dir='ltr'>igitur</span> <span class='ocrx_word' id='word_1_54' title='bbox 1699 1412 1830 1482; x_wconf 91' lang='lat' dir='ltr'>hoc</span> <span class='ocrx_word' id='word_1_55' title='bbox 1856 1439 1973 1482; x_wconf 88' lang='lat' dir='ltr'>vos</span> <span class='ocrx_word' id='word_1_56' title='bbox 2000 1412 2073 1481; x_wconf 90' lang='lat' dir='ltr'>in</span> <span class='ocrx_word' id='word_1_57' title='bbox 2102 1414 2341 1484; x_wconf 79' lang='lat' dir='ltr'>matris</span> <span class='ocrx_word' id='word_1_58' title='bbox 2368 1440 2569 1485; x_wconf 87' lang='lat' dir='ltr'>causa</span> <span class='ocrx_word' id='word_1_59' title='bbox 2595 1438 2854 1504; x_wconf 82' lang='lat' dir='ltr'>movet,</span> 
     </span>
     <span class='ocr_line' id='line_1_9' title="bbox 768 1525 2854 1630; baseline -0.001 -28"><span class='ocrx_word' id='word_1_60' title='bbox 768 1531 956 1630; x_wconf 89' lang='lat' dir='ltr'>quod</span> <span class='ocrx_word' id='word_1_61' title='bbox 983 1557 1154 1601; x_wconf 82' lang='lat' dir='ltr'>caeca</span> <span class='ocrx_word' id='word_1_62' title='bbox 1185 1548 1319 1599; x_wconf 89' lang='lat' dir='ltr'>est:</span> <span class='ocrx_word' id='word_1_63' title='bbox 1348 1525 1476 1596; x_wconf 91' lang='lat' dir='ltr'>hoc</span> <span class='ocrx_word' id='word_1_64' title='bbox 1496 1583 1512 1612; x_wconf 82' lang='lat'>,</span> <span class='ocrx_word' id='word_1_65' title='bbox 1541 1525 1730 1623; x_wconf 89' lang='lat' dir='ltr'>quod</span> <span class='ocrx_word' id='word_1_66' title='bbox 1765 1525 1964 1596; x_wconf 89' lang='lat' dir='ltr'>nobis</span> <span class='ocrx_word' id='word_1_67' title='bbox 1997 1526 2330 1598; x_wconf 83' lang='lat' dir='ltr'>invidiam</span> <span class='ocrx_word' id='word_1_68' title='bbox 2361 1528 2522 1598; x_wconf 88' lang='lat' dir='ltr'>facit</span> <span class='ocrx_word' id='word_1_69' title='bbox 2548 1529 2854 1600; x_wconf 81' lang='lat' dir='ltr'>vulneri-</span> 
     </span>
     <span class='ocr_line' id='line_1_10' title="bbox 764 1641 2851 1740; baseline -0.001 -22"><span class='ocrx_word' id='word_1_70' title='bbox 764 1647 895 1719; x_wconf 89' lang='lat' dir='ltr'>bus</span> <span class='ocrx_word' id='word_1_71' title='bbox 939 1645 1297 1720; x_wconf 87' lang='lat' dir='ltr'>oculorum</span> <span class='ocrx_word' id='word_1_72' title='bbox 1321 1701 1339 1731; x_wconf 82' lang='lat'>‚</span> <span class='ocrx_word' id='word_1_73' title='bbox 1390 1641 1598 1713; x_wconf 85' lang='lat' dir='ltr'>nolite</span> <span class='ocrx_word' id='word_1_74' title='bbox 1650 1641 2005 1713; x_wconf 87' lang='lat' dir='ltr'>detinendi</span> <span class='ocrx_word' id='word_1_75' title='bbox 2057 1662 2293 1740; x_wconf 88' lang='lat' dir='ltr'>putare</span> <span class='ocrx_word' id='word_1_76' title='bbox 2343 1669 2620 1732; x_wconf 86' lang='lat' dir='ltr'>causas;</span> <span class='ocrx_word' id='word_1_77' title='bbox 2667 1644 2851 1715; x_wconf 89' lang='lat' dir='ltr'>idem</span> 
     </span>
     <span class='ocr_line' id='line_1_11' title="bbox 763 1757 2852 1855; baseline -0.001 -22"><span class='ocrx_word' id='word_1_78' title='bbox 763 1763 1002 1834; x_wconf 83' lang='lat' dir='ltr'>videns</span> <span class='ocrx_word' id='word_1_79' title='bbox 1024 1763 1300 1832; x_wconf 88' lang='lat' dir='ltr'>faceret:</span> <span class='ocrx_word' id='word_1_80' title='bbox 1327 1785 1451 1829; x_wconf 90' lang='lat' dir='ltr'>nec</span> <span class='ocrx_word' id='word_1_81' title='bbox 1470 1758 1623 1855; x_wconf 90' lang='lat' dir='ltr'>plus</span> <span class='ocrx_word' id='word_1_82' title='bbox 1642 1779 1761 1846; x_wconf 87' lang='lat' dir='ltr'>est,</span> <span class='ocrx_word' id='word_1_83' title='bbox 1780 1758 1967 1855; x_wconf 90' lang='lat' dir='ltr'>quod</span> <span class='ocrx_word' id='word_1_84' title='bbox 1987 1785 2126 1829; x_wconf 89' lang='lat' dir='ltr'>non</span> <span class='ocrx_word' id='word_1_85' title='bbox 2148 1779 2363 1855; x_wconf 90' lang='lat' dir='ltr'>potest</span> <span class='ocrx_word' id='word_1_86' title='bbox 2378 1757 2636 1829; x_wconf 86' lang='lat' dir='ltr'>caecitas</span> <span class='ocrx_word' id='word_1_87' title='bbox 2650 1760 2852 1850; x_wconf 77' lang='lat' dir='ltr'>ferre,</span> 
     </span>
     <span class='ocr_line' id='line_1_12' title="bbox 764 1874 2850 1979; baseline -0.003 -27"><span class='ocrx_word' id='word_1_88' title='bbox 764 1907 977 1979; x_wconf 88' lang='lat' dir='ltr'>quam</span> <span class='ocrx_word' id='word_1_89' title='bbox 1012 1898 1252 1949; x_wconf 84' lang='lat' dir='ltr'>mater:</span> <span class='ocrx_word' id='word_1_90' title='bbox 1285 1897 1360 1946; x_wconf 89' lang='lat' dir='ltr'>ut</span> <span class='ocrx_word' id='word_1_91' title='bbox 1385 1875 1619 1973; x_wconf 86' lang='lat' dir='ltr'>aliqua</span> <span class='ocrx_word' id='word_1_92' title='bbox 1650 1874 1790 1944; x_wconf 83' lang='lat' dir='ltr'>filio</span> <span class='ocrx_word' id='word_1_93' title='bbox 1817 1901 2043 1945; x_wconf 88' lang='lat' dir='ltr'>carere</span> <span class='ocrx_word' id='word_1_94' title='bbox 2084 1901 2225 1945; x_wconf 89' lang='lat' dir='ltr'>non</span> <span class='ocrx_word' id='word_1_95' title='bbox 2253 1875 2497 1972; x_wconf 87' lang='lat' dir='ltr'>possit,</span> <span class='ocrx_word' id='word_1_96' title='bbox 2526 1902 2850 1946; x_wconf 89' lang='lat' dir='ltr'>nonnun-</span> 
     </span>
     <span class='ocr_line' id='line_1_13' title="bbox 763 1988 2853 2094; baseline -0.001 -27"><span class='ocrx_word' id='word_1_97' title='bbox 763 2023 976 2094; x_wconf 85' lang='lat' dir='ltr'>quam</span> <span class='ocrx_word' id='word_1_98' title='bbox 1007 1993 1351 2064; x_wconf 89' lang='lat' dir='ltr'>calamitas</span> <span class='ocrx_word' id='word_1_99' title='bbox 1377 1991 1558 2061; x_wconf 88' lang='lat' dir='ltr'>facit.</span> <span class='ocrx_word' id='word_1_100' title='bbox 1589 1990 1801 2078; x_wconf 88' lang='lat' dir='ltr'>Quod</span> <span class='ocrx_word' id='word_1_101' title='bbox 1828 1988 1921 2076; x_wconf 86' lang='lat' dir='ltr'>si,</span> <span class='ocrx_word' id='word_1_102' title='bbox 1940 1989 2210 2091; x_wconf 87' lang='lat' dir='ltr'>judices</span> <span class='ocrx_word' id='word_1_103' title='bbox 2230 2048 2247 2078; x_wconf 84' lang='lat'>‚</span> <span class='ocrx_word' id='word_1_104' title='bbox 2277 1991 2350 2060; x_wconf 87' lang='lat' dir='ltr'>in</span> <span class='ocrx_word' id='word_1_105' title='bbox 2377 2018 2665 2089; x_wconf 89' lang='lat' dir='ltr'>persona</span> <span class='ocrx_word' id='word_1_106' title='bbox 2689 2019 2853 2064; x_wconf 88' lang='lat' dir='ltr'>mea</span> 
     </span>
     <span class='ocr_line' id='line_1_14' title="bbox 762 2105 2848 2203; baseline -0.002 -21"><span class='ocrx_word' id='word_1_107' title='bbox 762 2138 888 2182; x_wconf 88' lang='lat' dir='ltr'>nec</span> <span class='ocrx_word' id='word_1_108' title='bbox 922 2110 1173 2180; x_wconf 86' lang='lat' dir='ltr'>affectu</span> <span class='ocrx_word' id='word_1_109' title='bbox 1214 2135 1337 2177; x_wconf 92' lang='lat' dir='ltr'>nec</span> <span class='ocrx_word' id='word_1_110' title='bbox 1374 2105 1629 2175; x_wconf 89' lang='lat' dir='ltr'>meritis</span> <span class='ocrx_word' id='word_1_111' title='bbox 1670 2105 1954 2176; x_wconf 82' lang='lat' dir='ltr'>inferior</span> <span class='ocrx_word' id='word_1_112' title='bbox 1985 2126 2080 2175; x_wconf 91' lang='lat' dir='ltr'>est</span> <span class='ocrx_word' id='word_1_113' title='bbox 2117 2105 2420 2192; x_wconf 81' lang='lat' dir='ltr'>amicus,</span> <span class='ocrx_word' id='word_1_114' title='bbox 2458 2106 2624 2203; x_wconf 88' lang='lat' dir='ltr'>quid</span> <span class='ocrx_word' id='word_1_115' title='bbox 2656 2106 2848 2178; x_wconf 81' lang='lat' dir='ltr'>aliud</span> 
     </span>
     <span class='ocr_line' id='line_1_15' title="bbox 752 2223 2850 2327; baseline -0.001 -29"><span class='ocrx_word' id='word_1_116' title='bbox 752 2227 1012 2327; x_wconf 85' lang='lat' dir='ltr'>justitia</span> <span class='ocrx_word' id='word_1_117' title='bbox 1035 2245 1250 2296; x_wconf 82' lang='lat' dir='ltr'>vestra</span> <span class='ocrx_word' id='word_1_118' title='bbox 1277 2224 1480 2294; x_wconf 91' lang='lat' dir='ltr'>debet</span> <span class='ocrx_word' id='word_1_119' title='bbox 1505 2223 1853 2293; x_wconf 85' lang='lat' dir='ltr'>attendere</span> <span class='ocrx_word' id='word_1_120' title='bbox 1875 2279 1892 2310; x_wconf 85' lang='lat'>,</span> <span class='ocrx_word' id='word_1_121' title='bbox 1920 2250 2137 2321; x_wconf 87' lang='lat' dir='ltr'>quam</span> <span class='ocrx_word' id='word_1_122' title='bbox 2163 2245 2310 2294; x_wconf 84' lang='lat' dir='ltr'>uter</span> <span class='ocrx_word' id='word_1_123' title='bbox 2329 2223 2486 2320; x_wconf 89' lang='lat' dir='ltr'>plus</span> <span class='ocrx_word' id='word_1_124' title='bbox 2515 2223 2850 2321; x_wconf 83' lang='lat' dir='ltr'>patiatur?</span> 
     </span>
     <span class='ocr_line' id='line_1_16' title="bbox 754 2339 2847 2441; baseline -0 -28"><span class='ocrx_word' id='word_1_125' title='bbox 754 2344 905 2441; x_wconf 85' lang='lat' dir='ltr'>jam</span> <span class='ocrx_word' id='word_1_126' title='bbox 933 2340 1195 2411; x_wconf 83' lang='lat' dir='ltr'>satiavit</span> <span class='ocrx_word' id='word_1_127' title='bbox 1220 2340 1529 2409; x_wconf 84' lang='lat' dir='ltr'>dolorem</span> <span class='ocrx_word' id='word_1_128' title='bbox 1556 2360 1796 2425; x_wconf 81' lang='lat' dir='ltr'>mater,</span> <span class='ocrx_word' id='word_1_129' title='bbox 1826 2341 2066 2435; x_wconf 79' lang='lat' dir='ltr'>egessit</span> <span class='ocrx_word' id='word_1_130' title='bbox 2086 2361 2282 2410; x_wconf 86' lang='lat' dir='ltr'>aestus</span> <span class='ocrx_word' id='word_1_131' title='bbox 2302 2396 2319 2425; x_wconf 81' lang='lat'>,</span> <span class='ocrx_word' id='word_1_132' title='bbox 2348 2340 2601 2410; x_wconf 83' lang='lat' dir='ltr'>effudit</span> <span class='ocrx_word' id='word_1_133' title='bbox 2631 2339 2847 2439; x_wconf 89' lang='lat' dir='ltr'>impe-</span> 
     </span>
     <span class='ocr_line' id='line_1_17' title="bbox 762 2453 2844 2556; baseline -0 -29"><span class='ocrx_word' id='word_1_134' title='bbox 762 2480 949 2545; x_wconf 83' lang='lat' dir='ltr'>tum3</span> <span class='ocrx_word' id='word_1_135' title='bbox 977 2455 1126 2556; x_wconf 88' lang='lat' dir='ltr'>jam</span> <span class='ocrx_word' id='word_1_136' title='bbox 1163 2481 1304 2523; x_wconf 89' lang='lat' dir='ltr'>non</span> <span class='ocrx_word' id='word_1_137' title='bbox 1347 2453 1742 2524; x_wconf 89' lang='lat' dir='ltr'>desiderant</span> <span class='ocrx_word' id='word_1_138' title='bbox 1781 2454 1999 2543; x_wconf 85' lang='lat' dir='ltr'>oculi,</span> <span class='ocrx_word' id='word_1_139' title='bbox 2037 2482 2263 2551; x_wconf 89' lang='lat' dir='ltr'>quum</span> <span class='ocrx_word' id='word_1_140' title='bbox 2290 2455 2568 2526; x_wconf 85' lang='lat' dir='ltr'>cadunt.</span> <span class='ocrx_word' id='word_1_141' title='bbox 2606 2455 2844 2555; x_wconf 90' lang='lat' dir='ltr'>Adjice</span> 
     </span>
     <span class='ocr_line' id='line_1_18' title="bbox 762 2567 2841 2670; baseline 0 -29"><span class='ocrx_word' id='word_1_142' title='bbox 762 2571 949 2670; x_wconf 90' lang='lat' dir='ltr'>quod</span> <span class='ocrx_word' id='word_1_143' title='bbox 976 2571 1151 2639; x_wconf 89' lang='lat' dir='ltr'>hanc</span> <span class='ocrx_word' id='word_1_144' title='bbox 1179 2567 1746 2667; x_wconf 85' lang='lat' dir='ltr'>qualemcunque</span> <span class='ocrx_word' id='word_1_145' title='bbox 1772 2571 2122 2641; x_wconf 88' lang='lat' dir='ltr'>fortunam</span> <span class='ocrx_word' id='word_1_146' title='bbox 2154 2571 2332 2641; x_wconf 86' lang='lat' dir='ltr'>inter</span> <span class='ocrx_word' id='word_1_147' title='bbox 2346 2571 2606 2641; x_wconf 89' lang='lat' dir='ltr'>amicos</span> <span class='ocrx_word' id='word_1_148' title='bbox 2623 2593 2841 2662; x_wconf 84' lang='lat' dir='ltr'>tenet,</span> 
     </span>
     <span class='ocr_line' id='line_1_19' title="bbox 762 2685 2840 2784; baseline 0 -24"><span class='ocrx_word' id='word_1_149' title='bbox 762 2689 939 2760; x_wconf 88' lang='lat' dir='ltr'>inter</span> <span class='ocrx_word' id='word_1_150' title='bbox 959 2685 1385 2784; x_wconf 88' lang='lat' dir='ltr'>propinquos</span> <span class='ocrx_word' id='word_1_151' title='bbox 1406 2743 1422 2773; x_wconf 89' lang='lat'>‚</span> <span class='ocrx_word' id='word_1_152' title='bbox 1452 2685 1657 2756; x_wconf 88' lang='lat' dir='ltr'>habet</span> <span class='ocrx_word' id='word_1_153' title='bbox 1683 2687 1924 2756; x_wconf 89' lang='lat' dir='ltr'>omnia</span> <span class='ocrx_word' id='word_1_154' title='bbox 1952 2686 2327 2757; x_wconf 81' lang='lat' dir='ltr'>ministeria</span> <span class='ocrx_word' id='word_1_155' title='bbox 2342 2715 2465 2758; x_wconf 84' lang='lat' dir='ltr'>sua</span> <span class='ocrx_word' id='word_1_156' title='bbox 2488 2688 2803 2760; x_wconf 87' lang='lat' dir='ltr'>debilitas</span> <span class='ocrx_word' id='word_1_157' title='bbox 2821 2747 2840 2778; x_wconf 91' lang='lat'>‚</span> 
     </span>
     <span class='ocr_line' id='line_1_20' title="bbox 761 2801 2841 2900; baseline 0 -25"><span class='ocrx_word' id='word_1_158' title='bbox 761 2831 914 2875; x_wconf 88' lang='lat' dir='ltr'>suas</span> <span class='ocrx_word' id='word_1_159' title='bbox 950 2801 1487 2900; x_wconf 86' lang='lat' dir='ltr'>cooperationes:</span> <span class='ocrx_word' id='word_1_160' title='bbox 1530 2803 1631 2873; x_wconf 90' lang='lat' dir='ltr'>vis</span> <span class='ocrx_word' id='word_1_161' title='bbox 1667 2803 1835 2873; x_wconf 86' lang='lat' dir='ltr'>scire</span> <span class='ocrx_word' id='word_1_162' title='bbox 1876 2825 2136 2900; x_wconf 88' lang='lat' dir='ltr'>quanto</span> <span class='ocrx_word' id='word_1_163' title='bbox 2181 2803 2683 2876; x_wconf 80' lang='lat' dir='ltr'>intolerabilius</span> <span class='ocrx_word' id='word_1_164' title='bbox 2722 2806 2841 2896; x_wconf 86' lang='lat' dir='ltr'>sit,</span> 
     </span>
     <span class='ocr_line' id='line_1_21' title="bbox 763 2916 2837 3017; baseline -0.001 -27"><span class='ocrx_word' id='word_1_165' title='bbox 763 2919 948 3017; x_wconf 86' lang='lat' dir='ltr'>quod</span> <span class='ocrx_word' id='word_1_166' title='bbox 970 2918 1222 3016; x_wconf 89' lang='lat' dir='ltr'>patitur</span> <span class='ocrx_word' id='word_1_167' title='bbox 1237 2916 1531 2988; x_wconf 84' lang='lat' dir='ltr'>amicus?</span> <span class='ocrx_word' id='word_1_168' title='bbox 1548 2918 1977 2989; x_wconf 84' lang='lat' dir='ltr'>excaecavitte</span> <span class='ocrx_word' id='word_1_169' title='bbox 1995 2976 2013 3005; x_wconf 84' lang='lat'>‚</span> <span class='ocrx_word' id='word_1_170' title='bbox 2039 2917 2226 3014; x_wconf 85' lang='lat' dir='ltr'>quod</span> <span class='ocrx_word' id='word_1_171' title='bbox 2249 2945 2375 3014; x_wconf 80' lang='lat' dir='ltr'>ego</span> <span class='ocrx_word' id='word_1_172' title='bbox 2398 2918 2494 2989; x_wconf 89' lang='lat' dir='ltr'>sic</span> <span class='ocrx_word' id='word_1_173' title='bbox 2515 2919 2795 2989; x_wconf 85' lang='lat' dir='ltr'>tenebar</span> <span class='ocrx_word' id='word_1_174' title='bbox 2822 2948 2837 2988; x_wconf 92' lang='lat'><strong>:</strong></span> 
     </span>
     <span class='ocr_line' id='line_1_22' title="bbox 763 3031 2767 3131; baseline -0.002 -27"><span class='ocrx_word' id='word_1_175' title='bbox 763 3035 873 3106; x_wconf 92' lang='lat' dir='ltr'>ille</span> <span class='ocrx_word' id='word_1_176' title='bbox 897 3032 1140 3131; x_wconf 90' lang='lat' dir='ltr'>accipit</span> <span class='ocrx_word' id='word_1_177' title='bbox 1171 3031 1360 3102; x_wconf 90' lang='lat' dir='ltr'>cibos</span> <span class='ocrx_word' id='word_1_178' title='bbox 1383 3088 1399 3118; x_wconf 88' lang='lat'>,</span> <span class='ocrx_word' id='word_1_179' title='bbox 1437 3057 1607 3127; x_wconf 92' lang='lat' dir='ltr'>quos</span> <span class='ocrx_word' id='word_1_180' title='bbox 1644 3031 1945 3103; x_wconf 85' lang='lat' dir='ltr'>carnifex</span> <span class='ocrx_word' id='word_1_181' title='bbox 1967 3088 1984 3120; x_wconf 82' lang='lat'>‚</span> <span class='ocrx_word' id='word_1_182' title='bbox 2017 3059 2188 3130; x_wconf 82' lang='lat' dir='ltr'>quos</span> <span class='ocrx_word' id='word_1_183' title='bbox 2225 3053 2445 3105; x_wconf 84' lang='lat' dir='ltr'>tortor</span> <span class='ocrx_word' id='word_1_184' title='bbox 2470 3031 2767 3130; x_wconf 83' lang='lat' dir='ltr'>apponit.</span> 
     </span>
    </p>
   </div>
  </div>
 </body>
</html>
