3200 5117
589 539 689 603 IN
734 537 1152 604 DECLAM.
1199 536 1293 601 M.
1343 538 1418 602 F.
1465 535 2126 620 QUINTILIANI.
2226 542 2414 605 xxxix

327 660 479 725 bros
502 661 893 741 mendosoS,
922 676 995 726 et
1017 660 1105 727 ob
1134 658 1205 724 id
1239 683 1449 750 prope
1474 660 1844 749 aeffectos,
1871 662 2259 744 emendare,
2288 665 2415 730 dis-

327 766 656 854 tinguere,
688 768 1009 834 adnotare
1036 767 1305 834 solitum
1340 768 1752 856 occepimu83
1787 791 1912 836 nec
1942 768 2060 833 ulli
2098 786 2414 859 praeterea

326 877 775 960 grammatices
803 877 973 964 parti
1002 873 1324 940 deditum.
1352 877 1549 940 Hunc
1576 897 1832 940 morem
1864 876 2004 944 sive
2035 896 2418 968 temporum

323 982 604 1060 incuria,
630 1007 748 1050 seu
771 983 1117 1051 doctorum
1140 984 1414 1073 penuria
1431 1032 1447 1061 ‚
1475 982 1593 1049 diu
1618 983 2095 1064 intermissum,
2127 1000 2196 1049 et
2221 1007 2414 1072 paene

321 1086 675 1172 abolitum,
713 1091 913 1181 paulo
950 1108 1103 1155 ante
1138 1090 1535 1156 Laurentius
1575 1090 1792 1170 Valla,
1835 1092 1937 1154 vir
1983 1091 2305 1181 eloquens
2346 1110 2416 1158 et

322 1194 648 1275 eruditus,
673 1220 881 1286 quum
904 1196 974 1258 in
996 1195 1169 1273 aliis,
1190 1212 1333 1260 tum
1358 1196 1427 1259 in
1451 1196 1720 1260 Liviana
1741 1196 2204 1263 emendatione
2227 1221 2416 1263 revo—

318 1303 511 1367 cavit.
560 1304 759 1367 Multi
805 1324 1074 1396 quoque
1123 1304 1328 1367 aetatis
1376 1320 1617 1368 nostrae
1663 1302 2074 1372 celeberrimi
2123 1305 2418 1370 nominis

317 1408 481 1486 viri,
517 1426 585 1473 et
622 1406 967 1498 utriusque
1003 1407 1243 1497 linguae
1273 1406 1667 1489 doctissimi,
1703 1409 1881 1475 hunc
1915 1412 2235 1492 aemulati,
2273 1433 2413 1477 non

316 1514 681 1580 minimum
711 1509 1188 1580 adminiculum
1224 1511 1594 1580 liberalium
1626 1514 1864 1580 artium
1897 1516 2205 1582 studiosis
2237 1534 2413 1583 attu-

316 1621 569 1686 lerunt.
593 1622 890 1708 Quorum
925 1618 1233 1709 exemplo
1261 1642 1471 1708 quum
1503 1644 1612 1688 me
1643 1645 2068 1712 provocares,
2103 1641 2176 1688 ut
2207 1626 2300 1688 M.
2337 1627 2409 1690 F.

315 1725 742 1807 Quintiliani,
786 1724 1207 1808 Quintiliani,
1248 1742 1325 1790 ut
1366 1726 1632 1815 opinor,
1669 1729 2163 1795 institutionum
2200 1747 2415 1796 orato—

316 1832 569 1900 riarum
602 1832 966 1920 scriptoriS,
1001 1833 1141 1914 avi,
1174 1832 1737 1911 Declamationes‚
1764 1832 1892 1898 hoc
1917 1851 2017 1902 est
2047 1835 2413 1902 forensium

314 1937 656 2002 actionum
687 1936 1179 2017 meditationes,
1220 1959 1369 2025 qua:
1407 1937 1527 2002 diu
1563 1940 1633 2002 in
1670 1940 1878 2007 ruinis
1917 1939 2159 2028 linguae
2194 1941 2414 2010 latinae

319 2042 752 2122 delituerant,
802 2042 1265 2108 emendarem:
1313 2065 1449 2130 quo
1488 2044 1774 2110 forensis
1815 2045 2226 2136 eloquentia,
2266 2068 2414 2133 quae

316 2151 545 2217 multis
575 2152 765 2216 annis
796 2150 1099 2229 evanuit,
1134 2149 1236 2213 his
1270 2149 1728 2220 fundamentis
1749 2168 2267 2240 restauraretur:
2298 2170 2416 2218 aut

316 2257 552 2323 saltem
579 2259 1071 2346 qualescunque
1098 2254 1277 2344 apud
1302 2277 1410 2318 me
1436 2274 1687 2335 essent,
1716 2258 2226 2345 impressoribus
2248 2282 2412 2347 quo-

314 2363 478 2429 tidie
528 2363 1073 2454 efflagitantibuS,
1112 2362 1476 2443 traderem,
1516 2386 1642 2429 nec
1685 2365 1755 2430 in
1791 2388 1939 2430 arca
1982 2367 2411 2455 strangulatas

316 2486 657 2549 tenerem3
679 2466 1244 2559 quemadmodum
1268 2465 1369 2546 hi,
1396 2489 1564 2557 quos
1587 2469 1826 2535 festive
1853 2487 1920 2534 et
1948 2470 2284 2559 eleganter
2304 2475 2412 2556 (ut

317 2577 583 2661 onmia)
603 2578 951 2656 βιὸλιοφάγους
974 2572 1357 2664 appellitare
1383 2572 1587 2639 soles:
1621 2575 1689 2638 iu
1722 2573 1850 2639 hoc
1879 2594 2079 2664 quam
2100 2575 2413 2642 lubenter

316 2680 633 2772 adquievi
649 2732 666 2761 ,
694 2684 762 2746 in
793 2683 1001 2746 altero
1028 2680 1216 2745 enixe
1246 2680 1631 2767 repugnavi.
1657 2681 1824 2744 Nam
1853 2703 2062 2769 quum
2094 2682 2410 2748 trifariam

318 2787 1215 2890 exeinplariaffdepraventur²
1241 2785 1656 2874 appositione
1673 2838 1689 2866 ,
1719 2805 1832 2852 aut
1858 2791 2373 2854 commutatione
2390 2841 2407 2871 ,

314 2913 429 2962 aut
450 2895 939 2973 subtractionet,
962 2895 1301 2984 multaque
1326 2891 1712 2986 hujusmodi
1747 2910 1968 2960 essen-t
1995 2895 2064 2964 in
2096 2894 2198 2964 his
2224 2894 2409 2963 libris

315 3003 635 3079 corrosis,
667 3000 1034 3091 squallidis,
1062 3022 1138 3065 ac
1162 2999 1333 3068 carie
1357 3000 1586 3068 obsitis
1604 3050 1621 3078 ‚
1652 3014 1882 3087 utpote
1907 3020 2125 3085 nuper
2148 3021 2185 3066 e
2214 2999 2412 3065 rude-

316 3111 503 3176 ribus
540 3110 778 3190 erutiS,
813 3130 961 3199 quae
993 3131 1072 3174 ex
1107 3108 1303 3181 unico
1336 3107 1691 3197 exemplari
1725 3103 2081 3174 emendare
2107 3104 2407 3198 despera·

315 3239 491 3282 rem:
519 3217 719 3280 malui
745 3233 844 3295 ut,
862 3216 1355 3305 qualescunque
1376 3230 1626 3292 essent,
1649 3230 1766 3279 tuo
1783 3212 2080 3301 auspicio
2101 3211 2170 3277 in
2191 3213 2409 3279 lucem

316 3323 732 3410 postliminio
756 3321 1077 3401 redirent,
1104 3344 1302 3409 quam
1327 3346 1363 3386 a
1390 3323 1581 3388 tineis
1598 3372 1616 3400 ,
1647 3336 1718 3384 ut
1740 3319 1953 3410 major
1976 3341 2201 3383 earum
2224 3343 2371 3409 pars
2389 3372 2405 3402 ‚

319 3430 852 3496 corroderentur.
890 3430 1211 3495 Confusus
1250 3448 1468 3494 tamen
1506 3447 1701 3493 antea
1737 3430 1949 3516 leges,
1986 3445 2404 3516 argumenta,

320 3534 869 3616 declamationeS,
903 3558 1268 3615 sermones,
1313 3559 1398 3600 ne
1433 3535 1833 3600 beneficium
1871 3551 2167 3597 nostrum
2205 3535 2408 3620 gratia

320 3667 438 3709 sua
474 3644 889 3723 fraudemuS,
922 3645 1398 3738 separavimus:
1434 3660 1500 3709 et
1536 3647 1601 3709 in
1638 3643 1976 3733 pristinam
2001 3641 2282 3706 formam
2308 3665 2406 3706 re-

319 3748 550 3839 digere
574 3751 962 3815 curavimus.
989 3749 1405 3834 Correximus
1430 3748 1629 3814 etiam
1654 3746 1966 3813 nonnulla
1991 3744 2406 3813 librariorum

314 3858 474 3922 vitia
492 3908 510 3937 ,
538 3875 913 3947 temporum
937 3880 1389 3946 nequaquam:
1416 3857 1622 3921 multa
1649 3857 1890 3921 intacta
1916 3855 2256 3921 omisimus
2274 3906 2291 3935 ,
2321 3878 2405 3922 ne

318 3963 495 4029 forte
517 3964 724 4051 magis
748 3962 1276 4060 depravaremus.
1304 3965 1373 4029 Β.
1395 3965 1474 4026 V.
