3200 5117
829 589 1012 656 pao
1056 590 1494 658 anssnno
1537 592 2005 659 mammo.
2379 620 2462 682 71·

375 712 621 812 plesset
634 713 918 788 forsitan
943 714 1120 787 vices
1140 713 1444 803 amasii¹;
1471 716 1528 786 si
1544 715 1963 815 corruptoris
1973 744 2116 789 non
2130 717 2466 792 defuisset

373 828 712 926 impietas.
744 829 929 901 Huic
972 829 1059 902 de
1088 829 1372 901 tribuno
1411 829 1469 904 si
1503 830 1720 902 fidem
1757 851 2065 929 oporteat
2099 831 2466 926 adhiberi²

374 945 647 1016 romani
678 944 888 1035 cives,
914 966 983 1020 et
1018 946 1352 1020 exercitus
1383 945 1630 1019 viderit
1673 947 2056 1044 universus.
2099 948 2308 1020 Novit
2353 968 2464 1022 ta-

372 1086 572 1150 men,
625 1060 1007 1160 imperator
1047 1087 1360 1152 summe,
1406 1062 1600 1134 novit
1635 1062 2063 1138 irreverentis
2100 1063 2464 1164 ingenium

370 1174 688 1272 pervicax
716 1175 1000 1248 oratoris
1018 1175 1499 1250 defensionem
1530 1203 1730 1252 suam
1755 1178 1844 1252 ad
1874 1178 2158 1282 plenam
2192 1179 2464 1252 absolu-

372 1288 639 1360 tionem
670 1288 911 1361 militis
935 1290 1042 1362 sui
1086 1290 1320 1362 minus
1365 1291 1717 1366 sufficere:
1765 1293 2062 1391 ideoque
2097 1294 2470 1367 confiden-

369 1403 537 1475 tiam
567 1403 1019 1476 simulatus²t
1052 1431 1196 1476 non
1233 1426 1448 1503 potes,
1480 1406 1734 1506 inquit,
1766 1409 2073 1499 efficere,
2109 1410 2235 1482 Cai
2253 1408 2462 1498 Mari,

370 1537 453 1588 ut
490 1543 654 1589 eum
699 1518 861 1590 facti
909 1520 1018 1591 sui
1062 1520 1421 1617 poeniteat3
1474 1543 1599 1594 aut
1653 1523 1843 1598 enim
1871 1545 1971 1608 „ut
2016 1524 2462 1598 innocentem

370 1631 714 1721 absolves,
773 1653 895 1710 aut
939 1633 1187 1732 punies
1239 1656 1601 1736 tamqnam
1649 1638 1897 1712 virum.
1949 1641 2160 1711 Porro
2202 1639 2260 1712 si
2310 1637 2466 1735 quis

369 1742 629 1816 absolvi
689 1767 951 1842 quaerat
1007 1746 1485 1847 impoenitens,
1532 1749 1594 1822 si
1644 1751 1797 1847 quis
1838 1772 2063 1850 roget3
2099 1751 2275 1848 quid
2299 1777 2466 1823 eum

371 1857 570 1930 aliud
612 1860 839 1932 facere
875 1862 1187 1953 fatearis,
1239 1890 1455 1962 qnam
1498 1865 1868 1938 conviciari
1914 1864 2316 1965 judicibus?
2364 1869 2468 1936 Ita

372 1975 630 2074 qnippe
652 1974 997 2077 justitiam
1040 1980 1511 2056 misericordia
1547 1984 1954 2058 moderatur
1981 2004 2049 2056 et
2087 2001 2464 2081 temperat,

373 2111 449 2163 ut
475 2091 1026 2192 impoenitentem
1074 2097 1259 2196 rigor
1306 2125 1449 2171 non
1505 2120 1862 2198 praetereat
1906 2098 2214 2173 ultionis.
2249 2098 2468 2171 Poeni-

371 2206 676 2279 tentibus
725 2229 905 2284 certe
955 2211 1181 2284 solum
1206 2269 1225 2301 ‚
1265 2239 1411 2285 uon
1452 2234 1688 2286 tamen
1725 2213 2057 2290 omnibus
2102 2211 2478 2309 indulgere

368 2320 643 2394 veniam
670 2320 777 2394 lex
799 2324 1137 2416 concedit,
1171 2352 1326 2424 quae
1350 2326 1694 2404 nimirum
1723 2328 1874 2426 ipsa
1900 2327 2249 2428 perpetuis
2269 2351 2482 2400 sanc--

372 2438 673 2510 tionibus
708 2460 773 2510 et
804 2438 1098 2515 institnit
1125 2462 1196 2513 et
1227 2443 1620 2534 mandavit,
1656 2465 1736 2520 ut
1775 2445 2280 2543 impoenitentes
2317 2441 2468 2516 ani·

374 2552 869 2628 madversionis
899 2554 1281 2629 durissimae
1311 2557 1667 2656 condigna
1690 2586 1898 2657 super
1933 2557 2480 2655 interrogatione

372 2694 584 2742 vexen
593 2690 665 2741 tu
673 2695 723 2740 r.
739 2670 882 2741 Aut
903 2669 1114 2768 igitur
1128 2691 1204 2742 ut
1221 2671 1542 2766 defensor
1561 2669 1742 2770 legis
1757 2672 2202 2746 sanctissimae
2221 2697 2464 2744 cruen-

376 2783 720 2856 tissimum
739 2784 989 2883 punies
1016 2784 1447 2863 homicidam
1464 2843 1483 2874 ,
1514 2807 1639 2859 aut
1669 2787 1741 2859 in
1779 2806 2267 2885 contemptum
2286 2784 2472 2884 ejus„

374 2897 647 2972 hostem
678 2909 1051 2974 romanum
1084 2924 1150 2974 et
1177 2901 1739 2974 conturbatorem
1766 2902 2074 2974 absolves
2104 2901 2460 2973 exercitus.

469 3016 625 3086 Vll.
660 3016 741 3086 In
776 3036 839 3088 te
883 3044 1162 3116 quoque
1196 3017 1413 3117 jactat
1438 3017 1750 3090 convicia
1771 3073 1791 3108 ,
1821 3016 1945 3115 qui
1972 3014 2321 3114 splendori
2343 3032 2483 3085 tuo

376 3150 723 3228 quantum
754 3152 1014 3231 potest,
1046 3133 1327 3207 enititur
1356 3133 1441 3205 de
1475 3133 1875 3234 propinquo
1909 3152 2029 3204 tuo
2062 3129 2271 3202 etiam
2303 3154 2465 3200 con-

375 3245 667 3318 fusionis
696 3247 1033 3321 nebulam
1063 3246 1433 3322 obsufflare
1451 3247 1503 3319 3.
1538 3246 1990 3348 Abjurandus
2027 3265 2161 3333 est,
2201 3243 2463 3341 inquit,

375 3386 519 3432 non
553 3387 696 3434 esse
726 3362 1006 3462 sanguis
1037 3384 1234 3436 tuus:
1276 3383 1639 3453 caeterum,
1681 3387 1835 3459 quae
1871 3381 1937 3433 te
1971 3378 2170 3458 coget
2195 3357 2467 3430 violen-

342 3475 503 3567 ἐὴ,
533 3477 657 3548 Cai
684 3478 908 3568 Mari,
938 3504 1093 3576 quae
1121 3478 1246 3550 tibi
1282 3477 1726 3577 persuadebit
1754 3474 2046 3548 ambitio
2073 3495 2274 3547 tuum
2305 3497 2463 3544 san-

376 3592 664 3690 guinem
695 3592 1051 3695 abjurare?
1080 3594 1239 3691 quis
1283 3591 1853 3675 invictae,virtutis
1886 3589 2139 3664 ducem
2187 3585 2466 3684 cogere?

453 3759 497 3793 r.
535 3740 749 3794 Amasii.
784 3743 1061 3797 Amatoris.
1106 3746 1221 3796 Hoc
1254 3761 1374 3796 ver·
1524 3742 1577 3794 3.
1610 3740 1922 3818 Obtufflare.
1945 3737 2184 3792 Verbum
2207 3734 2466 3805 sequioris

375 3823 504 3875 bum
543 3825 772 3876 occurrit
813 3824 958 3898 apud
991 3825 1156 3880 Plaut.
1196 3826 1371 3879 Casin.
1452 3823 1646 3889 seculi,
1667 3821 1810 3875 unde
1832 3836 1884 3873 et
1904 3819 2172 3897 insufflare
2189 3818 2376 3886 veget.
2397 3812 2464 3866 de

374 3904 480 3967 111,
518 3902 583 3969 3,
619 3919 716 3972 ²7³
755 3917 805 3955 et
835 3905 897 3954 A.
929 3897 1062 3957 Gen.
1096 3903 1184 3955 lib.
1218 3904 1373 3971 XIX,
1451 3906 1527 3958 Re
1554 3905 1788 3956 Veterin.
1823 3904 1929 3967 xl,
1964 3918 2058 3965 ²¹3
2101 3913 2153 3950 et
2188 3894 2467 3972 exsufflare

374 4000 492 4054 cap·
520 3999 570 4051 9·
596 3984 688 4034 ED-
1452 3985 1654 4037 Tertul.
1682 3983 1748 4036 de
1778 3982 1967 4035 idolol.
1999 4000 2045 4034 c.
2078 3997 2156 4043 113
2187 3993 2239 4030 et
2261 3974 2462 4031 Gnuth.

448 4079 499 4114 2.
526 4061 830 4116 Simulatus.
851 4064 953 4114 Pro
976 4062 1255 4130 simulans,
1279 4082 1374 4116 cu-
1453 4066 1631 4135 Ligur.
1648 4065 1699 4129 1,
1715 4065 1847 4128 562,
1862 4072 2218 4132 usurparunt3
2238 4076 2338 4110 nec
2354 4073 2462 4108 non

369 4147 459 4213 ju
472 4143 685 4215 quidem
700 4142 885 4196 similia
899 4143 1136 4214 exempla
1149 4143 1379 4214 produci
1456 4146 1544 4198 alii
1594 4144 1662 4198 de
1709 4144 1901 4216 quibus
1948 4142 2068 4194 vide
2118 4139 2345 4195 Casanb.
2393 4134 2465 4188 ad

374 4237 592 4294 possent
608 4255 635 4286 ,-
653 4221 746 4275 sed
769 4241 831 4274 ex
854 4223 947 4273 aevi
975 4223 1059 4273 sni
1087 4236 1376 4276 consuetu-
1455 4226 1598 4277 Suet.
1627 4223 1789 4294 Calig.
1815 4242 1862 4275 c.
1888 4221 1984 4286 38;
2008 4234 2062 4274 et
2083 4220 2266 4290 Cangii
2287 4216 2462 4270 Gloss-

378 4303 499 4356 dine
521 4303 759 4356 locutum
787 4303 1197 4356 declamatorem
1223 4318 1375 4375 puto.
1456 4308 1512 4357 in
1534 4304 1620 4358 his
1643 4321 1792 4358 vocc.
2059 4323 2066 4330 ’
