3200 5117
733 577 1409 603 mmmmm

486 805 1258 918 EDITORIS
1345 807 2194 923 PRAEFATIO

820 1122 929 1192 IN
978 1120 1864 1192 DECLAMATIONES

666 1411 789 1503 M.
866 1411 969 1502 F.
1047 1405 2014 1526 QUINTILIANI.

307 1946 397 2035 In
422 1968 528 2032 illa
555 1965 974 2056 praefatione,
1006 1987 1207 2054 quam
1234 1966 1441 2030 nostri
1468 1965 1859 2047 Quintiliani
1883 1964 2065 2033 libris
2094 1966 2178 2034 de
2207 1971 2394 2037 lusti-

305 2076 557 2139 tntione
598 2074 898 2138 Oratoria
937 2071 1408 2162 praemisimuS‚
1454 2071 1776 2137 lectorem
1817 2075 2144 2140 monitum
2182 2079 2394 2142 volui-

302 2205 449 2247 mus
474 2183 559 2248 de
586 2182 688 2248 his
713 2198 998 2259 tantum,
1021 2202 1169 2270 quae
1196 2178 1281 2243 ad
1305 2179 1435 2245 hoc
1459 2179 1821 2268 elegantius
1850 2182 2097 2270 ingenii
2123 2183 2392 2251 Fabiani

302 2313 469 2381 opus
494 2305 888 2379 spectarent3
915 2306 1113 2379 atque
1138 2290 1208 2352 iu
1232 2311 1424 2353 suum
1447 2303 1706 2378 tempus
1721 2339 1738 2369 ,
1767 2307 1832 2354 et
1851 2291 1964 2355 ubi
1992 2314 2096 2356 res
2119 2294 2390 2383 proprie

303 2414 638 2486 ageretur,
676 2396 994 2462 nonnulla
1026 2394 1112 2460 de
1146 2395 1748 2460 Declamationibua
1782 2396 1971 2461 nobis
2002 2398 2394 2485 exponenda

307 2502 700 2569 distulimus.
732 2505 957 2586 Quum
993 2504 1194 2591 igitur
1228 2501 1423 2566 nobis
1457 2503 1540 2565 sit
1574 2517 1836 2567 exactus
1864 2502 1949 2567 ad
1979 2503 2217 2583 finem,
2247 2506 2393 2569 Deo

299 2609 606 2699 juvante,
636 2612 818 2701 prior
852 2610 965 2674 ille
1004 2625 1071 2674 et
1106 2630 1423 2696 operosus
1456 2609 1638 2673 Fabii
1673 2610 2188 2698 recognoscendi
2227 2627 2294 2676 et
2322 2611 2396 2674 il·

308 2715 630 2781 lustrandi
670 2717 894 2797 labor3
934 2737 1112 2779 nunc
1153 2715 1238 2778 ad
1283 2716 1563 2779 alterum
1604 2737 1770 2800 opus
1814 2716 1882 2777 in
1925 2716 2166 2780 minori
2216 2732 2394 2782 certe

308 2822 527 2908 pretio
554 2824 871 2909 positum,
904 2843 1027 2885 nec
1056 2836 1279 2883 tamen
1306 2817 1794 2906 aspernandum
1812 2866 1829 2897 ‚
1863 2841 2088 2883 curam
2117 2819 2392 2908 diligen-

310 2945 415 2993 ter
444 2926 897 2994 admovemus.

396 3038 534 3103 Etsi
556 3037 858 3102 nonnulli
878 3035 1062 3100 Fabii
1084 3033 1479 3123 interpretes
1492 3083 1508 3113 ,
1537 3050 1604 3098 et
1624 3034 1739 3122 qui
1765 3033 1850 3099 de
1869 3032 2250 3123 eloquentia
2268 3032 2399 3100 dis—

314 3161 698 3220 seruerunt,
746 3144 813 3206 in
850 3138 1306 3233 abjudicandis
1343 3140 1752 3221 Quintiliano
1790 3140 2396 3208 Declamationihus

314 3250 759 3325 consentiant;
789 3249 1101 3339 quoniam
1133 3246 1217 3312 ad
1243 3265 1464 3313 nostra
1493 3264 1793 3336 tempora
1816 3247 1998 3313 libris
2022 3246 2108 3311 de
2135 3250 2401 3314 institu-

314 3360 493 3424 tione
526 3362 825 3424 Oratoria
862 3357 1142 3423 subditae
1176 3373 1359 3436 sunt,
1404 3373 1544 3421 tum
1584 3378 1732 3444 quae
1772 3356 1973 3421 Fabio
2013 3357 2399 3421 tribuuntur

314 3465 595 3553 majores
626 3464 1066 3553 undeviginti,
1094 3480 1164 3527 et
1188 3461 1526 3527 breviores
1554 3464 1805 3542 Cva3
1831 3478 1972 3526 tum
1998 3485 2144 3552 quae
2170 3465 2400 3542 ‘inscri-

314 3572 564 3638 buntur
585 3574 670 3636 LI
692 3572 1030 3661 Calpurnii
1056 3571 1269 3636 Flacci
1292 3571 1595 3651 nomine3
1620 3569 1930 3634 eumdem
1955 3569 2191 3657 agendi
2217 3588 2401 3636 teno-

316 3699 455 3742 rem
481 3677 703 3757 nobis,
735 3679 849 3767 qui
873 3679 940 3741 in
969 3677 1230 3755 Haemi,
1261 3679 1330 3741 P.
1357 3677 1743 3754 Burmanni,
1771 3678 2033 3764 Biponti
2056 3693 2123 3740 et
2147 3679 2399 3743 caeteris

252 3861 255 3862 ⁷
318 3782 720 3848 editionibus
743 3783 1044 3863 habetur,
1070 3785 1467 3850 servandum
1495 3806 1640 3849 esse
1666 3783 2197 3848 existimavimus,
2275 3779 2280 3785 ’

406 3892 593 3954 Inter
626 3889 916 3956 emditos
953 3892 1145 3980 pauci
1187 3890 1547 3956 admodum
1590 3891 2192 3957 Declamationibus
2239 3913 2400 3978 ope-

318 4017 457 4059 ram
497 4018 739 4059 navare
782 3995 1210 4072 studuerunt,
1246 4019 1488 4083 nempe
1531 4020 1679 4085 quae
1715 4019 2018 4086 magnam
2051 3997 2406 4081 utilitatem

313 4099 794 4189 jurisconsultis
811 4148 828 4179 ‚
856 4102 1077 4188 potius
1097 4122 1297 4191 quam
1314 4102 1472 4165 viris
1496 4101 1833 4165 literarum
1858 4102 2127 4167 scientia
2145 4118 2406 4166 tantum

322 4203 621 4286 imbutis,
664 4206 1056 4273 obtulerint:
1094 4207 1268 4271 inter
1300 4227 1415 4273 eos
1452 4206 1652 4295 igitur
1682 4207 1924 4295 primas
1961 4223 2191 4272 tenent
2223 4205 2406 4270 Επα-

2063 4337 2117 4368 a·
