3200 5117
1228 561 1315 623 M.
1366 560 1610 623 men
1657 559 2290 640 Qttis‘rstmxi

723 686 837 753 diu
868 682 1121 767 danda,
1148 684 1215 750 in
1239 684 1579 751 offensam
1607 710 1834 751 meam
1858 680 2352 777 compulerim:
2378 681 2798 777 quantulum

724 820 821 867 est
840 802 1022 868 enim
1044 799 1484 867 facultatibus
1501 798 1758 885 divitis,
1783 798 1968 892 quod
1995 797 2122 866 sub
2144 818 2331 893 patre
2353 824 2518 866 sane
2543 811 2554 837 ¹
2577 797 2798 867 tenaci

724 914 865 981 filio
888 914 1162 983 familiae
1182 912 1520 1009 superest?
1538 940 1614 981 ac
1635 914 1688 982 si
1708 913 1881 981 foret
1899 912 2119 1009 majus
2138 912 2308 981 forte
2327 932 2762 981 momentum
2779 967 2798 996 ,

722 1029 871 1124 quis
908 1049 1135 1097 tamen
1178 1052 1425 1123 parens
1462 1048 1604 1096 tam
1646 1027 1862 1095 durus
1898 1048 2030 1112 est,
2074 1047 2150 1095 ut
2179 1048 2455 1122 propter
2493 1026 2800 1120 aliquam

722 1144 1105 1239 impensam
1136 1168 1355 1210 carere
1390 1142 1529 1209 filio
1556 1140 1748 1228 velit,
1785 1139 1974 1235 quod
2011 1142 2152 1236 ipse
2178 1140 2432 1209 celatus
2465 1139 2582 1226 sit,
2611 1137 2798 1237 quod

720 1283 861 1327 non
896 1284 1033 1327 suae
1068 1257 1549 1327 misericordiae
1574 1282 1952 1353 pauperem
1984 1256 2484 1339 commiserim,
2526 1280 2668 1323 non
2699 1280 2800 1324 ro-

721 1376 1050 1472 gaverim,
1078 1375 1449 1471 praesertim
1481 1373 1600 1469 qui
1629 1371 1973 1470 quidquid
1999 1398 2310 1469 unquam
2331 1371 2500 1468 petii
2518 1397 2558 1438 a
2573 1390 2794 1468 patre,

720 1490 1023 1561 exoravi?
1052 1491 1168 1559 sed
1200 1515 1427 1585 neque
1456 1489 1601 1559 haec
1643 1488 1894 1559 ultimo
1926 1487 2269 1558 fulmine²
2300 1487 2612 1584 castigari
2645 1512 2800 1556 me-

718 1608 857 1676 ruit
899 1609 965 1677 in
1012 1606 1407 1677 differendis
1446 1607 1763 1703 precibus
1797 1604 2182 1675 verecunda
2222 1602 2594 1674 cunctatio:
2634 1600 2798 1698 ³qui

718 1720 887 1792 dum
910 1743 1181 1819 tempus
1198 1744 1670 1819 opportunum
1686 1779 1704 1810 ,
1718 1721 1950 1791 faciles
1966 1720 2193 1791 aditus
2207 1775 2225 1807 ,
2244 1718 2638 1789 hilariorem
2659 1715 2802 1786 ani·

718 1863 913 1906 mum
942 1859 1171 1935 capto,
1198 1838 1469 1908 interim
1491 1837 1677 1910 volui
1702 1863 2081 1934 superesse,
2104 1836 2215 1907 cui
2243 1835 2652 1932 ignosceret:
2681 1858 2799 1904 ne-

717 1979 851 2049 que
876 1954 1147 2029 inficior
1174 1975 1405 2024 tamen
1438 1955 1646 2026 fuisse
1675 1981 1786 2024 me
1811 1952 2206 2043 lentiorem,
2233 1978 2446 2049 quam
2469 1949 2795 2048 oportuit3

718 2070 983 2138 tametsi
1026 2069 1153 2139 hoc
1198 2070 1541 2166 praecipue
1574 2068 1827 2139 habere
1860 2068 2096 2139 videor
2136 2067 2340 2164 patris
2373 2064 2620 2136 simile.
2666 2063 2797 2135 Sed

715 2182 766 2250 si
803 2182 941 2252 ulla
975 2183 1368 2255 emendatio
1398 2183 1807 2279 poenitentiae
1829 2181 1858 2236 4
1890 2204 2022 2270 est,
2054 2181 2167 2252 hic
2196 2181 2267 2251 in
2299 2178 2580 2277 publico
2607 2176 2798 2249 vobis

717 2296 1041 2367 adhibitis
1068 2300 1354 2393 rogabo:
1386 2325 1528 2368 non
1554 2325 1681 2397 ego
1712 2325 1799 2368 aes
1829 2298 2140 2369 alienum
2170 2296 2448 2367 luxuria
2468 2294 2795 2383 contraxi,

716 2436 846 2481 nec
872 2413 1184 2507 profusus
1216 2414 1281 2482 in
1310 2413 1471 2483 vitia
1499 2414 1779 2483 fortuna
1801 2432 2029 2483 nostra
2056 2410 2236 2481 male
2267 2435 2432 2481 usus
2455 2434 2652 2480 sum:
2685 2434 2797 2478 re-

717 2524 1136 2624 demptionis
1168 2554 1335 2603 meae
1362 2528 1666 2626 pretium
1694 2528 1945 2600 debeo:
1970 2527 2022 2596 si
2056 2527 2380 2624 impetro,
2405 2523 2798 2623 intelligam

715 2666 953 2711 verum
992 2668 1162 2730 esse,
1200 2643 1385 2741 quod
1421 2643 1707 2742 quidam
1738 2643 2145 2741 opinantur,
2179 2640 2630 2712 ambitiosum
2665 2665 2796 2737 pa—

718 2777 888 2827 trem
928 2758 1276 2854 publicare
1308 2761 1599 2833 voluisse
1635 2761 1884 2842 domus
1918 2785 2056 2829 suae
2087 2756 2666 2844 misericordiam,
2705 2781 2794 2828 ne

715 2870 1109 2945 viderentur
1129 2902 1462 2974 pauperes
1482 2898 1755 2949 tantum
1774 2875 1989 2947 vitam
2012 2873 2311 2945 inimicis
2330 2871 2473 2942 suis
2487 2870 2786 2942 dedisse:

728 583 847 625 202

1866 3078 1912 3125 3.
1948 3077 2064 3145 Qui.
2097 3077 2257 3128 Recte
2284 3075 2559 3128 Ascensius
2585 3071 2674 3123 hic
2695 3070 2791 3123 do-

1794 3171 1909 3221 cet,
1943 3158 2066 3207 licet
2097 3156 2356 3228 praecedat
2387 3153 2678 3219 cunctatio,
2711 3163 2790 3203 ta·

792 3093 832 3126 1.
873 3080 1008 3127 Seme
1040 3082 1223 3129 tenaci.
1264 3080 1460 3132 Multus
1492 3081 1579 3148 liic
1617 3083 1712 3129 As-

716 3158 953 3219 censim,
991 3172 1045 3209 ut
1082 3161 1304 3229 probet,
1342 3180 1447 3211 non
1485 3160 1712 3211 absurde

718 3255 834 3286 mna
852 3240 975 3306 poni
994 3256 1091 3307 pro
1109 3240 1342 3289 multum.
1359 3240 1486 3289 vide
1505 3253 1555 3289 tu
1571 3241 1707 3289 Serv.

717 3317 779 3367 nd
820 3320 961 3385 Vin-g.
1010 3318 1205 3370 Aine-id.
1246 3321 1288 3369 X
1307 3357 1323 3381 ,
1362 3320 1461 3385 483
1499 3322 1705 3371 Terent.

717 3395 899 3445 llantur,
928 3398 1019 3456 m,
1044 3416 1101 3447 ³1:
1137 3421 1157 3442 ιι
1180 3399 1311 3449 Sane
1332 3396 1490 3448 bona.
1511 3422 1531 3443 n
1560 3398 1620 3448 Et
1641 3400 1709 3449 ita

714 3490 851 3541 niu-pe
875 3476 1058 3524 (lire-ro
1085 3488 1133 3526 et
1161 3476 1260 3525 alii.
1290 3478 1454 3526 Burin.

790 3566 834 3599 2.
867 3550 1326 3624 Ultimofulmiraee.
1351 3556 1425 3604 lta
1451 3566 1604 3604 vocat
1625 3553 1711 3604 ab·

714 3626 1162 3701 di‹·ntionem,quae
1173 3632 1469 3699 gravissima
1485 3631 1535 3681 in
1550 3631 1710 3683 filium

715 3720 793 3757 est
814 3724 988 3777 puina.
1015 3710 1089 3759 Itu
1115 3732 1135 3754 u
1156 3707 1391 3758 ultimum
1411 3708 1601 3761 vulnus
1621 3712 1712 3761 im-

719 3810 740 3835 ·
763 3790 920 3859 perii,
938 3811 960 3834 n
980 3788 1115 3841 Flor.
1139 3790 1213 3853 11,
1236 3807 1294 3851 ²3
1316 3810 1338 3834 α
1356 3788 1536 3842 ultima
1556 3790 1709 3842 dimi-

719 3891 740 3914 ·
762 3870 928 3935 catio,
946 3892 966 3916 ι
996 3870 1105 3922 Liv.
1125 3873 1164 3936 1,
1184 3869 1241 3921 15
1257 3890 1314 3933 ;-·
1332 3869 1571 3922 ultimum
1592 3891 1708 3924 sce-

717 3972 739 3996 n
762 3947 868 4015 lus,
890 3974 911 3995 n
940 3952 1072 4003 Just.
1110 3951 1291 4003 XXIV.
1325 3970 1388 4014 εις
1423 3966 1474 4004 et
1503 3952 1705 4005 similia.

710 4031 833 4082 Mox
856 4030 954 4083 ha(-
978 4032 1394 4097 Declamatione,
1424 4056 1445 4079 e·
1466 4033 1706 4086 ultimum

717 4130 738 4155 n
758 4112 934 4180 patria·
956 4114 1226 4181 potestatis
1246 4111 1444 4165 fulmen
1467 4136 1487 4160 ι
1518 4114 1708 4164 iterum

710 4187 851 4242 dicit.
880 4190 1131 4246 Francius
1161 4195 1317 4247 etim
1349 4192 1579 4249 malebat
1612 4194 1708 4248 hoc

711 4268 1157 4344 ultimofialmt'nae-
1186 4273 1352 4326 Banu.

1793 3258 1910 3289 men
1927 3256 2222 3307 pronomen
2236 3238 2366 3310 poni
2377 3274 2394 3301 ,
2411 3253 2471 3287 ac
2484 3236 2530 3287 si
2543 3245 2792 3286 cunctans

1793 3320 2171 3389 praecessisset,
2204 3338 2266 3370 ex
2293 3321 2504 3370 Terent.
2540 3314 2704 3368 Andr.
2736 3316 2796 3380 1,

1800 3415 1816 3447 ι
1843 3419 1852 3445 :
1902 3420 1922 3442 u
1945 3395 2187 3447 Laudare
2218 3397 2462 3447 fortunas
2496 3414 2668 3459 meas,
2703 3394 2793 3465 qul

1798 3502 1818 3523 κ
1839 3476 2089 3529 haberem
2113 3478 2293 3529 filium.
2318 3500 2340 3523 ι

1863 3556 1911 3622 4.
1934 3557 2247 3608 Emendatio
2262 3554 2598 3629 poem‘tenu‘ae.
2621 3554 2701 3625 lta
2719 3552 2788 3604 le—

1791 3636 2019 3705 gendum
2044 3650 2194 3708 puto.
2218 3634 2299 3689 Cl.
2322 3634 2612 3703 Schulting.
2635 3633 2793 3685 male-

1790 3716 1884 3766 bat
1914 3715 2292 3767 commendatio
2320 3713 2676 3785 poem‘tentioe:
2700 3709 2793 3763 sed

1787 3799 2104 3868 poenituerat
2124 3796 2250 3848 olim
2267 3794 2410 3847 hunc
2425 3795 2670 3862 juvenem
2686 3789 2792 3844 odii

1788 3875 1841 3925 in
1872 3893 2158 3951 pauperem
2175 3912 2192 3938 ,
2221 3885 2274 3925 et
2302 3873 2459 3924 etiam
2485 3874 2650 3943 patris
2678 3874 2792 3932 sui3

1789 3974 1954 4025 quum
1967 3957 2212 4028 pauperis
2227 3955 2424 4006 inimici
2438 3954 2547 4004 filio
2558 3990 2577 4017 ,
2592 3965 2652 4004 ut
2672 3953 2792 4004 ami-

1787 4055 1883 4101 co,
1911 4055 2037 4089 usus
2060 4050 2228 4101 esset,
2253 4049 2306 4087 et
2327 4032 2522 4086 deiude
2555 4038 2669 4104 ejus
2691 4051 2790 4103 pa-

1787 4128 1920 4167 trem
1933 4114 2148 4168 aluisset
2165 4137 2176 4166 :
2195 4113 2337 4166 hanc
2350 4130 2494 4165 nunc
2509 4109 2787 4165 emandare

1785 4192 1900 4247 vult
1922 4193 2134 4264 eulpam
2149 4230 2166 4259 ‚
2190 4207 2242 4246 ot
2265 4210 2387 4245 oum
2409 4202 2560 4265 petre
2585 4192 2639 4242 in
2664 4205 2786 4259 gra-

1785 4274 1913 4326 tiam
1935 4271 2120 4327 redire.
2142 4273 2311 4325 Bou.
