3200 5117
592 571 863 641 DECL.
910 571 1116 636 vlu.
1164 570 1523 635 GEMINI
1569 569 2235 637 LANGUENTES.
2337 593 2454 659 ¹77

369 696 669 797 ambage
701 696 1167 797 suspendens,
1206 695 1636 768 tutissimum
1681 695 1942 793 putavit
1976 709 1994 741 ¹
2017 695 2458 795 promittere,

373 812 563 909 quod
609 811 893 888 deberet
928 837 1143 883 nemo
1186 809 1499 915 experiri.
1549 810 1810 881 Causas
1850 808 2139 907 quidem
2177 836 2248 885 se
2292 810 2464 882 dixit

372 929 690 1028 ignorare
733 920 1176 1016 morborum,
1208 925 1333 998 sed
1377 924 1673 997 salutem
1709 926 2086 1024 spopondit
2126 927 2365 1017 uninS,
2404 928 2458 999 si

370 1043 671 1117 licuisset
690 1040 988 1121 alterum
1020 1041 1367 1129 occidere,
1392 1040 1717 1129 lacerare,
1749 1041 2168 1139 perspicere:
2203 1068 2325 1133 en,
2351 1044 2463 1114 cui

372 1160 591 1261 pietas
628 1160 871 1259 patriS,
906 1157 1020 1230 cui
1054 1157 1337 1229 credere
1378 1155 1779 1228 sollicitudo*
1809 1156 2153 1228 debuerit!
2190 1157 2357 1230 dixit
2392 1185 2464 1233 se

370 1276 540 1347 scire
573 1274 1002 1361 remedium,
1037 1272 1228 1370 quod
1256 1270 1624 1343 nesciebat.
1649 1270 1877 1343 Vultis
1903 1271 2323 1371 intelligere,
2348 1274 2462 1374 ju-

370 1377 593 1481 dices,
637 1389 817 1463 nihil
863 1387 1306 1487 impatientia
1347 1386 1647 1460 caritatis
1688 1387 1927 1459 fecisse
1977 1387 2280 1486 patrem?
2319 1415 2465 1461 non

374 1506 608 1581 retulit
635 1506 725 1577 ad
757 1524 1091 1593 matrem3
1125 1504 1365 1576 adacta
1392 1524 1491 1576 est
1508 1517 1535 1549 ²
1573 1529 1614 1575 a
1639 1525 1859 1576 morte
1887 1504 2009 1576 filii
2033 1505 2141 1577 vel
2175 1506 2465 1581 sanitate

375 1620 765 1695 discedere:
796 1647 943 1691 non
976 1621 1409 1718 propinquos
1431 1620 1813 1710 consuluit,
1844 1646 1988 1695 nou
2022 1621 2318 1711 amicos,
2346 1622 2465 1695 sed

370 1760 501 1806 sua
542 1754 821 1807 tantum
874 1733 1314 1832 persuasione
1366 1734 1763 1831 medicique
1811 1754 2250 1826 contentus,
2275 1732 2468 1835 quod

374 1848 742 1923 nocentius
784 1868 918 1937 est,
949 1875 1164 1947 quam
1203 1849 1259 1920 si
1293 1849 1439 1948 ipse
1469 1849 1857 1939 occidisset,
1901 1850 2312 1922 alterutrum
2346 1878 2471 1947 po-

376 1964 506 2037 tuit
543 1962 817 2063 eligere.
865 1964 1061 2035 Dicat
1105 1988 1297 2035 nunc
1343 1964 1717 2064 parricida,
1752 1965 1926 2062 quid
1975 1965 2220 2049 fecerit,
2253 1964 2466 2055 illud,

378 2078 569 2176 quod
591 2078 802 2153 etiam
837 2078 924 2151 de
952 2076 1295 2153 similibus
1318 2098 1461 2149 tam
1487 2078 1816 2177 paribus-⁹*
1843 2079 2056 2177 aegris
2049 2080 2140 2151 ,ἰιι
2168 2025 2468 2155 alterutri

374 2194 759 2292 desperatio
783 2194 904 2266 illa
923 2192 1313 2293 praevaluit?
1332 2193 1389 2265 si
1410 2190 1666 2265 medici
1694 2221 1836 2266 non
1863 2194 2206 2284 interfuit,
2235 2214 2471 2267 utrum

377 2308 749 2397 occideret,
780 2309 1120 2383 constabit
1143 2309 1362 2381 vivere
1394 2329 1771 2408 utrumque
1798 2310 2136 2408 potuisse:
2173 2310 2228 2379 si
2263 2309 2470 2381 inter-

378 2423 544 2513 fuit,
579 2424 916 2497 constabit
949 2451 1100 2495 non·
1125 2424 1458 2495 eumdem
1498 2424 1710 2496 fuisse
1744 2424 2180 2522 languorem.
2218 2422 2467 2514 Qualis

377 2530 592 2611 fuerit
617 2538 738 2611 illa
763 2539 1028 2611 curatio
1045 2597 1065 2628 ,
1090 2538 1265 2638 quid
1290 2564 1530 2637 passus
1553 2539 1642 2609 sit
1645 2566 1674 2638 J
1686 2539 1924 2611 uvenis
1949 2539 2024 2609 in
2050 2559 2303 2627 morte,
2329 2564 2474 2636 qua

378 2654 697 2727 medicus
758 2654 1191 2754 parabatur&
1241 2654 1567 2726 omnium
1620 2646 2156 2751 cogitationibus
2208 2653 2471 2752 liquere

376 2765 828 2858 crediderim;
863 2769 1160 2868 ideoque
1190 2767 1536 2866 parcimus
1564 2766 1849 2838 auribus
1883 2768 2144 2839 matris.

456 2954 502 2988 1.
545 2936 868 2991 Promittere.
906 2940 1021 2991 Hoc
1062 2937 1128 2991 de
1165 2936 1381 2992 medicis

377 3012 595 3091 'proprio
629 3017 851 3084 dicium
875 3022 1055 3073 Horat.
1090 3023 1186 3092 Ep.
1218 3022 1299 3085 11,
1327 3037 1382 3086 ι,

385 3114 402 3145 ι
422 3096 508 3162 15,
529 3110 582 3148 et
600 3096 745 3165 aliis,
765 3101 857 3170 qni
881 3112 1022 3155 artes
1047 3098 1378 3170 profitentur.

378 3174 512 3227 Vide
536 3174 603 3227 ad
626 3178 835 3229 Petron.
863 3196 981 3249 cap.
1008 3195 1087 3230 ιο.
1114 3179 1283 3229 Bunu.

450 3273 498 3308 a.
527 3258 730 3310 Adacta
757 3271 843 3311 ent.
881 3259 958 3312 Cl.
989 3258 1194 3312 Schult.
1222 3257 1385 3311 male-

378 3337 470 3390 bat
501 3351 682 3391 coacta
716 3350 822 3400 εςις
859 3352 912 3391 et
949 3337 1088 3392 velut
1125 3341 1345 3397 sanitate
1364 3360 1380 3389 .-

349 3419 353 3422 ’
377 3414 578 3468 dictum
601 3418 739 3467 enim
770 3418 869 3468 fuit
891 3420 1078 3482 matri,
1108 3436 1216 3468 non
1241 3436 1383 3469 mors

377 3496 485 3563 illi,
516 3496 612 3550 sed
640 3501 836 3551 sanitas
865 3501 1145 3570 quaer-itum
1173 3497 1303 3549 nihil
1332 3511 1385 3549 te

378 3593 515 3647 opus
548 3589 655 3637 esu
689 3575 843 3629 nullae
878 3589 978 3629 tuae
1015 3590 1137 3629 sunt
1174 3590 1348 3648 partes

377 3669 521 3704 mors
541 3656 736 3705 sanitas
755 3654 967 3719 dicitur,
984 3657 1107 3728 quia
1127 3657 1239 3725 ejus
1259 3673 1383 3706 cau-

378 3751 435 3786 sa
455 3734 634 3786 futura
655 3747 796 3786 erat:
823 3736 925 3806 legi
948 3739 1108 3788 etiam
1130 3752 1318 3813 posse,
1335 3747 1387 3788 et

376 3816 626 3881 unitate,
652 3831 946 3869 notaverat.

441 3897 497 3948 3.
520 3895 857 3951 Desimilt'bue
871 3899 1215 3972 campan-ibus.
1226 3901 1389 3953 Forte

366 3976 639 4049 frutribus.
665 3982 901 4033 Gnouov.
930 3978 1074 4048 Quid
1108 3983 1152 4031 si
1184 3980 1386 4033 deleres

374 4054 510 4109 illud
530 4056 807 4123 similibus,
830 4057 977 4129 quod
1002 4059 1140 4109 forte
1159 4061 1382 4129 margini

377 4134 702 4210 adscriptum
729 4140 799 4193 ad
832 4140 1216 4211 expositionem
1240 4141 1384 4192 vocis

371 4219 612 4288 patribus,
650 4220 706 4271 in
748 4232 946 4273 textum
979 4221 1215 4290 irrepsit:
1250 4234 1383 4290 puto

376 4297 691 4370 legendum:
732 4299 909 4354 «Illud
945 4299 1094 4374 quod
1126 4302 1285 4354 etiam
1316 4302 1384 4355 de

1470 2950 1620 2989 «tam
1665 2936 1949 3001 similibus,
1997 2949 2048 2987 et
2097 2947 2204 2988 tam
2252 2935 2471 3005 paribus

1469 3020 1687 3090 ungris,
1725 3031 1825 3069 etc.
1915 3035 2040 3068 nam
2066 3034 2170 3088 par
2203 3028 2253 3068 et
2289 3016 2474 3067 similis

1463 3095 1748 3158 differunt,
1765 3109 1823 3146 ut
1838 3095 2022 3162 Quint.
2045 3096 2168 3146 lust.
2185 3092 2252 3145 X.
2270 3109 2390 3163 cap.
2412 3109 2465 3143 ι·

1470 3180 1686 3248 nMagis
1700 3196 1816 3248 par,
1832 3194 1992 3247 quam
2009 3173 2244 3227 similis.-
2261 3174 2470 3226 Sallust.

1461 3259 1615 3310 catil.
1649 3257 1739 3324 14:
1770 3259 1907 3308 «Par
1937 3256 2244 3326 similisque.
2265 3279 2288 3303 n
2313 3254 2467 3308 ovid.

1463 3342 1527 3392 11.
1554 3341 1718 3392 Trist.
1737 3339 1867 3405 431:
1899 3360 1921 3384 a
1942 3339 2039 3389 Par
2061 3338 2164 3389 fuit
2189 3336 2366 3406 exigui
2397 3338 2470 3387 si-
2501 3352 2510 3359 ·

1469 3444 1493 3468 «ι
1514 3421 1758 3492 milisque
1796 3418 2009 3471 licentia
2051 3418 2213 3471 Calvi.
2237 3441 2260 3464 ι
2303 3420 2365 3468 Ει
2399 3419 2474 3470 ita

1464 3501 1586 3554 alii:
1632 3520 1771 3573 saepe
1822 3502 1978 3553 etiam
2024 3499 2476 3551 declamationum

1369 3598 1407 3631 :e
1463 3582 1654 3636 harum
1686 3595 1949 3634 auctores.
1981 3582 2181 3633 Fecert't
2210 3598 2334 3632 vero
2360 3599 2474 3632 non

1465 3679 1695 3718 mutem:
1724 3677 1801 3716 est
1821 3666 1959 3716 enim
1984 3661 2124 3715 idem
2142 3661 2290 3733 quod
2307 3700 2323 3726 ,
2342 3662 2478 3734 quid

1461 3745 1773 3818 profecerit,
1809 3742 1940 3816 quid
1967 3745 2188 3813 juverim
2216 3744 2287 3793 ita
2317 3762 2474 3809 mox,

1466 3828 1606 3879 vides
1634 3827 1766 3898 quid
1787 3826 2108 3899 profecerint
2132 3826 2292 3877 anxia
2325 3835 2475 3887 vota,-

1467 3907 1562 3961 ubi
1575 3918 1627 3959 et
1631 3906 1863 3979 fecerint
1878 3907 2070 3978 legitur
2085 3907 2295 3958 invoss.
2314 3909 2468 3977 prim.

1468 3988 1543 4054 sic
1578 4004 1715 4057 saepe
1739 3984 1993 4046 Ovidius,
2026 3998 2085 4036 ιιι
2108 3985 2220 4036 Art.
2243 3985 2338 4049 111,
2370 3987 2467 4053 57:

1475 4086 1499 4110 ι
1518 4065 1656 4116 Dum
1678 4064 1807 4115 facit
1826 4064 2096 4133 ingenium
2112 4101 2124 4113 .
2149 4087 2172 4110 ι
2194 4075 2246 4115 et
2265 4062 2466 4115 similia.

1464 4145 1581 4199 Vid.
1610 4143 1677 4196 ad
1706 4145 1872 4213 Epist.
1900 4146 1977 4209 11,
2006 4145 2091 4212 39.
2125 4145 2291 4197 Bima.
2559 4178 2564 4187 -

1535 4226 1584 4293 4.
1614 4227 1727 4293 Qua
1745 4225 1967 4275 medicus
1981 4225 2281 4297 parabatur.
2303 4223 2473 4291 Quam

1460 4303 1690 4355 ¹”tedicus
1720 4303 1969 4374 parabat,
2014 4300 2144 4355 Obr.
2185 4303 2364 4355 nescio
2401 4319 2473 4353 an

2130 4407 2189 4444 ta
