<?xml version="1.0" encoding="UTF-8"?>
<!DOCTYPE html PUBLIC "-//W3C//DTD XHTML 1.0 Transitional//EN"
    "http://www.w3.org/TR/xhtml1/DTD/xhtml1-transitional.dtd">
<html xmlns="http://www.w3.org/1999/xhtml" xml:lang="en" lang="en">
 <head>
  <title>
</title>
<meta http-equiv="Content-Type" content="text/html;charset=utf-8" />
  <meta name='ocr-system' content='tesseract 3.04.00' />
  <meta name='ocr-capabilities' content='ocr_page ocr_carea ocr_par ocr_line ocrx_word'/>
</head>
<body>
  <div class='ocr_page' id='page_1' title='image "./deinstitutioneo01flacgoog_0351.png"; bbox 0 0 3200 5117; ppageno 0'>
   <div class='ocr_carea' id='block_1_1' title="bbox 763 557 2475 650">
    <p class='ocr_par' dir='ltr' id='par_1_1' title="bbox 763 557 2475 650">
     <span class='ocr_line' id='line_1_1' title="bbox 763 557 2475 650; baseline 0.001 -25"><span class='ocrx_word' id='word_1_1' title='bbox 763 561 1032 626; x_wconf 89' lang='lat' dir='ltr'><strong>DECL.</strong></span> <span class='ocrx_word' id='word_1_2' title='bbox 1080 559 1287 623; x_wconf 84' lang='lat' dir='ltr'><strong>XIII.</strong></span> <span class='ocrx_word' id='word_1_3' title='bbox 1336 557 1565 622; x_wconf 89' lang='lat' dir='ltr'><strong>APES</strong></span> <span class='ocrx_word' id='word_1_4' title='bbox 1613 558 2089 622; x_wconf 89' lang='lat' dir='ltr'><strong>PAUPERIS.</strong></span> <span class='ocrx_word' id='word_1_5' title='bbox 2351 561 2475 650; x_wconf 84' lang='lat'><strong>307</strong></span> 
     </span>
    </p>
   </div>
   <div class='ocr_carea' id='block_1_2' title="bbox 307 681 2514 3455">
    <p class='ocr_par' dir='ltr' id='par_1_2' title="bbox 371 681 2488 1014">
     <span class='ocr_line' id='line_1_2' title="bbox 371 681 2485 784; baseline -0.001 -25"><span class='ocrx_word' id='word_1_6' title='bbox 371 686 563 760; x_wconf 88' lang='lat' dir='ltr'><strong>velut</strong></span> <span class='ocrx_word' id='word_1_7' title='bbox 588 686 925 784; x_wconf 90' lang='lat' dir='ltr'><strong>quasdam</strong></span> <span class='ocrx_word' id='word_1_8' title='bbox 954 705 1189 783; x_wconf 78' lang='lat' dir='ltr'><strong>gentes</strong></span> <span class='ocrx_word' id='word_1_9' title='bbox 1208 742 1227 773; x_wconf 99' lang='lat'><strong>,</strong></span> <span class='ocrx_word' id='word_1_10' title='bbox 1259 682 1676 754; x_wconf 89' lang='lat' dir='ltr'><strong>fluminibus</strong></span> <span class='ocrx_word' id='word_1_11' title='bbox 1706 681 2207 779; x_wconf 81' lang='lat' dir='ltr'><strong>montibusque</strong></span> <span class='ocrx_word' id='word_1_12' title='bbox 2237 682 2485 757; x_wconf 89' lang='lat' dir='ltr'><strong>distin-</strong></span> 
     </span>
     <span class='ocr_line' id='line_1_3' title="bbox 376 796 2488 901; baseline -0.001 -26"><span class='ocrx_word' id='word_1_13' title='bbox 376 829 609 901; x_wconf 75' lang='lat' dir='ltr'><strong>guere.</strong></span> <span class='ocrx_word' id='word_1_14' title='bbox 651 804 813 872; x_wconf 90' lang='lat' dir='ltr'><strong>Jam</strong></span> <span class='ocrx_word' id='word_1_15' title='bbox 848 801 1067 874; x_wconf 83' lang='lat' dir='ltr'><strong>etiam</strong></span> <span class='ocrx_word' id='word_1_16' title='bbox 1107 799 1344 872; x_wconf 86' lang='lat' dir='ltr'><strong>devios</strong></span> <span class='ocrx_word' id='word_1_17' title='bbox 1384 796 1635 886; x_wconf 79' lang='lat' dir='ltr'><strong>saltuS,</strong></span> <span class='ocrx_word' id='word_1_18' title='bbox 1680 818 1747 868; x_wconf 91' lang='lat' dir='ltr'><strong>et</strong></span> <span class='ocrx_word' id='word_1_19' title='bbox 1783 796 1983 869; x_wconf 87' lang='lat' dir='ltr'><strong>silvas</strong></span> <span class='ocrx_word' id='word_1_20' title='bbox 2015 818 2203 871; x_wconf 84' lang='lat' dir='ltr'><strong>vasta</strong></span> <span class='ocrx_word' id='word_1_21' title='bbox 2243 799 2488 873; x_wconf 88' lang='lat' dir='ltr'><strong>solitu-</strong></span> 
     </span>
     <span class='ocr_line' id='line_1_4' title="bbox 375 913 2486 1014; baseline 0.001 -26"><span class='ocrx_word' id='word_1_22' title='bbox 375 918 540 989; x_wconf 82' lang='lat' dir='ltr'><strong>dine</strong></span> <span class='ocrx_word' id='word_1_23' title='bbox 575 916 888 988; x_wconf 81' lang='lat' dir='ltr'><strong>horridas</strong></span> <span class='ocrx_word' id='word_1_24' title='bbox 923 934 1299 1014; x_wconf 89' lang='lat' dir='ltr'><strong>occupant,</strong></span> <span class='ocrx_word' id='word_1_25' title='bbox 1335 935 1434 986; x_wconf 91' lang='lat' dir='ltr'><strong>tot</strong></span> <span class='ocrx_word' id='word_1_26' title='bbox 1458 939 1655 1010; x_wconf 78' lang='lat' dir='ltr'><strong>aquae</strong></span> <span class='ocrx_word' id='word_1_27' title='bbox 1692 913 1868 986; x_wconf 88' lang='lat' dir='ltr'><strong>intra</strong></span> <span class='ocrx_word' id='word_1_28' title='bbox 1898 940 2285 1012; x_wconf 89' lang='lat' dir='ltr'><strong>paucorum</strong></span> <span class='ocrx_word' id='word_1_29' title='bbox 2321 945 2486 990; x_wconf 90' lang='lat' dir='ltr'><strong>um-</strong></span> 
     </span>
    </p>

    <p class='ocr_par' dir='ltr' id='par_1_3' title="bbox 307 1027 2514 3455">
     <span class='ocr_line' id='line_1_5' title="bbox 377 1027 2488 1128; baseline 0 -23"><span class='ocrx_word' id='word_1_30' title='bbox 377 1033 577 1105; x_wconf 91' lang='lat' dir='ltr'><strong>bram</strong></span> <span class='ocrx_word' id='word_1_31' title='bbox 604 1032 820 1103; x_wconf 88' lang='lat' dir='ltr'><strong>latent</strong></span> <span class='ocrx_word' id='word_1_32' title='bbox 836 1088 854 1120; x_wconf 88' lang='lat'><strong>,</strong></span> <span class='ocrx_word' id='word_1_33' title='bbox 879 1057 915 1103; x_wconf 91' lang='lat' dir='ltr'><strong>e</strong></span> <span class='ocrx_word' id='word_1_34' title='bbox 939 1030 1199 1102; x_wconf 85' lang='lat' dir='ltr'><strong>finibus</strong></span> <span class='ocrx_word' id='word_1_35' title='bbox 1213 1029 1356 1101; x_wconf 88' lang='lat' dir='ltr'><strong>suis</strong></span> <span class='ocrx_word' id='word_1_36' title='bbox 1380 1028 1686 1128; x_wconf 89' lang='lat' dir='ltr'><strong>populus</strong></span> <span class='ocrx_word' id='word_1_37' title='bbox 1711 1027 2130 1121; x_wconf 84' lang='lat' dir='ltr'><strong>excluditur,</strong></span> <span class='ocrx_word' id='word_1_38' title='bbox 2153 1059 2283 1104; x_wconf 92' lang='lat' dir='ltr'><strong>nec</strong></span> <span class='ocrx_word' id='word_1_39' title='bbox 2308 1033 2488 1107; x_wconf 88' lang='lat' dir='ltr'><strong>ullus</strong></span> 
     </span>
     <span class='ocr_line' id='line_1_6' title="bbox 307 1131 2490 1247; baseline 0 -27"><span class='ocrx_word' id='word_1_40' title='bbox 307 1131 310 1132; x_wconf 25' lang='lat'><em>⁷</em></span> <span class='ocrx_word' id='word_1_41' title='bbox 377 1147 811 1247; x_wconf 79' lang='lat' dir='ltr'><strong>procedentis</strong></span> <span class='ocrx_word' id='word_1_42' title='bbox 845 1145 1006 1216; x_wconf 88' lang='lat' dir='ltr'><strong>finis</strong></span> <span class='ocrx_word' id='word_1_43' title='bbox 1041 1166 1174 1235; x_wconf 90' lang='lat' dir='ltr'><strong>est,</strong></span> <span class='ocrx_word' id='word_1_44' title='bbox 1210 1143 1346 1215; x_wconf 90' lang='lat' dir='ltr'><strong>nisi</strong></span> <span class='ocrx_word' id='word_1_45' title='bbox 1386 1171 1611 1241; x_wconf 92' lang='lat' dir='ltr'><strong>quum</strong></span> <span class='ocrx_word' id='word_1_46' title='bbox 1645 1162 1712 1215; x_wconf 88' lang='lat' dir='ltr'><strong>et</strong></span> <span class='ocrx_word' id='word_1_47' title='bbox 1745 1144 1819 1216; x_wconf 91' lang='lat' dir='ltr'><strong>in</strong></span> <span class='ocrx_word' id='word_1_48' title='bbox 1858 1145 2154 1218; x_wconf 90' lang='lat' dir='ltr'><strong>alterum</strong></span> <span class='ocrx_word' id='word_1_49' title='bbox 2198 1148 2490 1222; x_wconf 86' lang='lat' dir='ltr'><strong>divitem</strong></span> 
     </span>
     <span class='ocr_line' id='line_1_7' title="bbox 383 1259 2493 1360; baseline 0.001 -25"><span class='ocrx_word' id='word_1_50' title='bbox 383 1264 730 1336; x_wconf 89' lang='lat' dir='ltr'><strong>inciderit.</strong></span> <span class='ocrx_word' id='word_1_51' title='bbox 764 1261 1017 1333; x_wconf 89' lang='lat' dir='ltr'><strong>Adhuc</strong></span> <span class='ocrx_word' id='word_1_52' title='bbox 1051 1281 1284 1332; x_wconf 89' lang='lat' dir='ltr'><strong>tamen</strong></span> <span class='ocrx_word' id='word_1_53' title='bbox 1319 1259 1540 1360; x_wconf 89' lang='lat' dir='ltr'><strong>spolia</strong></span> <span class='ocrx_word' id='word_1_54' title='bbox 1573 1263 2086 1334; x_wconf 79' lang='lat' dir='ltr'><strong>transeuntium</strong></span> <span class='ocrx_word' id='word_1_55' title='bbox 2110 1322 2129 1353; x_wconf 99' lang='lat'><strong>,</strong></span> <span class='ocrx_word' id='word_1_56' title='bbox 2168 1285 2233 1336; x_wconf 90' lang='lat' dir='ltr'><strong>et</strong></span> <span class='ocrx_word' id='word_1_57' title='bbox 2265 1267 2493 1338; x_wconf 79' lang='lat' dir='ltr'>abacti</span> 
     </span>
     <span class='ocr_line' id='line_1_8' title="bbox 383 1377 2495 1482; baseline 0.001 -30"><span class='ocrx_word' id='word_1_58' title='bbox 383 1406 717 1480; x_wconf 89' lang='lat' dir='ltr'><strong>pecorum</strong></span> <span class='ocrx_word' id='word_1_59' title='bbox 748 1404 984 1476; x_wconf 76' lang='lat' dir='ltr'><strong>greges</strong></span> <span class='ocrx_word' id='word_1_60' title='bbox 1013 1378 1145 1449; x_wconf 85' lang='lat' dir='ltr'><strong>sub</strong></span> <span class='ocrx_word' id='word_1_61' title='bbox 1174 1378 1305 1450; x_wconf 87' lang='lat' dir='ltr'><strong>hoc</strong></span> <span class='ocrx_word' id='word_1_62' title='bbox 1334 1377 1537 1449; x_wconf 87' lang='lat' dir='ltr'><strong>titulo</strong></span> <span class='ocrx_word' id='word_1_63' title='bbox 1567 1377 2149 1471; x_wconf 81' lang='lat' dir='ltr'><strong>defendebantur,</strong></span> <span class='ocrx_word' id='word_1_64' title='bbox 2174 1382 2328 1482; x_wconf 87' lang='lat' dir='ltr'><strong>jam</strong></span> <span class='ocrx_word' id='word_1_65' title='bbox 2358 1384 2495 1482; x_wconf 87' lang='lat' dir='ltr'><strong>pri-</strong></span> 
     </span>
     <span class='ocr_line' id='line_1_9' title="bbox 385 1494 2492 1599; baseline 0.001 -31"><span class='ocrx_word' id='word_1_66' title='bbox 385 1497 520 1568; x_wconf 86' lang='lat' dir='ltr'><strong>vati</strong></span> <span class='ocrx_word' id='word_1_67' title='bbox 547 1494 797 1567; x_wconf 82' lang='lat' dir='ltr'><strong>veneni</strong></span> <span class='ocrx_word' id='word_1_68' title='bbox 827 1494 1265 1593; x_wconf 86' lang='lat' dir='ltr'><strong>transcriptio</strong></span> <span class='ocrx_word' id='word_1_69' title='bbox 1287 1508 1304 1537; x_wconf 89' lang='lat'><em>¹</em></span> <span class='ocrx_word' id='word_1_70' title='bbox 1342 1515 1461 1565; x_wconf 90' lang='lat' dir='ltr'><strong>est.</strong></span> <span class='ocrx_word' id='word_1_71' title='bbox 1488 1495 1751 1565; x_wconf 89' lang='lat' dir='ltr'><strong>Iterum</strong></span> <span class='ocrx_word' id='word_1_72' title='bbox 1778 1522 1856 1566; x_wconf 90' lang='lat' dir='ltr'><strong>ac</strong></span> <span class='ocrx_word' id='word_1_73' title='bbox 1883 1497 2166 1595; x_wconf 86' lang='lat' dir='ltr'><strong>saepins,</strong></span> <span class='ocrx_word' id='word_1_74' title='bbox 2184 1498 2492 1599; x_wconf 77' lang='lat' dir='ltr'><strong>judiceS,</strong></span> 
     </span>
     <span class='ocr_line' id='line_1_10' title="bbox 385 1611 2499 1712; baseline 0.001 -28"><span class='ocrx_word' id='word_1_75' title='bbox 385 1613 738 1685; x_wconf 83' lang='lat' dir='ltr'><strong>admoneo</strong></span> <span class='ocrx_word' id='word_1_76' title='bbox 762 1669 779 1702; x_wconf 91' lang='lat'><strong>,</strong></span> <span class='ocrx_word' id='word_1_77' title='bbox 816 1611 1280 1700; x_wconf 87' lang='lat' dir='ltr'><strong>considerate,</strong></span> <span class='ocrx_word' id='word_1_78' title='bbox 1318 1611 1596 1701; x_wconf 84' lang='lat' dir='ltr'><strong>discite,</strong></span> <span class='ocrx_word' id='word_1_79' title='bbox 1632 1632 1750 1682; x_wconf 89' lang='lat' dir='ltr'><strong>aut</strong></span> <span class='ocrx_word' id='word_1_80' title='bbox 1783 1611 1961 1683; x_wconf 88' lang='lat' dir='ltr'><strong>nihil</strong></span> <span class='ocrx_word' id='word_1_81' title='bbox 1999 1640 2294 1712; x_wconf 88' lang='lat' dir='ltr'><strong>usquam</strong></span> <span class='ocrx_word' id='word_1_82' title='bbox 2338 1644 2499 1689; x_wconf 92' lang='lat' dir='ltr'><strong>con-</strong></span> 
     </span>
     <span class='ocr_line' id='line_1_11' title="bbox 387 1728 2503 1831; baseline 0.001 -29"><span class='ocrx_word' id='word_1_83' title='bbox 387 1753 488 1802; x_wconf 88' lang='lat' dir='ltr'><strong>tra</strong></span> <span class='ocrx_word' id='word_1_84' title='bbox 500 1730 621 1831; x_wconf 88' lang='lat' dir='ltr'><strong>jus</strong></span> <span class='ocrx_word' id='word_1_85' title='bbox 654 1730 849 1819; x_wconf 90' lang='lat' dir='ltr'><strong>licet,</strong></span> <span class='ocrx_word' id='word_1_86' title='bbox 875 1730 1093 1801; x_wconf 90' lang='lat' dir='ltr'><strong>autin</strong></span> <span class='ocrx_word' id='word_1_87' title='bbox 1120 1729 1390 1829; x_wconf 89' lang='lat' dir='ltr'><strong>privato</strong></span> <span class='ocrx_word' id='word_1_88' title='bbox 1415 1728 1680 1800; x_wconf 89' lang='lat' dir='ltr'><strong>omnia.</strong></span> <span class='ocrx_word' id='word_1_89' title='bbox 1709 1733 1797 1800; x_wconf 90' lang='lat' dir='ltr'><strong>At</strong></span> <span class='ocrx_word' id='word_1_90' title='bbox 1821 1730 2014 1801; x_wconf 89' lang='lat' dir='ltr'><strong>enim</strong></span> <span class='ocrx_word' id='word_1_91' title='bbox 2046 1730 2368 1804; x_wconf 88' lang='lat' dir='ltr'><strong>adversus</strong></span> <span class='ocrx_word' id='word_1_92' title='bbox 2395 1734 2503 1805; x_wconf 90' lang='lat' dir='ltr'><strong>in-</strong></span> 
     </span>
     <span class='ocr_line' id='line_1_12' title="bbox 386 1846 2499 1947; baseline 0 -28"><span class='ocrx_word' id='word_1_93' title='bbox 386 1850 727 1922; x_wconf 88' lang='lat' dir='ltr'><strong>ferentem</strong></span> <span class='ocrx_word' id='word_1_94' title='bbox 765 1848 1107 1920; x_wconf 90' lang='lat' dir='ltr'><strong>damnum</strong></span> <span class='ocrx_word' id='word_1_95' title='bbox 1132 1846 1324 1947; x_wconf 87' lang='lat' dir='ltr'><strong>justa</strong></span> <span class='ocrx_word' id='word_1_96' title='bbox 1358 1847 1531 1918; x_wconf 91' lang='lat' dir='ltr'><strong>ultio</strong></span> <span class='ocrx_word' id='word_1_97' title='bbox 1560 1846 1739 1917; x_wconf 82' lang='lat' dir='ltr'><strong>fuit:</strong></span> <span class='ocrx_word' id='word_1_98' title='bbox 1771 1846 2002 1918; x_wconf 90' lang='lat' dir='ltr'><strong>dicam</strong></span> <span class='ocrx_word' id='word_1_99' title='bbox 2022 1873 2250 1939; x_wconf 91' lang='lat' dir='ltr'><strong>nunc,</strong></span> <span class='ocrx_word' id='word_1_100' title='bbox 2282 1875 2499 1946; x_wconf 88' lang='lat' dir='ltr'><strong>qnam</strong></span> 
     </span>
     <span class='ocr_line' id='line_1_13' title="bbox 389 1961 2502 2062; baseline 0.001 -27"><span class='ocrx_word' id='word_1_101' title='bbox 389 1965 638 2062; x_wconf 91' lang='lat' dir='ltr'><strong>iniqua</strong></span> <span class='ocrx_word' id='word_1_102' title='bbox 667 1964 755 2036; x_wconf 89' lang='lat' dir='ltr'><strong>sit</strong></span> <span class='ocrx_word' id='word_1_103' title='bbox 791 1963 1091 2035; x_wconf 85' lang='lat' dir='ltr'><strong>invicem</strong></span> <span class='ocrx_word' id='word_1_104' title='bbox 1124 1961 1395 2062; x_wconf 74' lang='lat' dir='ltr'><strong>injuriae</strong></span> <span class='ocrx_word' id='word_1_105' title='bbox 1431 1962 1935 2062; x_wconf 85' lang='lat' dir='ltr'><strong>compensatio,</strong></span> <span class='ocrx_word' id='word_1_106' title='bbox 1971 1989 2328 2061; x_wconf 85' lang='lat' dir='ltr'><strong>quamque</strong></span> <span class='ocrx_word' id='word_1_107' title='bbox 2358 1991 2502 2037; x_wconf 92' lang='lat' dir='ltr'><strong>non</strong></span> 
     </span>
     <span class='ocr_line' id='line_1_14' title="bbox 390 2078 2503 2180; baseline 0.001 -29"><span class='ocrx_word' id='word_1_108' title='bbox 390 2081 621 2152; x_wconf 92' lang='lat' dir='ltr'><strong>solum</strong></span> <span class='ocrx_word' id='word_1_109' title='bbox 669 2081 805 2180; x_wconf 77' lang='lat' dir='ltr'><strong>legi</strong></span> <span class='ocrx_word' id='word_1_110' title='bbox 849 2080 1168 2170; x_wconf 85' lang='lat' dir='ltr'><strong>adversa,</strong></span> <span class='ocrx_word' id='word_1_111' title='bbox 1209 2078 1333 2151; x_wconf 91' lang='lat' dir='ltr'><strong>sed</strong></span> <span class='ocrx_word' id='word_1_112' title='bbox 1375 2080 1593 2153; x_wconf 86' lang='lat' dir='ltr'><strong>etiam</strong></span> <span class='ocrx_word' id='word_1_113' title='bbox 1630 2081 1803 2180; x_wconf 89' lang='lat' dir='ltr'><strong>paci.</strong></span> <span class='ocrx_word' id='word_1_114' title='bbox 1847 2080 2311 2154; x_wconf 85' lang='lat' dir='ltr'><strong>Barbarorum</strong></span> <span class='ocrx_word' id='word_1_115' title='bbox 2352 2110 2503 2154; x_wconf 87' lang='lat' dir='ltr'><strong>mos</strong></span> 
     </span>
     <span class='ocr_line' id='line_1_15' title="bbox 393 2197 2509 2300; baseline -0 -28"><span class='ocrx_word' id='word_1_116' title='bbox 393 2221 492 2273; x_wconf 88' lang='lat' dir='ltr'><strong>est</strong></span> <span class='ocrx_word' id='word_1_117' title='bbox 525 2200 989 2300; x_wconf 86' lang='lat' dir='ltr'><strong>populorum,</strong></span> <span class='ocrx_word' id='word_1_118' title='bbox 1024 2224 1201 2297; x_wconf 91' lang='lat' dir='ltr'><strong>quos</strong></span> <span class='ocrx_word' id='word_1_119' title='bbox 1231 2197 1476 2297; x_wconf 86' lang='lat' dir='ltr'><strong>procul</strong></span> <span class='ocrx_word' id='word_1_120' title='bbox 1510 2198 1742 2269; x_wconf 91' lang='lat' dir='ltr'><strong>omnis</strong></span> <span class='ocrx_word' id='word_1_121' title='bbox 1764 2198 1946 2299; x_wconf 90' lang='lat' dir='ltr'><strong>juris</strong></span> <span class='ocrx_word' id='word_1_122' title='bbox 1975 2198 2272 2270; x_wconf 86' lang='lat' dir='ltr'><strong>humani</strong></span> <span class='ocrx_word' id='word_1_123' title='bbox 2300 2200 2509 2272; x_wconf 91' lang='lat' dir='ltr'><strong>socie-</strong></span> 
     </span>
     <span class='ocr_line' id='line_1_16' title="bbox 395 2310 2503 2414; baseline 0 -28"><span class='ocrx_word' id='word_1_124' title='bbox 395 2335 526 2386; x_wconf 87' lang='lat' dir='ltr'><strong>tate</strong></span> <span class='ocrx_word' id='word_1_125' title='bbox 573 2336 965 2387; x_wconf 89' lang='lat' dir='ltr'><strong>summotos</strong></span> <span class='ocrx_word' id='word_1_126' title='bbox 1011 2314 1331 2414; x_wconf 85' lang='lat' dir='ltr'><strong>proxima</strong></span> <span class='ocrx_word' id='word_1_127' title='bbox 1378 2310 1632 2384; x_wconf 82' lang='lat' dir='ltr'><strong>belluis</strong></span> <span class='ocrx_word' id='word_1_128' title='bbox 1682 2333 1928 2384; x_wconf 87' lang='lat' dir='ltr'><strong>natura</strong></span> <span class='ocrx_word' id='word_1_129' title='bbox 1974 2314 2332 2387; x_wconf 85' lang='lat' dir='ltr'><strong>efferavit:</strong></span> <span class='ocrx_word' id='word_1_130' title='bbox 2375 2342 2503 2388; x_wconf 80' lang='lat' dir='ltr'><strong>nos</strong></span> 
     </span>
     <span class='ocr_line' id='line_1_17' title="bbox 396 2429 2506 2532; baseline 0 -30"><span class='ocrx_word' id='word_1_131' title='bbox 396 2432 553 2504; x_wconf 89' lang='lat' dir='ltr'><strong>ideo</strong></span> <span class='ocrx_word' id='word_1_132' title='bbox 596 2432 1033 2530; x_wconf 74' lang='lat' dir='ltr'><strong>magistratus</strong></span> <span class='ocrx_word' id='word_1_133' title='bbox 1072 2430 1396 2529; x_wconf 79' lang='lat' dir='ltr'><strong>legesque</strong></span> <span class='ocrx_word' id='word_1_134' title='bbox 1439 2457 1481 2501; x_wconf 92' lang='lat' dir='ltr'><strong>a</strong></span> <span class='ocrx_word' id='word_1_135' title='bbox 1518 2429 1900 2530; x_wconf 84' lang='lat' dir='ltr'><strong>majoribus</strong></span> <span class='ocrx_word' id='word_1_136' title='bbox 1943 2431 2193 2504; x_wconf 89' lang='lat' dir='ltr'><strong>nostris</strong></span> <span class='ocrx_word' id='word_1_137' title='bbox 2231 2429 2506 2532; x_wconf 87' lang='lat' dir='ltr'><strong>accepi-</strong></span> 
     </span>
     <span class='ocr_line' id='line_1_18' title="bbox 398 2542 2507 2641; baseline 0 -24"><span class='ocrx_word' id='word_1_138' title='bbox 398 2572 594 2633; x_wconf 77' lang='lat' dir='ltr'><strong>muS,</strong></span> <span class='ocrx_word' id='word_1_139' title='bbox 631 2572 720 2616; x_wconf 90' lang='lat' dir='ltr'><strong>ne</strong></span> <span class='ocrx_word' id='word_1_140' title='bbox 755 2545 864 2615; x_wconf 81' lang='lat' dir='ltr'><strong>sui</strong></span> <span class='ocrx_word' id='word_1_141' title='bbox 896 2543 1194 2641; x_wconf 89' lang='lat' dir='ltr'><strong>quisque</strong></span> <span class='ocrx_word' id='word_1_142' title='bbox 1228 2542 1483 2614; x_wconf 87' lang='lat' dir='ltr'><strong>doloris</strong></span> <span class='ocrx_word' id='word_1_143' title='bbox 1511 2543 1764 2615; x_wconf 84' lang='lat' dir='ltr'><strong>vindex</strong></span> <span class='ocrx_word' id='word_1_144' title='bbox 1792 2544 1915 2634; x_wconf 89' lang='lat' dir='ltr'><strong>sit;</strong></span> <span class='ocrx_word' id='word_1_145' title='bbox 1948 2566 2014 2615; x_wconf 90' lang='lat' dir='ltr'><strong>et</strong></span> <span class='ocrx_word' id='word_1_146' title='bbox 2040 2546 2332 2617; x_wconf 86' lang='lat' dir='ltr'><strong>assiduae</strong></span> <span class='ocrx_word' id='word_1_147' title='bbox 2362 2573 2507 2618; x_wconf 84' lang='lat' dir='ltr'><strong>sce-</strong></span> 
     </span>
     <span class='ocr_line' id='line_1_19' title="bbox 400 2658 2501 2748; baseline 0.001 -16"><span class='ocrx_word' id='word_1_148' title='bbox 400 2662 629 2733; x_wconf 89' lang='lat' dir='ltr'><strong>lerum</strong></span> <span class='ocrx_word' id='word_1_149' title='bbox 673 2686 890 2731; x_wconf 86' lang='lat' dir='ltr'><strong>causae</strong></span> <span class='ocrx_word' id='word_1_150' title='bbox 930 2686 1000 2730; x_wconf 91' lang='lat' dir='ltr'><strong>se</strong></span> <span class='ocrx_word' id='word_1_151' title='bbox 1049 2659 1406 2748; x_wconf 84' lang='lat' dir='ltr'><strong>refellant,</strong></span> <span class='ocrx_word' id='word_1_152' title='bbox 1452 2658 1509 2729; x_wconf 88' lang='lat' dir='ltr'><strong>si</strong></span> <span class='ocrx_word' id='word_1_153' title='bbox 1554 2660 1729 2730; x_wconf 89' lang='lat' dir='ltr'><strong>ultio</strong></span> <span class='ocrx_word' id='word_1_154' title='bbox 1774 2661 2043 2732; x_wconf 80' lang='lat' dir='ltr'><strong>crimen</strong></span> <span class='ocrx_word' id='word_1_155' title='bbox 2094 2663 2501 2735; x_wconf 80' lang='lat' dir='ltr'><strong>imitabitur.</strong></span> 
     </span>
     <span class='ocr_line' id='line_1_20' title="bbox 397 2776 2506 2874; baseline 0 -24"><span class='ocrx_word' id='word_1_156' title='bbox 397 2780 768 2850; x_wconf 91' lang='lat' dir='ltr'><strong>Damnum</strong></span> <span class='ocrx_word' id='word_1_157' title='bbox 802 2776 1158 2874; x_wconf 86' lang='lat' dir='ltr'><strong>accepisti:</strong></span> <span class='ocrx_word' id='word_1_158' title='bbox 1198 2796 1342 2847; x_wconf 85' lang='lat' dir='ltr'><strong>erat</strong></span> <span class='ocrx_word' id='word_1_159' title='bbox 1369 2776 1519 2864; x_wconf 85' lang='lat' dir='ltr'><strong>Iex,</strong></span> <span class='ocrx_word' id='word_1_160' title='bbox 1549 2777 1785 2846; x_wconf 86' lang='lat' dir='ltr'><strong>forum</strong></span> <span class='ocrx_word' id='word_1_161' title='bbox 1807 2833 1826 2866; x_wconf 93' lang='lat'><strong>,</strong></span> <span class='ocrx_word' id='word_1_162' title='bbox 1849 2776 2102 2874; x_wconf 85' lang='lat' dir='ltr'><strong>judex:</strong></span> <span class='ocrx_word' id='word_1_163' title='bbox 2139 2779 2271 2850; x_wconf 90' lang='lat' dir='ltr'><strong>nisi</strong></span> <span class='ocrx_word' id='word_1_164' title='bbox 2302 2781 2359 2851; x_wconf 94' lang='lat' dir='ltr'><strong>si</strong></span> <span class='ocrx_word' id='word_1_165' title='bbox 2388 2808 2506 2851; x_wconf 84' lang='lat' dir='ltr'><strong>vos</strong></span> 
     </span>
     <span class='ocr_line' id='line_1_21' title="bbox 389 2888 2504 2994; baseline 0 -30"><span class='ocrx_word' id='word_1_166' title='bbox 389 2893 551 2994; x_wconf 88' lang='lat' dir='ltr'><strong>jure</strong></span> <span class='ocrx_word' id='word_1_167' title='bbox 562 2890 897 2963; x_wconf 85' lang='lat' dir='ltr'><strong>vindicari</strong></span> <span class='ocrx_word' id='word_1_168' title='bbox 917 2891 1155 2988; x_wconf 90' lang='lat' dir='ltr'><strong>pudet.</strong></span> <span class='ocrx_word' id='word_1_169' title='bbox 1169 2894 1260 2961; x_wconf 82' lang='lat' dir='ltr'><strong>At</strong></span> <span class='ocrx_word' id='word_1_170' title='bbox 1273 2888 1648 2979; x_wconf 79' lang='lat' dir='ltr'><strong>mehercle,</strong></span> <span class='ocrx_word' id='word_1_171' title='bbox 1662 2890 1806 2990; x_wconf 88' lang='lat' dir='ltr'><strong>jam</strong></span> <span class='ocrx_word' id='word_1_172' title='bbox 1822 2889 1909 2959; x_wconf 89' lang='lat' dir='ltr'><strong>ad</strong></span> <span class='ocrx_word' id='word_1_173' title='bbox 1929 2915 2124 2961; x_wconf 88' lang='lat' dir='ltr'><strong>arma</strong></span> <span class='ocrx_word' id='word_1_174' title='bbox 2140 2891 2504 2984; x_wconf 87' lang='lat' dir='ltr'><strong>mittimur,</strong></span> 
     </span>
     <span class='ocr_line' id='line_1_22' title="bbox 401 3003 2507 3104; baseline -0 -24"><span class='ocrx_word' id='word_1_175' title='bbox 401 3029 467 3080; x_wconf 90' lang='lat' dir='ltr'><strong>et</strong></span> <span class='ocrx_word' id='word_1_176' title='bbox 494 3006 877 3080; x_wconf 89' lang='lat' dir='ltr'><strong>instituitur</strong></span> <span class='ocrx_word' id='word_1_177' title='bbox 908 3005 1298 3104; x_wconf 88' lang='lat' dir='ltr'><strong>perniciosa</strong></span> <span class='ocrx_word' id='word_1_178' title='bbox 1331 3004 1634 3077; x_wconf 90' lang='lat' dir='ltr'><strong>nocendi</strong></span> <span class='ocrx_word' id='word_1_179' title='bbox 1664 3004 2054 3095; x_wconf 86' lang='lat' dir='ltr'><strong>contentio,</strong></span> <span class='ocrx_word' id='word_1_180' title='bbox 2087 3025 2154 3076; x_wconf 92' lang='lat' dir='ltr'><strong>et</strong></span> <span class='ocrx_word' id='word_1_181' title='bbox 2182 3003 2250 3075; x_wconf 93' lang='lat' dir='ltr'><strong>in</strong></span> <span class='ocrx_word' id='word_1_182' title='bbox 2282 3007 2507 3079; x_wconf 89' lang='lat' dir='ltr'><strong>vicem</strong></span> 
     </span>
     <span class='ocr_line' id='line_1_23' title="bbox 402 3119 2506 3222; baseline -0 -28"><span class='ocrx_word' id='word_1_183' title='bbox 402 3123 575 3222; x_wconf 78' lang='lat' dir='ltr'><strong>legis</strong></span> <span class='ocrx_word' id='word_1_184' title='bbox 595 3123 696 3193; x_wconf 89' lang='lat' dir='ltr'><strong>ira</strong></span> <span class='ocrx_word' id='word_1_185' title='bbox 715 3120 1044 3193; x_wconf 90' lang='lat' dir='ltr'><strong>succedit.</strong></span> <span class='ocrx_word' id='word_1_186' title='bbox 1058 3124 1420 3192; x_wconf 88' lang='lat' dir='ltr'><strong>Premetur</strong></span> <span class='ocrx_word' id='word_1_187' title='bbox 1434 3119 1722 3220; x_wconf 88' lang='lat' dir='ltr'><strong>quidem</strong></span> <span class='ocrx_word' id='word_1_188' title='bbox 1742 3119 2045 3192; x_wconf 85' lang='lat' dir='ltr'><strong>obnoxia</strong></span> <span class='ocrx_word' id='word_1_189' title='bbox 2061 3134 2084 3162; x_wconf 84' lang='lat'>²</span> <span class='ocrx_word' id='word_1_190' title='bbox 2102 3119 2470 3193; x_wconf 88' lang='lat' dir='ltr'><strong>infirmitas</strong></span> <span class='ocrx_word' id='word_1_191' title='bbox 2488 3181 2506 3212; x_wconf 87' lang='lat'><strong>,</strong></span> 
     </span>
     <span class='ocr_line' id='line_1_24' title="bbox 406 3237 2507 3340; baseline 0.001 -29"><span class='ocrx_word' id='word_1_192' title='bbox 406 3261 477 3311; x_wconf 90' lang='lat' dir='ltr'><strong>et</strong></span> <span class='ocrx_word' id='word_1_193' title='bbox 515 3266 906 3338; x_wconf 87' lang='lat' dir='ltr'><strong>paucorum</strong></span> <span class='ocrx_word' id='word_1_194' title='bbox 944 3239 1264 3313; x_wconf 89' lang='lat' dir='ltr'><strong>dominio</strong></span> <span class='ocrx_word' id='word_1_195' title='bbox 1303 3239 1618 3340; x_wconf 89' lang='lat' dir='ltr'><strong>subjecta</strong></span> <span class='ocrx_word' id='word_1_196' title='bbox 1655 3237 1893 3338; x_wconf 86' lang='lat' dir='ltr'><strong>plebes</strong></span> <span class='ocrx_word' id='word_1_197' title='bbox 1935 3239 2119 3311; x_wconf 90' lang='lat' dir='ltr'><strong>triste</strong></span> <span class='ocrx_word' id='word_1_198' title='bbox 2154 3240 2507 3313; x_wconf 87' lang='lat' dir='ltr'><strong>servitium</strong></span> 
     </span>
     <span class='ocr_line' id='line_1_25' title="bbox 405 3351 2514 3455; baseline 0.002 -29"><span class='ocrx_word' id='word_1_199' title='bbox 405 3355 736 3455; x_wconf 87' lang='lat' dir='ltr'><strong>perferet:</strong></span> <span class='ocrx_word' id='word_1_200' title='bbox 776 3375 873 3427; x_wconf 89' lang='lat' dir='ltr'><strong>est</strong></span> <span class='ocrx_word' id='word_1_201' title='bbox 914 3374 1149 3427; x_wconf 89' lang='lat' dir='ltr'><strong>tamen</strong></span> <span class='ocrx_word' id='word_1_202' title='bbox 1185 3375 1253 3427; x_wconf 93' lang='lat' dir='ltr'><strong>et</strong></span> <span class='ocrx_word' id='word_1_203' title='bbox 1284 3356 1706 3455; x_wconf 89' lang='lat' dir='ltr'><strong>pauperibus</strong></span> <span class='ocrx_word' id='word_1_204' title='bbox 1741 3355 2023 3427; x_wconf 88' lang='lat' dir='ltr'><strong>interim</strong></span> <span class='ocrx_word' id='word_1_205' title='bbox 2059 3351 2290 3427; x_wconf 90' lang='lat' dir='ltr'><strong>dolor:</strong></span> <span class='ocrx_word' id='word_1_206' title='bbox 2330 3379 2399 3430; x_wconf 93' lang='lat' dir='ltr'><strong>et</strong></span> <span class='ocrx_word' id='word_1_207' title='bbox 2437 3381 2514 3430; x_wconf 92' lang='lat' dir='ltr'><strong>ut</strong></span> 
     </span>
    </p>
   </div>
   <div class='ocr_carea' id='block_1_3' title="bbox 405 3567 2518 4366">
    <p class='ocr_par' dir='ltr' id='par_1_4' title="bbox 405 3567 2517 4041">
     <span class='ocr_line' id='line_1_26' title="bbox 405 3567 2514 3642; baseline 0 -20"><span class='ocrx_word' id='word_1_208' title='bbox 405 3567 517 3622; x_wconf 84' lang='lat' dir='ltr'><strong>solo</strong></span> <span class='ocrx_word' id='word_1_209' title='bbox 536 3585 746 3642; x_wconf 75' lang='lat' dir='ltr'><strong>oequare</strong></span> <span class='ocrx_word' id='word_1_210' title='bbox 765 3582 891 3621; x_wconf 86' lang='lat' dir='ltr'><strong>tunc</strong></span> <span class='ocrx_word' id='word_1_211' title='bbox 911 3567 1088 3621; x_wconf 77' lang='lat' dir='ltr'><strong>dicere</strong></span> <span class='ocrx_word' id='word_1_212' title='bbox 1103 3581 1324 3621; x_wconf 80' lang='lat' dir='ltr'><strong>veteres.</strong></span> <span class='ocrx_word' id='word_1_213' title='bbox 1337 3571 1420 3620; x_wconf 86' lang='lat' dir='ltr'><strong>An</strong></span> <span class='ocrx_word' id='word_1_214' title='bbox 1502 3568 1570 3621; x_wconf 83' lang='lat' dir='ltr'><strong>ad</strong></span> <span class='ocrx_word' id='word_1_215' title='bbox 1590 3567 1881 3621; x_wconf 82' lang='lat' dir='ltr'><strong>Declamat.</strong></span> <span class='ocrx_word' id='word_1_216' title='bbox 1912 3567 2137 3640; x_wconf 64' lang='lat' dir='ltr'><strong>praeced.</strong></span> <span class='ocrx_word' id='word_1_217' title='bbox 2164 3567 2417 3636; x_wconf 76' lang='lat' dir='ltr'><strong>vidimus,</strong></span> <span class='ocrx_word' id='word_1_218' title='bbox 2436 3586 2514 3623; x_wconf 77' lang='lat' dir='ltr'><strong>est</strong></span> 
     </span>
     <span class='ocr_line' id='line_1_27' title="bbox 407 3647 2510 3723; baseline 0.003 -24"><span class='ocrx_word' id='word_1_219' title='bbox 407 3648 539 3700; x_wconf 87' lang='lat' dir='ltr'><strong>latet</strong></span> <span class='ocrx_word' id='word_1_220' title='bbox 565 3650 619 3700; x_wconf 84' lang='lat' dir='ltr'><strong>in</strong></span> <span class='ocrx_word' id='word_1_221' title='bbox 644 3647 748 3700; x_wconf 88' lang='lat' dir='ltr'><strong>hoc</strong></span> <span class='ocrx_word' id='word_1_222' title='bbox 771 3647 936 3700; x_wconf 81' lang='lat' dir='ltr'><strong>verbo</strong></span> <span class='ocrx_word' id='word_1_223' title='bbox 962 3647 1150 3700; x_wconf 83' lang='lat' dir='ltr'><strong>ulcus?</strong></span> <span class='ocrx_word' id='word_1_224' title='bbox 1176 3666 1244 3700; x_wconf 82' lang='lat' dir='ltr'><strong>au</strong></span> <span class='ocrx_word' id='word_1_225' title='bbox 1268 3648 1419 3699; x_wconf 79' lang='grc' dir='ltr'><strong><em>ἰηυο-</em></strong></span> <span class='ocrx_word' id='word_1_226' title='bbox 1500 3651 1779 3704; x_wconf 77' lang='lat' dir='ltr'><strong>translatio</strong></span> <span class='ocrx_word' id='word_1_227' title='bbox 1817 3649 2072 3713; x_wconf 86' lang='lat' dir='ltr'><strong>dominii,</strong></span> <span class='ocrx_word' id='word_1_228' title='bbox 2119 3650 2202 3703; x_wconf 78' lang='lat' dir='ltr'><strong>vel</strong></span> <span class='ocrx_word' id='word_1_229' title='bbox 2243 3655 2510 3723; x_wconf 80' lang='lat' dir='ltr'><strong>pecuniae:</strong></span> 
     </span>
     <span class='ocr_line' id='line_1_28' title="bbox 411 3725 2514 3803; baseline 0.003 -24"><span class='ocrx_word' id='word_1_230' title='bbox 411 3727 558 3793; x_wconf 79' lang='lat' dir='ltr'><strong>lare,</strong></span> <span class='ocrx_word' id='word_1_231' title='bbox 596 3726 679 3778; x_wconf 84' lang='lat' dir='ltr'><strong>vel</strong></span> <span class='ocrx_word' id='word_1_232' title='bbox 726 3725 894 3779; x_wconf 82' lang='lat' dir='ltr'><strong>simile</strong></span> <span class='ocrx_word' id='word_1_233' title='bbox 932 3726 1109 3797; x_wconf 77' lang='lat' dir='ltr'><strong>quid?</strong></span> <span class='ocrx_word' id='word_1_234' title='bbox 1146 3728 1417 3778; x_wconf 63' lang='lat' dir='ltr'><strong>Burnum.</strong></span> <span class='ocrx_word' id='word_1_235' title='bbox 1496 3733 1609 3801; x_wconf 84' lang='lat' dir='ltr'><strong>jam</strong></span> <span class='ocrx_word' id='word_1_236' title='bbox 1634 3731 1930 3801; x_wconf 79' lang='lat' dir='ltr'><strong>privatum,</strong></span> <span class='ocrx_word' id='word_1_237' title='bbox 1954 3729 2008 3782; x_wconf 90' lang='lat' dir='ltr'><strong>id</strong></span> <span class='ocrx_word' id='word_1_238' title='bbox 2043 3742 2150 3795; x_wconf 80' lang='lat' dir='ltr'><strong>est,</strong></span> <span class='ocrx_word' id='word_1_239' title='bbox 2179 3749 2306 3801; x_wconf 76' lang='lat' dir='ltr'><strong>ager</strong></span> <span class='ocrx_word' id='word_1_240' title='bbox 2336 3734 2514 3803; x_wconf 77' lang='lat' dir='ltr'><strong>priva—</strong></span> 
     </span>
     <span class='ocr_line' id='line_1_29' title="bbox 408 3806 2515 3879; baseline 0.003 -20"><span class='ocrx_word' id='word_1_241' title='bbox 408 3839 482 3850; x_wconf 88' lang='lat'><strong>--</strong></span> <span class='ocrx_word' id='word_1_242' title='bbox 518 3809 856 3861; x_wconf 73' lang='lat' dir='ltr'><strong>Possessiones</strong></span> <span class='ocrx_word' id='word_1_243' title='bbox 890 3825 1019 3861; x_wconf 71' lang='lat' dir='ltr'><strong>suas.</strong></span> <span class='ocrx_word' id='word_1_244' title='bbox 1055 3806 1192 3860; x_wconf 83' lang='lat' dir='ltr'><strong>Vide</strong></span> <span class='ocrx_word' id='word_1_245' title='bbox 1229 3807 1296 3859; x_wconf 87' lang='lat' dir='ltr'><strong>de</strong></span> <span class='ocrx_word' id='word_1_246' title='bbox 1335 3807 1420 3861; x_wconf 76' lang='lat' dir='ltr'><strong>his</strong></span> <span class='ocrx_word' id='word_1_247' title='bbox 1503 3824 1619 3877; x_wconf 82' lang='lat' dir='ltr'><strong>tus,</strong></span> <span class='ocrx_word' id='word_1_248' title='bbox 1648 3813 1967 3864; x_wconf 80' lang='lat' dir='ltr'><strong>transfertur</strong></span> <span class='ocrx_word' id='word_1_249' title='bbox 1986 3810 2053 3862; x_wconf 85' lang='lat' dir='ltr'><strong>ad</strong></span> <span class='ocrx_word' id='word_1_250' title='bbox 2072 3811 2260 3864; x_wconf 79' lang='lat' dir='ltr'><strong>divites</strong></span> <span class='ocrx_word' id='word_1_251' title='bbox 2279 3831 2515 3879; x_wconf 78' lang='lat' dir='ltr'><strong>veneno,</strong></span> 
     </span>
     <span class='ocr_line' id='line_1_30' title="bbox 410 3887 2517 3962; baseline 0 -18"><span class='ocrx_word' id='word_1_252' title='bbox 410 3888 706 3944; x_wconf 82' lang='lat' dir='ltr'><strong>latifundiis</strong></span> <span class='ocrx_word' id='word_1_253' title='bbox 729 3887 950 3940; x_wconf 78' lang='lat' dir='ltr'><strong>divitum</strong></span> <span class='ocrx_word' id='word_1_254' title='bbox 973 3888 1043 3941; x_wconf 80' lang='lat' dir='ltr'><strong>ad</strong></span> <span class='ocrx_word' id='word_1_255' title='bbox 1068 3892 1276 3941; x_wconf 80' lang='lat' dir='ltr'><strong>Petron.</strong></span> <span class='ocrx_word' id='word_1_256' title='bbox 1299 3907 1419 3961; x_wconf 85' lang='lat' dir='ltr'><strong>cap.</strong></span> <span class='ocrx_word' id='word_1_257' title='bbox 1505 3891 1657 3962; x_wconf 77' lang='lat' dir='ltr'><strong>quasi</strong></span> <span class='ocrx_word' id='word_1_258' title='bbox 1676 3891 1849 3962; x_wconf 80' lang='lat' dir='ltr'><strong>pretio</strong></span> <span class='ocrx_word' id='word_1_259' title='bbox 1864 3889 2198 3941; x_wconf 84' lang='lat' dir='ltr'><strong>venditionis.</strong></span> <span class='ocrx_word' id='word_1_260' title='bbox 2218 3892 2386 3944; x_wconf 72' lang='lat' dir='ltr'><strong>Butm.</strong></span> <span class='ocrx_word' id='word_1_261' title='bbox 2407 3895 2517 3945; x_wconf 65' lang='lat' dir='ltr'><strong>Pro·-</strong></span> 
     </span>
     <span class='ocr_line' id='line_1_31' title="bbox 410 3972 2341 4041; baseline 0.001 -16"><span class='ocrx_word' id='word_1_262' title='bbox 410 3972 642 4025; x_wconf 86' lang='lat' dir='ltr'><strong>XLVIII.</strong></span> <span class='ocrx_word' id='word_1_263' title='bbox 1504 3983 1680 4024; x_wconf 78' lang='lat' dir='ltr'><strong>vatum</strong></span> <span class='ocrx_word' id='word_1_264' title='bbox 1702 3991 1815 4023; x_wconf 83' lang='lat' dir='ltr'><strong>ven.</strong></span> <span class='ocrx_word' id='word_1_265' title='bbox 1845 3972 2210 4041; x_wconf 71' lang='lat' dir='ltr'><strong>transcriptum</strong></span> <span class='ocrx_word' id='word_1_266' title='bbox 2237 3972 2341 4026; x_wconf 71' lang='lat' dir='ltr'><strong>alii.</strong></span> 
     </span>
    </p>

    <p class='ocr_par' dir='ltr' id='par_1_5' title="bbox 414 4045 2518 4366">
     <span class='ocr_line' id='line_1_32' title="bbox 491 4045 2518 4124; baseline -0.002 -17"><span class='ocrx_word' id='word_1_267' title='bbox 491 4073 535 4107; x_wconf 82' lang='lat' dir='ltr'><strong>t.</strong></span> <span class='ocrx_word' id='word_1_268' title='bbox 559 4056 684 4106; x_wconf 83' lang='lat' dir='ltr'><strong>Jam</strong></span> <span class='ocrx_word' id='word_1_269' title='bbox 711 4052 911 4124; x_wconf 72' lang='lat' dir='ltr'><strong>privati</strong></span> <span class='ocrx_word' id='word_1_270' title='bbox 935 4055 1122 4107; x_wconf 73' lang='lat' dir='ltr'><strong>veneni</strong></span> <span class='ocrx_word' id='word_1_271' title='bbox 1147 4053 1423 4122; x_wconf 70' lang='lat' dir='ltr'><strong>transeo-ip·</strong></span> <span class='ocrx_word' id='word_1_272' title='bbox 1580 4070 1627 4103; x_wconf 82' lang='lat'><strong>2.</strong></span> <span class='ocrx_word' id='word_1_273' title='bbox 1660 4051 1897 4103; x_wconf 73' lang='lat' dir='ltr'><strong>Obnoxia</strong></span> <span class='ocrx_word' id='word_1_274' title='bbox 1924 4045 2218 4119; x_wconf 73' lang='lat' dir='ltr'><strong>infirmitas.</strong></span> <span class='ocrx_word' id='word_1_275' title='bbox 2246 4050 2304 4101; x_wconf 88' lang='lat' dir='ltr'><strong>Id</strong></span> <span class='ocrx_word' id='word_1_276' title='bbox 2328 4066 2407 4103; x_wconf 84' lang='lat' dir='ltr'><strong>est</strong></span> <span class='ocrx_word' id='word_1_277' title='bbox 2432 4071 2518 4103; x_wconf 73' lang='lat' dir='ltr'><strong>er.-</strong></span> 
     </span>
     <span class='ocr_line' id='line_1_33' title="bbox 415 4131 2516 4204; baseline -0.001 -17"><span class='ocrx_word' id='word_1_278' title='bbox 415 4135 487 4187; x_wconf 80' lang='lat' dir='ltr'><strong>tio</strong></span> <span class='ocrx_word' id='word_1_279' title='bbox 512 4145 600 4186; x_wconf 74' lang='lat' dir='ltr'><strong>est.</strong></span> <span class='ocrx_word' id='word_1_280' title='bbox 628 4132 907 4186; x_wconf 81' lang='lat' dir='ltr'><strong>Obscurus</strong></span> <span class='ocrx_word' id='word_1_281' title='bbox 943 4131 1121 4196; x_wconf 86' lang='lat' dir='ltr'><strong>locus,</strong></span> <span class='ocrx_word' id='word_1_282' title='bbox 1149 4150 1311 4203; x_wconf 86' lang='lat' dir='ltr'><strong>quem</strong></span> <span class='ocrx_word' id='word_1_283' title='bbox 1338 4132 1424 4181; x_wconf 78' lang='lat' dir='ltr'><strong>vix</strong></span> <span class='ocrx_word' id='word_1_284' title='bbox 1506 4133 1680 4204; x_wconf 69' lang='lat' dir='ltr'><strong>posita</strong></span> <span class='ocrx_word' id='word_1_285' title='bbox 1695 4132 1900 4200; x_wconf 78' lang='lat' dir='ltr'><strong>injuriis</strong></span> <span class='ocrx_word' id='word_1_286' title='bbox 1910 4131 2300 4200; x_wconf 82' lang='lat' dir='ltr'><strong>potentiorum,</strong></span> <span class='ocrx_word' id='word_1_287' title='bbox 2320 4133 2516 4186; x_wconf 68' lang='lat' dir='ltr'><strong>Phaeds.</strong></span> 
     </span>
     <span class='ocr_line' id='line_1_34' title="bbox 414 4208 2511 4284; baseline -0.001 -20"><span class='ocrx_word' id='word_1_288' title='bbox 414 4215 587 4284; x_wconf 85' lang='lat' dir='ltr'><strong>capio.</strong></span> <span class='ocrx_word' id='word_1_289' title='bbox 628 4214 810 4276; x_wconf 87' lang='lat' dir='ltr'><strong>Forte,</strong></span> <span class='ocrx_word' id='word_1_290' title='bbox 834 4210 956 4282; x_wconf 84' lang='lat' dir='ltr'><strong>jam</strong></span> <span class='ocrx_word' id='word_1_291' title='bbox 990 4211 1187 4282; x_wconf 74' lang='lat' dir='ltr'><strong>privati</strong></span> <span class='ocrx_word' id='word_1_292' title='bbox 1228 4228 1424 4261; x_wconf 81' lang='lat' dir='ltr'><strong>veneno</strong></span> <span class='ocrx_word' id='word_1_293' title='bbox 1505 4209 1646 4282; x_wconf 82' lang='lat' dir='ltr'><strong>prol.</strong></span> <span class='ocrx_word' id='word_1_294' title='bbox 1674 4210 1764 4260; x_wconf 85' lang='lat' dir='ltr'><strong>lib.</strong></span> <span class='ocrx_word' id='word_1_295' title='bbox 1788 4212 1884 4261; x_wconf 81' lang='lat' dir='ltr'><strong>III:</strong></span> <span class='ocrx_word' id='word_1_296' title='bbox 1914 4230 1936 4253; x_wconf 73' lang='lat' dir='ltr'><em>u</em></span> <span class='ocrx_word' id='word_1_297' title='bbox 1956 4208 2201 4261; x_wconf 80' lang='lat' dir='ltr'><strong>obnoxia</strong></span> <span class='ocrx_word' id='word_1_298' title='bbox 2228 4213 2468 4264; x_wconf 72' lang='lat' dir='ltr'><strong>servitus.</strong></span> <span class='ocrx_word' id='word_1_299' title='bbox 2488 4239 2511 4261; x_wconf 71' lang='grc' dir='ltr'><strong><em>ι</em></strong></span> 
     </span>
     <span class='ocr_line' id='line_1_35' title="bbox 417 4287 2055 4366; baseline -0.002 -23"><span class='ocrx_word' id='word_1_300' title='bbox 417 4294 742 4365; x_wconf 76' lang='lat' dir='ltr'><strong>transcriptio</strong></span> <span class='ocrx_word' id='word_1_301' title='bbox 802 4304 891 4346; x_wconf 78' lang='lat' dir='ltr'><strong>est.</strong></span> <span class='ocrx_word' id='word_1_302' title='bbox 940 4293 1319 4366; x_wconf 72' lang='lat' dir='ltr'><strong>Transcriptio,</strong></span> <span class='ocrx_word' id='word_1_303' title='bbox 1367 4304 1428 4345; x_wconf 89' lang='lat' dir='ltr'><strong>ut</strong></span> <span class='ocrx_word' id='word_1_304' title='bbox 1508 4288 1630 4341; x_wconf 73' lang='lat' dir='ltr'><strong>vid.</strong></span> <span class='ocrx_word' id='word_1_305' title='bbox 1663 4288 1732 4342; x_wconf 82' lang='lat' dir='ltr'><strong>ad</strong></span> <span class='ocrx_word' id='word_1_306' title='bbox 1753 4287 1898 4341; x_wconf 76' lang='lat' dir='ltr'><strong>Deol.</strong></span> <span class='ocrx_word' id='word_1_307' title='bbox 1926 4289 1978 4354; x_wconf 87' lang='lat'><strong>1,</strong></span> <span class='ocrx_word' id='word_1_308' title='bbox 2004 4287 2055 4340; x_wconf 88' lang='grc'><strong>6.</strong></span> 
     </span>
    </p>
   </div>
   <div class='ocr_carea' id='block_1_4' title="bbox 2148 4394 2231 4431">
    <p class='ocr_par' dir='ltr' id='par_1_6' title="bbox 2148 4394 2231 4431">
     <span class='ocr_line' id='line_1_36' title="bbox 2148 4394 2231 4431; baseline 0.012 -2"><span class='ocrx_word' id='word_1_309' title='bbox 2148 4394 2231 4431; x_wconf 85' lang='lat'><strong>20.</strong></span> 
     </span>
    </p>
   </div>
  </div>
 </body>
</html>
