3200 5117
701 502 1124 569 DECLAM.
1174 502 1253 563 V.
1300 500 1577 566 AEGER
1625 504 2236 575 REDEMPTUS.

427 654 639 727 quam
686 625 960 699 luxuria
977 682 997 714 ,
1050 623 1638 722 prodigarumque
1688 628 2118 728 voluptatum
2155 634 2512 709 continua·

423 745 612 816 tione
639 741 919 831 venisti3
952 740 1316 816 exhausisti
1346 766 1550 812 senex
1577 765 1820 817 census
1855 745 1926 818 in
1957 748 2174 845 pretia
2208 752 2511 823 meretri-

424 886 623 949 cum,
654 883 1083 956 quamquam
1117 876 1183 927 et
1213 854 1378 930 huic
1403 854 1692 956 jubetur
1722 860 2100 933 necessitati
2130 863 2344 960 pietas
2377 892 2513 938 ves·

424 996 525 1045 tra
553 998 982 1061 succurrere,
1013 991 1081 1043 et
1105 969 1249 1060 lex,
1278 996 1430 1069 quae
1460 971 1742 1071 inopem
1763 1030 1782 1062 ‚
1819 1000 1969 1072 quae
1991 996 2254 1074 patrem
2285 980 2512 1050 nomi..

424 1115 590 1162 nare
622 1067 942 1185 contenta
975 1107 1110 1176 est,
1145 1084 1374 1156 filium
1407 1112 1549 1158 non
1585 1086 1849 1164 remisit
1881 1089 1974 1162 ad
2014 1115 2275 1166 causas,
2313 1093 2510 1182 Quid

423 1187 582 1276 vei-o
610 1201 768 1275 siin
793 1201 1271 1284 educationem
1290 1258 1309 1291 ,
1343 1200 1415 1274 in
1441 1201 1785 1274 discursus
1802 1260 1821 1293 ,
1854 1204 1925 1275 in
1952 1205 2168 1304 pretia
2186 1230 2510 1284 vacuatus

424 1345 582 1391 sum
605 1317 670 1389 ¹?
720 1316 981 1390 excedit
1023 1343 1308 1392 omnem
1355 1317 1691 1392 scelerum
1734 1321 2320 1419 comparationem
2338 1380 2356 1413 ,
2401 1352 2512 1422 pa-

425 1460 600 1509 trem
644 1434 1048 1507 mendicum
1085 1436 1306 1508 facere
1326 1491 1347 1524 ,
1391 1461 1521 1507 nec
1558 1462 1869 1538 pascere:
1914 1457 2162 1529 tentat,
2193 1439 2469 1540 judiees
2487 1499 2512 1531 ,

425 1552 595 1648 hoc²
626 1550 813 1649 quod
838 1577 982 1623 non
1009 1571 1108 1624 est
1134 1549 1529 1650 redemptus
1546 1607 1566 1639 ,
1592 1551 1926 1648 ampliare
1952 1553 2087 1624 alia
2107 1554 2385 1654 juvenis
2408 1556 2509 1632 in·

423 1667 643 1739 vidia:
673 1668 992 1758 fratrem,
1019 1666 1286 1764 inquit,
1315 1666 1492 1738 mihi
1528 1666 1905 1765 praetulisti.
1937 1667 2304 1741 Fateamur
2328 1697 2508 1770 pau-

421 1783 631 1883 lisper
670 1785 814 1857 hoc·
848 1784 1114 1858 crimen
1138 1837 1157 1870 ,
1205 1806 1655 1879 agnoscamus
1696 1779 1828 1852 hoc
1873 1783 2087 1854 nefas.
2132 1786 2510 1888 impuden-

422 1899 679 1973 tissime
711 1899 981 2000 generis
1007 1896 1305 1986 humani
1322 1953 1341 1986 ,
1371 1916 1445 1968 tu
1470 1922 1615 1970 nou
1644 1895 1859 1986 fetes,
1889 1916 1964 1968 ut
1987 1898 2192 1972 frater
2213 1919 2373 1972 tuus
2403 1881 2506 1976 vel

424 2014 643 2113 magis
667 2012 972 2086 ametur?
995 2012 1187 2084 vides
1214 2010 1443 2099 enim;
1477 2009 1798 2110 praelatus
1821 2032 1920 2084 est
1940 2011 2067 2083 tibi
2093 2014 2326 2087 nescio
2351 2017 2507 2112 quis

422 2128 744 2218 affectus3
770 2127 1125 2228 possident
1147 2126 1441 2200 caritatis
1460 2147 1591 2198 tuae
1614 2127 1848 2199 locum
1875 2127 2166 2226 pignora
2188 2129 2273 2201 de
2294 2130 2510 2202 mino-

423 2239 614 2318 ribus
651 2266 928 2342 sumpta
963 2243 1454 2331 nominibus²;
1490 2241 1692 2316 illum
1726 2268 1978 2342 nempe
1997 2240 2051 2333 ³,
2088 2244 2282 2346 cujus
2316 2272 2506 2344 aeque

421 2360 698 2460 spiritus
718 2361 804 2434 de
817 2361 1189 2435 visceribus
1207 2360 1317 2432 his
1340 2359 1653 2431 trahebat
1673 2381 1936 2450 ortum3
1965 2360 2086 2456 qui
2115 2357 2378 2459 patrem
2398 2363 2506 2437 vel

421 2478 606 2551 solus
639 2479 993 2579 impleret:
1026 2479 1366 2578 pessimus
1391 2499 1487 2550 est
1512 2479 1910 2556 mortalium
1929 2536 1947 2569 ,
1984 2477 2102 2574 qui
2128 2479 2344 2551 amari
2380 2480 2507 2551 fra·

418 2614 597 2668 trem
620 2622 828 2667 suum
857 2596 1005 2668 sine
1024 2596 1131 2668 sui
1154 2593 1431 2666 caritate
1458 2614 1671 2692 putat.
1693 2597 1804 2670 Tu
1824 2595 2165 2670 custodies
2180 2592 2210 2649 4
2228 2652 2247 2685 ,
2270 2615 2505 2666 utrum

417 2709 850 2806 frequentius
871 2709 1156 2799 osculer,
1175 2707 1761 2805 utrum-stringam
1782 2710 2002 2808 magis
2023 2710 2303 2782 arctiore
2325 2735 2506 2784 com-

418 2823 626 2922 plexu
646 2878 667 2912 ‚
692 2849 839 2896 non
869 2842 967 2894 est
993 2823 1124 2895 hoe
1150 2820 1612 2919 impatientia,
1638 2846 1765 2892 nec
1787 2823 1964 2894 circa
1987 2824 2191 2921 patris
2221 2824 2506 2897 affectus

417 2964 608 3011 sacra
636 2937 723 3010 de
752 2937 1018 3036 pietatis
1050 2937 1486 3012 contentione
1521 2935 1694 3010 rixa:
1729 2961 1893 3008 eum
1925 2957 2196 3010 tantum
2223 2940 2507 3012 fratrem

2391 535 2500 576 ΙΙΙ

494 3199 538 3235 1.
562 3185 632 3236 In
655 3185 826 3257 pretia
854 3195 1096 3238 vacuatus
1114 3201 1244 3237 sum.
1272 3185 1420 3235 Inso-

418 3259 530 3312 leus
556 3262 847 3318 admodum
870 3263 1070 3318 locutio
1095 3281 1198 3334 qua
1223 3260 1421 3331 siguifi-

424 3345 571 3385 catur
592 3348 794 3404 patrem
819 3353 1001 3387 omnes
1029 3352 1156 3406 opes
1181 3346 1234 3402 et
1254 3333 1420 3384 fortu-

424 3431 520 3465 nas
540 3414 764 3472 filiorum
792 3436 951 3469 causa
977 3415 1276 3489 profudisse
1299 3436 1311 3466 ι
1344 3416 1418 3468 ita

426 3507 484 3545 ut
520 3495 1015 3570 subintelligendum
1050 3499 1117 3550 sit
1151 3497 1293 3554 bonis
1328 3509 1418 3548 aut

423 3576 602 3646 opibus
628 3593 749 3648 post
772 3591 1028 3633 vacuatus.
1052 3578 1252 3632 Nullibi
1280 3579 1419 3630 enim

422 3668 517 3708 aut
533 3657 712 3710 saltem
730 3663 990 3715 rarissime
1008 3661 1130 3714 talia
1148 3659 1294 3732 apud
1312 3678 1422 3713 mo-

418 3736 570 3789 {ioris
598 3742 691 3791 mi
711 3745 989 3813 scriptores
1015 3761 1127 3796 esse
1147 3742 1303 3797 obvia
1324 3760 1420 3796 ne·

422 3834 510 3868 mo
533 3816 630 3869 ibit
650 3820 865 3873 inficias.
886 3822 979 3873 En.

494 3913 541 3948 2.
565 3897 782 3970 Sumpta
804 3899 1112 3952 nominibus.
1137 3899 1229 3952 His
1255 3900 1419 3952 omni-

416 3976 519 4029 bus
542 3979 743 4032 imnice
764 3993 918 4052 pater
938 3981 994 4032 in
1020 3980 1187 4032 filium
1212 3980 1418 4033 invehi-

416 4073 522 4126 tur,
550 4064 701 4132 cuius
728 4061 978 4114 invidiam
1009 4061 1198 4131 arguit.
1230 4063 1300 4114 At
1330 4062 1419 4133 pi-

413 4157 580 4210 qnora
602 4141 666 4192 de
681 4140 971 4193 minoribus
987 4140 1280 4192 nominibus
1298 4155 1421 4193 sunt

418 4221 694 4274 inferiores
709 4221 1182 4291 consanguinitatis
1196 4219 1390 4290 graduis
1399 4259 1419 4289 ,

1500 3180 1693 3254 quibus
1708 3199 1817 3232 non
1838 3194 1943 3232 tam
1960 3181 2501 3241 necessariehomines

1498 3262 1636 3311 inter
1665 3279 1719 3312 se
1744 3261 2049 3330 conjuncti,
2076 3281 2234 3334 quam
2261 3263 2352 3315 filii
2380 3282 2503 3318 cum

1497 3337 1807 3409 parentibus
1826 3377 1842 3405 ‚
1868 3339 1953 3392 vel
1972 3341 2157 3392 fratres
2181 3360 2301 3392 cum
2321 3342 2502 3394 fratri-

1494 3419 1616 3486 bus,
1631 3434 1689 3471 ut
1704 3422 1977 3492 patruelis,
1997 3423 2368 3493 consobrinus,
2381 3440 2501 3492 etc.‚

1498 3501 1566 3553 ad
1591 3521 1726 3574 quos
1751 3522 1943 3575 nempe
1968 3523 2200 3557 amorem
2224 3519 2502 3577 paternum

1497 3596 1613 3632 esse
1649 3577 1916 3634 detortum
1939 3582 2077 3636 filius
2105 3603 2215 3637 non
2243 3587 2501 3638 immerito

1496 3678 1630 3731 segre
1654 3658 1873 3713 tulisset.
1900 3663 1993 3714 En.

1569 3737 1620 3790 3.
1643 3737 1812 3790 Illum
1831 3759 2030 3811 nempe.
2045 3741 2254 3793 Scilicet
2268 3742 2500 3814 proetult‘.

1498 3815 1720 3868 Senum.
1752 3819 2035 3869 Ascensius
2065 3817 2272 3889 legebat
2299 3819 2423 3887 ille,
2452 3834 2502 3873 et

1497 3896 1762 3949 referebat
1785 3897 1853 3950 ad
1871 3899 2122 3970 pessimus
2144 3914 2240 3952 est.

1566 3975 1620 4042 4.
1649 3976 1921 4029 Custodies.
1948 3977 2310 4047 Exploratoris
2339 3991 2390 4029 et
2418 3979 2502 4029 in-

1496 4055 1605 4108 vidi
1637 4067 1784 4108 more
1819 4056 2138 4122 observabis.
2164 4056 2280 4109 Vid.
2311 4059 2379 4110 ad
2405 4058 2495 4109 lib.

1496 4137 1564 4188 lv
1589 4136 1785 4201 Instit.,
1805 4153 1925 4206 cap.
1947 4153 2006 4202 α,
2025 4137 2167 4187 etita
2190 4154 2323 4207 saepe
2343 4138 2395 4186 in
2417 4133 2499 4194 his

1496 4214 1991 4269 declamationibus.
2016 4218 2181 4268 num.
