3200 5117
649 555 932 618 DECL:
966 553 1208 621 XVII.
1253 549 1739 616 VENENUM
1785 539 2260 618 EFFUSUM.
2375 555 2494 642 371

413 675 633 748 multa
659 698 911 749 restant
927 736 950 768 ,
972 698 1352 776 antequam
1378 675 1527 748 dari
1558 675 1809 774 possit?
1826 675 1921 746 ita
1940 677 2287 774 parricida
2310 704 2468 748 sum
2485 732 2505 766 ,

414 791 534 887 qui
543 822 575 893 J
586 814 747 865 uxta
771 816 836 866 te
863 821 1095 891 quaero
1109 814 1451 867 secretum
1471 848 1490 882 ,
1516 792 1748 891 quide
1768 792 2046 891 potione
2070 792 2190 864 tibi
2215 792 2507 883 incerta,

415 933 629 1004 quam
663 937 873 982 nemo
905 910 1190 998 detulit,
1223 936 1441 1008 quam
1465 908 1940 1006 simpliciter¹‚
1975 929 2122 980 tam
2152 908 2349 981 facile
2376 931 2513 982 res-

415 1023 678 1123 pondi?
724 1025 970 1096 secedo
1017 1024 1092 1095 in
1137 1023 1407 1095 medios
1446 1043 1769 1122 penates,
1806 1022 2038 1095 nullos
2086 1024 2176 1100 ab
2220 1024 2512 1096 introitu

418 1165 746 1238 praepono
792 1139 1142 1230 custodes,
1190 1166 1335 1210 non
1383 1138 1559 1210 evito
1607 1139 1933 1210 transitus
1951 1198 1969 1229 ,
2024 1163 2188 1236 non²
2220 1140 2512 1213 excludo

415 1275 762 1326 venturos.
799 1257 995 1353 Rogo
1015 1311 1032 1344 ,
1064 1275 1301 1326 utrum
1330 1254 1477 1324 haec
1505 1254 1747 1325 omnia
1773 1275 1936 1326 sunt
1960 1254 2273 1326 occidere
2295 1249 2519 1328 volen-

355 1445 360 1450 ,
421 1369 508 1440 tis
528 1427 547 1460 ‚
574 1397 665 1441 an
692 1369 915 1441 mori?
941 1396 1294 1442 venenum
1315 1425 1334 1458 ‚
1358 1369 1550 1469 quod
1577 1368 1706 1441 tibi
1736 1390 2111 1468 pararetur,
2141 1370 2517 1444 invenisses

420 1485 881 1574 absconsum,
922 1485 1397 1575 reconditum,
1437 1484 1750 1556 multum
1799 1485 1979 1557 circa
2021 1485 2196 1560 illud
2240 1485 2518 1584 palloris

422 1599 730 1690 attoniti,
764 1601 1037 1671 concisa
1070 1600 1316 1690 verba,
1351 1600 1621 1699 trepida
1651 1599 1983 1699 suspiria,
2017 1621 2086 1671 et
2122 1628 2236 1672 me
2271 1625 2523 1700 negan-

424 1734 566 1785 tem
593 1741 607 1783 :
642 1715 982 1812 parricida
1010 1715 1486 1814 deprehensus
1515 1714 1874 1818 effudisset
1896 1739 2249 1788 venenum
2267 1773 2286 1806 ‚
2318 1739 2406 1790 ne
2436 1719 2528 1788 fa-

423 1850 698 1901 teretur.

449 1979 454 1986 ·
490 1944 708 2017 XVI.
747 1945 893 2016 Cur
913 1971 1074 2043 ergo
1091 2002 1112 2032 ,
1139 1944 1405 2044 inquit,
1430 1944 1486 2016 si
1509 1944 1641 2016 tibi
1668 1969 2022 2043 paraveras
2041 2003 2059 2035 ‚
2081 1971 2226 2018 non
2252 1945 2524 2020 bibisti?

421 2059 748 2150 breviter,
783 2081 1011 2162 pater,
1050 2082 1114 2131 et
1150 2060 1543 2132 secundum
1579 2079 1901 2132 naturam
1941 2061 2355 2162 conditionis
2388 2062 2526 2134 hu-

423 2203 648 2250 manae
681 2175 1095 2277 respondeo,
1138 2175 1317 2247 nihil
1350 2174 1541 2246 aliud
1579 2201 1724 2247 esse
1761 2175 1831 2245 in
1866 2171 2204 2275 potestate
2237 2177 2525 2282 misero-

425 2320 618 2383 rum,
642 2319 855 2391 quam
885 2313 962 2363 ut
989 2291 1167 2363 mori
1197 2291 1431 2362 velint.
1459 2293 1608 2388 Ego
1636 2315 1858 2389 quum
1884 2290 2041 2362 dico
2059 2349 2078 2382 ‚
2110 2291 2287 2363 mori
2319 2290 2474 2362 volo
2497 2348 2517 2382 ,

426 2434 568 2480 non
589 2409 722 2481 hoc
743 2408 896 2479 dico
911 2463 930 2497 ,
955 2407 1331 2478 moriturus
1355 2431 1510 2477 sum
1531 2431 1545 2475 :
1570 2404 1655 2477 de
1675 2405 1912 2477 animo
1932 2431 2091 2478 meo
2113 2403 2521 2502 respondeo,

427 2548 569 2592 non
607 2523 936 2620 promitto
979 2522 1066 2592 de
1101 2522 1264 2592 fato.
1309 2521 1619 2609 Miraris,
1667 2520 1859 2619 quod
1898 2521 2217 2619 quamvis
2243 2525 2394 2625 jam
2434 2544 2528 2594 te—

428 2660 634 2706 neam
666 2651 1056 2722 venenum,
1090 2632 1399 2703 multum
1436 2652 1668 2702 tamen
1709 2634 1939 2705 adhuc
1980 2635 2250 2708 casibus
2291 2638 2522 2709 incer-

429 2749 648 2847 tisque
682 2770 1027 2847 superest:
1060 2760 1427 2845 accepere²
1457 2749 1777 2845 perfossis
1806 2749 2117 2846 plerique
2152 2753 2539 2824 visceribus

427 2864 641 2936 vitam
672 2885 909 2938 tamen
938 2862 1029 2935 ab
1068 2863 1215 2960 ipsa
1251 2861 1725 2959 desperatione
1757 2863 2209 2936 redeuntem?
2240 2865 2521 2940 Strictos

427 2980 609 3054 circa
637 2978 812 3052 colla
841 2980 1158 3079 laqueoS,
1183 2998 1303 3052 aut
1325 3004 1541 3050 nexus
1549 3035 1573 3069 ‚
1604 3000 1724 3050 aut
1750 2979 1964 3077 ipsius
1994 2980 2295 3078 corporis
2320 2983 2522 3054 ruina·

428 3096 740 3195 decepit,
785 3115 1039 3167 rotatos
1080 3121 1206 3194 per
1248 3094 1547 3193 abrupta
1590 3094 1819 3165 mollis
1859 3096 2084 3195 jactus
2139 3095 2475 3194 explicuit
2494 3127 2519 3169 τ

509 3333 528 3367 1
542 3356 554 3368 .
581 3317 748 3385 Quam
766 3316 1082 3388 simpliciter.
1103 3318 1235 3370 Tam
1253 3316 1429 3388 simpl.
1577 3335 1626 3369 π.
1638 3318 1879 3389 Superest
1888 3319 2151 3388 accipere?
2160 3320 2400 3391 perfossis
2407 3321 2521 3392 ple·

432 3399 523 3450 W.
540 3396 928 3449 Almelovenius
949 3397 1177 3448 malebat
1197 3411 1436 3467 transpo-
1513 3413 1751 3469 rumque.
1787 3396 1994 3449 Sci-ibe:
2042 3419 2063 3441 α
2084 3397 2313 3450 Multum
2341 3413 2520 3452 tamen

432 3497 591 3543 nere,
614 3487 719 3529 tam
738 3476 1056 3549 simpliciter,
1079 3497 1238 3551 quam
1247 3475 1433 3550 facile,
1519 3495 1541 3518 «ι
1564 3474 1740 3526 adhuc
1766 3474 1974 3527 casibus
1993 3477 2313 3548 incertisque
2333 3497 2520 3550 super-

433 3570 487 3622 et
515 3559 589 3609 ita
629 3555 835 3610 videtur
869 3558 1152 3610 Asoensius
1178 3557 1433 3623 voluisse,
1520 3555 1963 3625 «astuneepere
1993 3556 2243 3624 pwfossis
2278 3557 2522 3630 plerique

435 3655 534 3707 ego
552 3674 570 3703 ‚
592 3656 753 3708 quam
774 3636 1092 3711 st'mplict'ter,
1113 3656 1275 3709 quam
1293 3635 1433 3707 faci·
1519 3659 1541 3681 α
1564 3635 1851 3688 visceribus
1892 3636 2051 3688 vitam
2088 3651 2266 3689 tamen
2293 3638 2361 3691 ab
2403 3644 2519 3712 ipsa

437 3714 487 3766 le
522 3735 643 3767 cum
670 3716 892 3767 Francio
932 3716 1131 3767 malim.
1169 3717 1282 3767 Nisi
1320 3716 1437 3786 quis
1522 3736 1542 3759 α
1565 3712 1936 3784 desperatione
1962 3714 2286 3769 redeuutem.
2310 3742 2332 3765 n
2361 3719 2519 3770 Nem-

438 3796 662 3866 vuigatae
695 3796 852 3848 vellet
887 3799 1212 3867 patrocinari
1245 3815 1305 3849 ex
1334 3795 1438 3848 iuis
1517 3797 1724 3867 pedum
1751 3799 1892 3866 passi
1916 3811 2041 3849 sunt
2065 3817 2120 3850 se
2143 3801 2333 3851 curari.
2352 3804 2518 3855 Grion.

436 3875 616 3926 Senee.
643 3876 699 3925 in
716 3874 929 3946 Thyest.
957 3891 1058 3945 207
1079 3894 1091 3923 =
1124 3898 1146 3922 α
1163 3879 1323 3927 Facta
1344 3874 1439 3926 do-
1516 3876 1754 3946 Superest
1772 3879 2001 3946 accipere
2022 3878 2249 3930 videmus
2262 3881 2519 3951 perfosse'S,

441 3975 464 4004 ᾳ
483 3954 612 4006 mini
636 3955 846 4024 cogitur
876 3954 1108 4025 populus
1145 3956 1254 4015 sui,
1280 3974 1440 4027 quam
1517 3957 1661 4008 Laid.
1688 3976 1768 4027 pr.
1805 3956 1899 4008 sed
1938 3959 2167 4011 videmus
2202 3974 2278 4012 est
2304 3963 2357 4013 in
2392 3983 2522 4015 mar-

441 4054 466 4078 «
483 4034 652 4097 ferre,
675 4045 783 4083 tam
803 4030 1048 4097 laudare,
1069 4056 1097 4080 n
1126 4051 1242 4103 qun
1267 4046 1441 4086 tamen
1519 4037 1660 4104 gine.
1703 4035 2003 4089 Obrechtus
2042 4040 2239 4109 recepit
2272 4041 2527 4094 Gronovii

437 4114 593 4164 etiam
621 4113 1095 4184 transponuntviri
1120 4111 1265 4164 docti
1289 4134 1302 4162 z
1332 4112 1441 4164 vid.
1521 4115 1970 4181 emendationem,
2000 4135 2159 4187 quarn
2196 4131 2247 4169 et
2276 4137 2373 4171 nos
2399 4139 2524 4190 pro-

436 4207 487 4246 et
510 4193 596 4247 cl.
611 4192 816 4245 schult.
841 4192 909 4246 ad
938 4194 1122 4248 senec.
1154 4194 1365 4247 δοκεῖ.
1392 4197 1442 4261 Ι,
1522 4195 2071 4267 bamus—Plerique
2092 4194 2144 4248 h.
2164 4196 2198 4247 Ι.
2216 4197 2354 4248 idem
2370 4200 2524 4270 signi—

437 4293 489 4345 p.
521 4276 599 4330 15.
620 4276 789 4329 Bumr.
1524 4275 1649 4327 fleat
1673 4292 1733 4329 ac
1758 4272 2006 4327 nonnulli
2027 4275 2108 4326 vel
2132 4274 2305 4327 multi.
2330 4277 2420 4332 Eu.

2193 4363 2276 4428 24·
