3200 5117
721 539 844 602 358
1218 541 1308 600 Μ.
1363 539 1610 600 FABII
1657 536 2298 620 QUINTILIANI

717 661 944 732 mitu?
981 661 1199 733 filium
1245 662 1421 732 mori
1453 661 1797 731 volentem
1835 688 2028 758 paene
2066 659 2346 747 occidit,
2381 656 2570 753 quod
2597 655 2814 726 inter-

717 801 1027 864 venerat,
1058 800 1271 875 pater.
1305 777 1571 846 Videtis
1600 777 1830 846 adhuc
1860 775 1977 845 illa
2009 774 2249 844 secreti
2278 772 2490 843 nostri
2521 792 2813 841 conten-

719 893 908 963 tione
946 894 1274 963 rixantem
1303 920 1315 960 :
1356 891 1699 989 quidquid
1730 892 1893 961 citra
1922 917 2285 987 suprema,
2324 889 2489 957 citra
2522 886 2807 956 exitium

719 1030 850 1096 est,
880 1008 1389 1078 contumaciam
1412 1027 1641 1092 vocat3
1670 1028 2010 1104 quantum
2035 1003 2544 1073 absolutionem
2571 999 2811 1097 adspi-

718 1124 843 1209 cit,
891 1125 1121 1193 vitam.
1159 1124 1336 1211 Quis
1380 1145 1536 1220 post
1577 1123 1708 1192 hoc
1746 1142 2007 1219 quaerat
2050 1148 2123 1191 ac
2161 1119 2464 1205 dubitet,
2509 1144 2649 1214 quo
2694 1144 2811 1186 me

718 1241 966 1309 affectu
1005 1239 1282 1336 jusserit
1327 1239 1510 1308 virus
1556 1236 1869 1324 haurire,
1909 1237 2029 1334 qui
2076 1234 2529 1334 parricidium
2577 1251 2809 1314 vocat,

718 1356 906 1451 quod
946 1382 1084 1424 non
1122 1352 1410 1423 biberim
1433 1353 1459 1421 ἰ’
1493 1352 1953 1449 permissurus
1992 1350 2155 1436 fuit,
2189 1348 2241 1417 si
2281 1347 2517 1416 bibere
2551 1344 2812 1414 voluis-

722 1499 891 1542 sem.
925 1473 1179 1559 Quaeso
1215 1472 1481 1568 itaque,
1503 1471 1812 1569 judiceS,
1847 1468 2211 1540 delationis
2240 1465 2593 1536 hodiernae
2620 1464 2813 1563 peni·

717 1609 825 1658 tus
864 1588 1081 1674 velitis
1131 1588 1512 1684 perspicere
1558 1613 1835 1656 causas:
1887 1585 2188 1683 objicere
2240 1582 2490 1680 putatis
2538 1580 2814 1678 parrici-

719 1702 914 1772 dium
946 1724 1207 1799 patrem
1237 1731 1360 1800 pro
1387 1703 1496 1773 se?
1521 1722 1831 1789 necatur,
1859 1701 2101 1788 uritur,
2129 1700 2274 1771 sine
2304 1697 2517 1767 dubio
2543 1717 2814 1793 torque·

718 1840 828 1890 tur
849 1819 983 1890 vita
1011 1834 1024 1861 ¹
1050 1847 1061 1888 :
1104 1820 1233 1913 hoc
1269 1821 1461 1889 enim
1489 1846 1629 1889 non
1670 1840 1886 1916 potest
1914 1819 2087 1887 ferre
2109 1874 2126 1903 ‚
2161 1815 2346 1913 quod
2377 1813 2552 1884 mori
2581 1812 2808 1883 filium

708 1933 952 2033 jussit,
991 1962 1118 2004 nec
1155 1936 1416 2034 coegit3
1454 1956 1518 2004 et
1552 1934 1677 2005 scit
1716 1934 1979 2003 facinus
2020 1934 2233 2003 fuisse
2269 1931 2341 2001 in
2385 1929 2711 2029 imperi0‚
2752 1928 2812 1998 si

717 2050 1118 2120 innocentia
1163 2074 1299 2139 est,
1345 2052 1534 2149 quod
1586 2051 1911 2121 recusavi.
1956 2051 2109 2119 Suae
2160 2050 2348 2146 quod
2397 2044 2813 2118 crudelitatis

720 2187 847 2253 est,
875 2165 978 2234 vel
1007 2167 1091 2234 ab
1122 2166 1380 2235 invidia
1407 2193 1475 2235 sc
1503 2166 1909 2235 criminibus
1933 2166 2105 2234 meis
2128 2165 2471 2252 defendit,
2499 2180 2808 2250 excusat,

721 2301 785 2349 et
823 2307 906 2348 ue
938 2307 1172 2348 vocem
1207 2277 1395 2348 illam
1420 2336 1436 2364 ,
1476 2300 1840 2373 tamquam
1869 2300 2220 2374 peractum
2255 2278 2561 2367 facinuS,
2594 2275 2811 2346 oderi-

722 2395 838 2480 tis,
872 2393 1216 2463 substituit
1245 2420 1366 2489 pro
1399 2392 1583 2480 malo
1622 2413 1808 2488 patre
1830 2448 1847 2477 ,
1883 2392 2239 2462 miserum.

815 2509 897 2576 ll.
951 2507 1086 2575 llic
1130 2528 1265 2595 est,
1299 2506 1606 2606 judiceS‚
1657 2505 2097 2602 deprehensae
2150 2505 2516 2604 impietatis
2569 2525 2805 2575 aestus:

720 2649 930 2692 nemo
974 2649 1288 2717 unquam
1329 2621 1507 2694 volet
1545 2621 1989 2691 innocentem
2038 2622 2261 2692 filium
2298 2620 2555 2710 videri,
2598 2647 2811 2718 quem

718 2736 1012 2806 volucrit
1036 2736 1365 2807 occidere.
1397 2736 1578 2806 Illud
1608 2763 1921 2832 quoque,
1941 2736 2210 2836 judices
2229 2794 2247 2826 ,
2275 2765 2315 2807 a
2339 2736 2661 2833 gravitate
2687 2763 2812 2832 pu-

719 2850 899 2921 blica
928 2873 1085 2947 peto
1109 2907 1128 2938 ,
1165 2879 1252 2921 ne
1284 2851 1436 2946 quis
1472 2879 1586 2922 me
1623 2853 1800 2922 mori
1837 2852 2130 2923 voluisse
2166 2881 2308 2925 non
2342 2853 2611 2925 credat:
2644 2878 2810 2922 con-

720 2967 1105 3055 tumaciter,
1134 2966 1360 3037 adhuc
1380 3025 1397 3054 ‚
1423 2963 1665 3065 prioris
1693 2968 2087 3039 constantia?
2113 2997 2281 3040 meae
2308 2997 2533 3059 more,
2556 2971 2801 3040 defen-

723 3082 880 3168 dor;
914 3083 1049 3153 alia
1081 3105 1179 3153 est
1207 3084 1382 3154 mihi
1427 3084 1590 3154 ratio
1613 3142 1630 3173 ,
1666 3112 1888 3182 quum
1926 3085 2051 3156 vici
2084 3116 2096 3156 :
2141 3088 2378 3157 fortior
2419 3114 2571 3158 sum
2604 3113 2802 3174 teuS,

718 3224 931 3294 quam
959 3196 1336 3267 absolutus
1367 3199 1500 3268 Sed
1535 3221 1702 3269 tunc
1734 3221 2006 3270 tantum
2035 3228 2157 3299 par
2182 3229 2322 3273 esse
2349 3229 2491 3274 non
2521 3228 2807 3300 possum

717 3310 1222 3382 calamitatibus
1281 3313 1488 3402 meiS‚
1543 3341 1767 3411 quum
1812 3343 1927 3385 me
1980 3337 2291 3386 constare
2345 3317 2578 3414 coepit‚
2630 3315 2807 3387 nihil

717 3427 911 3497 aliud
945 3454 1086 3497 esse
1108 3485 1125 3515 ‚
1158 3455 1373 3522 quam
1407 3430 1764 3501 miserum.
1798 3433 1984 3501 Bene
2007 3488 2025 3519 ‚
2057 3434 2244 3529 quod
2282 3460 2515 3504 rursus
2543 3432 2811 3505 vocavit

719 3540 788 3610 in
823 3543 1051 3610 forum
1073 3543 1311 3639 ,jussit
1339 3543 1739 3640 integritatis
1770 3572 1967 3644 agere
1999 3574 2279 3617 causam
2299 3605 2317 3636 ‚
2349 3547 2506 3618 fecit
2530 3569 2609 3619 ut
2632 3547 2805 3618 mihi

714 3656 951 3726 videar
981 3657 1355 3752 perdidisse
1385 3682 1677 3731 mortem
1707 3690 1719 3730 :
1750 3662 1804 3730 si
1830 3662 2109 3760 poenitet
2134 3684 2402 3759 patrem
2426 3720 2444 3751 ,
2471 3662 2663 3761 quod
2693 3687 2805 3734 me

715 3770 950 3839 bibere
981 3771 1188 3869 jussit
1223 3799 1613 3862 venenum,
1663 3802 1788 3873 ego
1837 3777 2011 3846 ferre
2056 3803 2198 3846 non
2244 3802 2562 3874 possum,
2616 3775 2802 3873 quod

715 3886 958 3957 effudi.
985 3888 1181 3960 Licet
1205 3888 1411 3987 igitur
1437 3890 1944 3963 immitissimus
1974 3920 2181 3965 senex
2211 3892 2641 3964 confundere
2665 3918 2804 3990 pu-

793 4104 836 4137 1.
869 4089 922 4140 V
920 4089 1025 4140 ita.-
1059 4091 1153 4142 hoc
1180 4093 1336 4143 enim.
1371 4095 1478 4164 Ego
1505 4094 1717 4160 malim,
1799 4098 1937 4147 enim
1978 4116 2080 4148 non
2116 4107 2281 4167 potest
2305 4097 2469 4167 ferre.
2507 4098 2630 4148 Non
2667 4112 2803 4165 opus

710 4184 807 4236 per
838 4185 888 4218 se
925 4181 1155 4236 necatur,
1195 4171 1388 4236 uritur,
1422 4174 1529 4224 sine
1561 4173 1718 4225 dubio
1799 4175 1959 4226 habet
1982 4174 2239 4246 parricida
2258 4176 2393 4240 filio,
2413 4177 2503 4247 qui
2521 4192 2661 4226 asua
2684 4191 2805 4224 cou-

718 4258 1009 4318 torquetur:
1039 4252 1195 4303 vitam
1223 4252 1358 4304 hanc
1382 4253 1476 4322 (sc.
1499 4255 1720 4324 meam),
1801 4257 2019 4307 scientia
2039 4269 2279 4320 necatur,
2296 4256 2485 4320 uritur,
2505 4265 2803 4325 torquetur.
