<?xml version="1.0" encoding="UTF-8"?>
<!DOCTYPE html PUBLIC "-//W3C//DTD XHTML 1.0 Transitional//EN"
    "http://www.w3.org/TR/xhtml1/DTD/xhtml1-transitional.dtd">
<html xmlns="http://www.w3.org/1999/xhtml" xml:lang="en" lang="en">
 <head>
  <title>
</title>
<meta http-equiv="Content-Type" content="text/html;charset=utf-8" />
  <meta name='ocr-system' content='tesseract 3.04.00' />
  <meta name='ocr-capabilities' content='ocr_page ocr_carea ocr_par ocr_line ocrx_word'/>
</head>
<body>
  <div class='ocr_page' id='page_1' title='image "./deinstitutioneo01flacgoog_0180.png"; bbox 0 0 3200 5117; ppageno 0'>
   <div class='ocr_carea' id='block_1_1' title="bbox 690 547 2262 627">
    <p class='ocr_par' dir='ltr' id='par_1_1' title="bbox 690 547 2262 627">
     <span class='ocr_line' id='line_1_1' title="bbox 690 547 2262 627; baseline -0.002 -17"><span class='ocrx_word' id='word_1_1' title='bbox 690 551 807 612; x_wconf 67' lang='lat'>136</span> <span class='ocrx_word' id='word_1_2' title='bbox 1190 551 1275 610; x_wconf 70' lang='lat' dir='ltr'>st.</span> <span class='ocrx_word' id='word_1_3' title='bbox 1328 548 1575 610; x_wconf 69' lang='lat' dir='ltr'>mm</span> <span class='ocrx_word' id='word_1_4' title='bbox 1624 547 2262 627; x_wconf 57' lang='lat' dir='ltr'>Quis&#39;rimasi</span> 
     </span>
    </p>
   </div>
   <div class='ocr_carea' id='block_1_2' title="bbox 660 669 2784 2978">
    <p class='ocr_par' dir='ltr' id='par_1_2' title="bbox 660 669 2784 2506">
     <span class='ocr_line' id='line_1_2' title="bbox 682 669 2784 760; baseline -0.002 -17"><span class='ocrx_word' id='word_1_5' title='bbox 682 673 999 760; x_wconf 79' lang='lat' dir='ltr'>redieris,</span> <span class='ocrx_word' id='word_1_6' title='bbox 1038 672 1341 743; x_wconf 83' lang='lat' dir='ltr'>videbit:</span> <span class='ocrx_word' id='word_1_7' title='bbox 1384 671 1454 740; x_wconf 89' lang='lat' dir='ltr'>in</span> <span class='ocrx_word' id='word_1_8' title='bbox 1502 697 1782 740; x_wconf 88' lang='lat' dir='ltr'>summa</span> <span class='ocrx_word' id='word_1_9' title='bbox 1817 697 1956 740; x_wconf 89' lang='lat' dir='ltr'>nou</span> <span class='ocrx_word' id='word_1_10' title='bbox 2007 670 2288 738; x_wconf 81' lang='lat' dir='ltr'>recedo:</span> <span class='ocrx_word' id='word_1_11' title='bbox 2327 669 2428 738; x_wconf 83' lang='lat' dir='ltr'>fas</span> <span class='ocrx_word' id='word_1_12' title='bbox 2471 691 2568 739; x_wconf 81' lang='lat' dir='ltr'>est</span> <span class='ocrx_word' id='word_1_13' title='bbox 2601 669 2784 738; x_wconf 88' lang='lat' dir='ltr'>mihi</span> 
     </span>
     <span class='ocr_line' id='line_1_3' title="bbox 676 785 2778 885; baseline -0.002 -27"><span class='ocrx_word' id='word_1_14' title='bbox 676 787 887 858; x_wconf 83' lang='lat' dir='ltr'>etiam</span> <span class='ocrx_word' id='word_1_15' title='bbox 918 787 1145 857; x_wconf 79' lang='lat' dir='ltr'>invitis</span> <span class='ocrx_word' id='word_1_16' title='bbox 1170 786 1575 885; x_wconf 79' lang='lat' dir='ltr'>parentibus</span> <span class='ocrx_word' id='word_1_17' title='bbox 1607 787 1721 884; x_wconf 89' lang='lat' dir='ltr'>pie</span> <span class='ocrx_word' id='word_1_18' title='bbox 1747 787 2000 856; x_wconf 84' lang='lat' dir='ltr'>facere:</span> <span class='ocrx_word' id='word_1_19' title='bbox 2043 813 2178 855; x_wconf 91' lang='lat' dir='ltr'>non</span> <span class='ocrx_word' id='word_1_20' title='bbox 2219 785 2500 871; x_wconf 82' lang='lat' dir='ltr'>reced03</span> <span class='ocrx_word' id='word_1_21' title='bbox 2539 786 2591 854; x_wconf 92' lang='lat' dir='ltr'>si</span> <span class='ocrx_word' id='word_1_22' title='bbox 2629 812 2778 884; x_wconf 86' lang='lat' dir='ltr'>per-</span> 
     </span>
     <span class='ocr_line' id='line_1_4' title="bbox 676 901 2778 1000; baseline 0 -29"><span class='ocrx_word' id='word_1_23' title='bbox 676 929 971 988; x_wconf 72' lang='lat' dir='ltr'>severas,</span> <span class='ocrx_word' id='word_1_24' title='bbox 1014 901 1263 973; x_wconf 88' lang='lat' dir='ltr'>demus</span> <span class='ocrx_word' id='word_1_25' title='bbox 1319 903 1554 1000; x_wconf 81' lang='lat' dir='ltr'>piratis</span> <span class='ocrx_word' id='word_1_26' title='bbox 1601 901 1916 971; x_wconf 83' lang='lat' dir='ltr'>lucrum:</span> <span class='ocrx_word' id='word_1_27' title='bbox 1961 923 2082 974; x_wconf 88' lang='lat' dir='ltr'>aut</span> <span class='ocrx_word' id='word_1_28' title='bbox 2127 902 2417 971; x_wconf 75' lang='lat' dir='ltr'>vicarius</span> <span class='ocrx_word' id='word_1_29' title='bbox 2461 929 2616 986; x_wconf 86' lang='lat' dir='ltr'>ero,</span> <span class='ocrx_word' id='word_1_30' title='bbox 2655 922 2778 972; x_wconf 89' lang='lat' dir='ltr'>aut</span> 
     </span>
     <span class='ocr_line' id='line_1_5' title="bbox 672 1016 2776 1115; baseline 0.002 -32"><span class='ocrx_word' id='word_1_31' title='bbox 672 1045 929 1088; x_wconf 79' lang='lat' dir='ltr'>comes.</span> <span class='ocrx_word' id='word_1_32' title='bbox 988 1019 1357 1108; x_wconf 84' lang='lat' dir='ltr'>Quantum</span> <span class='ocrx_word' id='word_1_33' title='bbox 1416 1019 1595 1088; x_wconf 88' lang='lat' dir='ltr'>inter</span> <span class='ocrx_word' id='word_1_34' title='bbox 1651 1016 1795 1087; x_wconf 84' lang='lat' dir='ltr'>haec</span> <span class='ocrx_word' id='word_1_35' title='bbox 1860 1017 2086 1088; x_wconf 75' lang='lat' dir='ltr'>flevit?</span> <span class='ocrx_word' id='word_1_36' title='bbox 2143 1017 2485 1115; x_wconf 90' lang='lat' dir='ltr'>quamdiu</span> <span class='ocrx_word' id='word_1_37' title='bbox 2533 1018 2776 1088; x_wconf 84' lang='lat' dir='ltr'>cecidit</span> 
     </span>
     <span class='ocr_line' id='line_1_6' title="bbox 669 1133 2776 1232; baseline 0 -29"><span class='ocrx_word' id='word_1_38' title='bbox 669 1133 908 1204; x_wconf 81' lang='lat' dir='ltr'>oculos</span> <span class='ocrx_word' id='word_1_39' title='bbox 941 1134 1207 1205; x_wconf 73' lang='lat' dir='ltr'>suos?si</span> <span class='ocrx_word' id='word_1_40' title='bbox 1247 1160 1828 1232; x_wconf 77' lang='lat' dir='ltr'>perseverassem,</span> <span class='ocrx_word' id='word_1_41' title='bbox 1863 1134 2039 1204; x_wconf 90' lang='lat' dir='ltr'>duos</span> <span class='ocrx_word' id='word_1_42' title='bbox 2074 1161 2594 1204; x_wconf 75' lang='lat' dir='ltr'>excaecaveram.</span> <span class='ocrx_word' id='word_1_43' title='bbox 2628 1133 2776 1204; x_wconf 81' lang='lat' dir='ltr'>Ob·</span> 
     </span>
     <span class='ocr_line' id='line_1_7' title="bbox 668 1252 2775 1350; baseline 0 -29"><span class='ocrx_word' id='word_1_44' title='bbox 668 1271 1085 1348; x_wconf 70' lang='lat' dir='ltr'>stupuerunt</span> <span class='ocrx_word' id='word_1_45' title='bbox 1126 1254 1375 1350; x_wconf 89' lang='lat' dir='ltr'>pietate</span> <span class='ocrx_word' id='word_1_46' title='bbox 1410 1273 1597 1322; x_wconf 88' lang='lat' dir='ltr'>tanta</span> <span class='ocrx_word' id='word_1_47' title='bbox 1634 1252 1842 1322; x_wconf 90' lang='lat' dir='ltr'>etiam</span> <span class='ocrx_word' id='word_1_48' title='bbox 1881 1252 2214 1338; x_wconf 85' lang='lat' dir='ltr'>latrones,</span> <span class='ocrx_word' id='word_1_49' title='bbox 2257 1272 2320 1322; x_wconf 92' lang='lat' dir='ltr'>et</span> <span class='ocrx_word' id='word_1_50' title='bbox 2354 1279 2476 1350; x_wconf 87' lang='lat' dir='ltr'>per</span> <span class='ocrx_word' id='word_1_51' title='bbox 2510 1253 2775 1322; x_wconf 87' lang='lat' dir='ltr'>immo-</span> 
     </span>
     <span class='ocr_line' id='line_1_8' title="bbox 666 1366 2776 1441; baseline 0.002 -5"><span class='ocrx_word' id='word_1_52' title='bbox 666 1366 845 1438; x_wconf 79' lang='lat' dir='ltr'>biles</span> <span class='ocrx_word' id='word_1_53' title='bbox 870 1390 1031 1439; x_wconf 87' lang='lat' dir='ltr'>ante</span> <span class='ocrx_word' id='word_1_54' title='bbox 1058 1368 1285 1439; x_wconf 83' lang='lat' dir='ltr'>vultus</span> <span class='ocrx_word' id='word_1_55' title='bbox 1313 1368 1519 1440; x_wconf 88' lang='lat' dir='ltr'>fletus</span> <span class='ocrx_word' id='word_1_56' title='bbox 1543 1369 1882 1440; x_wconf 84' lang='lat' dir='ltr'>cucurrit:</span> <span class='ocrx_word' id='word_1_57' title='bbox 1913 1397 2056 1439; x_wconf 86' lang='lat' dir='ltr'>non</span> <span class='ocrx_word' id='word_1_58' title='bbox 2086 1369 2468 1440; x_wconf 87' lang='lat' dir='ltr'>tenuissent</span> <span class='ocrx_word' id='word_1_59' title='bbox 2493 1370 2776 1441; x_wconf 81' lang='lat' dir='ltr'>fortasse</span> 
     </span>
     <span class='ocr_line' id='line_1_9' title="bbox 660 1484 2777 1585; baseline 0.002 -32"><span class='ocrx_word' id='word_1_60' title='bbox 660 1484 1035 1585; x_wconf 74' lang='lat' dir='ltr'>juvenem,</span> <span class='ocrx_word' id='word_1_61' title='bbox 1072 1486 1201 1556; x_wconf 78' lang='lat' dir='ltr'>nisi</span> <span class='ocrx_word' id='word_1_62' title='bbox 1245 1485 1718 1584; x_wconf 84' lang='lat' dir='ltr'>redempturos</span> <span class='ocrx_word' id='word_1_63' title='bbox 1756 1507 2070 1583; x_wconf 85' lang='lat' dir='ltr'>parentes</span> <span class='ocrx_word' id='word_1_64' title='bbox 2115 1486 2322 1557; x_wconf 83' lang='lat' dir='ltr'>talem</span> <span class='ocrx_word' id='word_1_65' title='bbox 2365 1485 2593 1555; x_wconf 83' lang='lat' dir='ltr'>filium</span> <span class='ocrx_word' id='word_1_66' title='bbox 2630 1512 2777 1557; x_wconf 89' lang='lat' dir='ltr'>cre-</span> 
     </span>
     <span class='ocr_line' id='line_1_10' title="bbox 670 1597 2776 1697; baseline 0.002 -31"><span class='ocrx_word' id='word_1_67' title='bbox 670 1597 1029 1670; x_wconf 81' lang='lat' dir='ltr'>didissent.</span> <span class='ocrx_word' id='word_1_68' title='bbox 1066 1602 1215 1697; x_wconf 84' lang='lat' dir='ltr'>Ipse</span> <span class='ocrx_word' id='word_1_69' title='bbox 1248 1601 1322 1669; x_wconf 86' lang='lat' dir='ltr'>in</span> <span class='ocrx_word' id='word_1_70' title='bbox 1353 1626 1423 1670; x_wconf 82' lang='lat' dir='ltr'>se</span> <span class='ocrx_word' id='word_1_71' title='bbox 1453 1599 1795 1670; x_wconf 82' lang='lat' dir='ltr'>transtulit</span> <span class='ocrx_word' id='word_1_72' title='bbox 1829 1601 2082 1670; x_wconf 87' lang='lat' dir='ltr'>ferreos</span> <span class='ocrx_word' id='word_1_73' title='bbox 2114 1625 2330 1669; x_wconf 78' lang='lat' dir='ltr'>nexus</span> <span class='ocrx_word' id='word_1_74' title='bbox 2351 1657 2367 1686; x_wconf 91' lang='lat'>,</span> <span class='ocrx_word' id='word_1_75' title='bbox 2395 1620 2461 1670; x_wconf 92' lang='lat' dir='ltr'>et</span> <span class='ocrx_word' id='word_1_76' title='bbox 2488 1599 2776 1670; x_wconf 85' lang='lat' dir='ltr'>hilarior</span> 
     </span>
     <span class='ocr_line' id='line_1_11' title="bbox 669 1712 2771 1813; baseline 0.001 -31"><span class='ocrx_word' id='word_1_77' title='bbox 669 1712 990 1809; x_wconf 77' lang='lat' dir='ltr'>alligatus</span> <span class='ocrx_word' id='word_1_78' title='bbox 1025 1734 1121 1786; x_wconf 84' lang='lat' dir='ltr'>est</span> <span class='ocrx_word' id='word_1_79' title='bbox 1158 1715 1378 1800; x_wconf 80' lang='lat' dir='ltr'>filius,</span> <span class='ocrx_word' id='word_1_80' title='bbox 1416 1742 1629 1812; x_wconf 83' lang='lat' dir='ltr'>quam</span> <span class='ocrx_word' id='word_1_81' title='bbox 1667 1715 1929 1786; x_wconf 88' lang='lat' dir='ltr'>solutus</span> <span class='ocrx_word' id='word_1_82' title='bbox 1964 1735 2066 1785; x_wconf 89' lang='lat' dir='ltr'>est</span> <span class='ocrx_word' id='word_1_83' title='bbox 2099 1736 2320 1812; x_wconf 83' lang='lat' dir='ltr'>pater:</span> <span class='ocrx_word' id='word_1_84' title='bbox 2359 1740 2771 1813; x_wconf 88' lang='lat' dir='ltr'>supremum</span> 
     </span>
     <span class='ocr_line' id='line_1_12' title="bbox 668 1830 2776 1930; baseline 0.001 -32"><span class='ocrx_word' id='word_1_85' title='bbox 668 1850 905 1899; x_wconf 84' lang='lat' dir='ltr'>tamen</span> <span class='ocrx_word' id='word_1_86' title='bbox 928 1886 945 1915; x_wconf 90' lang='lat'>‚</span> <span class='ocrx_word' id='word_1_87' title='bbox 978 1850 1046 1900; x_wconf 90' lang='lat' dir='ltr'>et</span> <span class='ocrx_word' id='word_1_88' title='bbox 1078 1831 1306 1902; x_wconf 70' lang='lat' dir='ltr'>nefas!</span> <span class='ocrx_word' id='word_1_89' title='bbox 1350 1832 1419 1902; x_wconf 90' lang='lat' dir='ltr'>in</span> <span class='ocrx_word' id='word_1_90' title='bbox 1456 1854 1825 1920; x_wconf 60' lang='lat' dir='ltr'>aeternum,</span> <span class='ocrx_word' id='word_1_91' title='bbox 1862 1857 1973 1900; x_wconf 88' lang='lat' dir='ltr'>me</span> <span class='ocrx_word' id='word_1_92' title='bbox 1994 1830 2143 1930; x_wconf 87' lang='lat' dir='ltr'>jam</span> <span class='ocrx_word' id='word_1_93' title='bbox 2182 1831 2511 1901; x_wconf 82' lang='lat' dir='ltr'>catenatis</span> <span class='ocrx_word' id='word_1_94' title='bbox 2546 1831 2776 1901; x_wconf 83' lang='lat' dir='ltr'>mani-</span> 
     </span>
     <span class='ocr_line' id='line_1_13' title="bbox 665 1946 2773 2047; baseline 0 -31"><span class='ocrx_word' id='word_1_95' title='bbox 665 1946 798 2016; x_wconf 73' lang='lat' dir='ltr'>bus</span> <span class='ocrx_word' id='word_1_96' title='bbox 840 1947 1238 2045; x_wconf 80' lang='lat' dir='ltr'>amplexus,</span> <span class='ocrx_word' id='word_1_97' title='bbox 1276 1969 1652 2047; x_wconf 80' lang='lat' dir='ltr'>postquam</span> <span class='ocrx_word' id='word_1_98' title='bbox 1692 1949 1834 2018; x_wconf 88' lang='lat' dir='ltr'>mei</span> <span class='ocrx_word' id='word_1_99' title='bbox 1880 1975 2044 2018; x_wconf 85' lang='lat' dir='ltr'>cura</span> <span class='ocrx_word' id='word_1_100' title='bbox 2092 1948 2563 2036; x_wconf 85' lang='lat' dir='ltr'>discesserat⁸,</span> <span class='ocrx_word' id='word_1_101' title='bbox 2614 1973 2773 2018; x_wconf 83' lang='lat' dir='ltr'>ma-</span> 
     </span>
     <span class='ocr_line' id='line_1_14' title="bbox 662 2061 2768 2161; baseline 0.001 -31"><span class='ocrx_word' id='word_1_102' title='bbox 662 2081 877 2149; x_wconf 86' lang='lat' dir='ltr'>trem,</span> <span class='ocrx_word' id='word_1_103' title='bbox 907 2061 1173 2160; x_wconf 80' lang='lat' dir='ltr'>inquit,</span> <span class='ocrx_word' id='word_1_104' title='bbox 1200 2063 1328 2134; x_wconf 89' lang='lat' dir='ltr'>tibi</span> <span class='ocrx_word' id='word_1_105' title='bbox 1363 2091 1484 2161; x_wconf 91' lang='lat' dir='ltr'>per</span> <span class='ocrx_word' id='word_1_106' title='bbox 1516 2063 1660 2133; x_wconf 79' lang='lat' dir='ltr'>haec</span> <span class='ocrx_word' id='word_1_107' title='bbox 1697 2063 1945 2134; x_wconf 84' lang='lat' dir='ltr'>merita</span> <span class='ocrx_word' id='word_1_108' title='bbox 1975 2066 2434 2137; x_wconf 89' lang='lat' dir='ltr'>commendo:</span> <span class='ocrx_word' id='word_1_109' title='bbox 2469 2084 2542 2134; x_wconf 87' lang='lat' dir='ltr'>tu</span> <span class='ocrx_word' id='word_1_110' title='bbox 2574 2063 2768 2134; x_wconf 86' lang='lat' dir='ltr'>illam</span> 
     </span>
     <span class='ocr_line' id='line_1_15' title="bbox 664 2178 2767 2280; baseline 0.003 -35"><span class='ocrx_word' id='word_1_111' title='bbox 664 2199 892 2265; x_wconf 83' lang='lat' dir='ltr'>tuere,</span> <span class='ocrx_word' id='word_1_112' title='bbox 925 2178 1257 2266; x_wconf 81' lang='lat' dir='ltr'>defende,</span> <span class='ocrx_word' id='word_1_113' title='bbox 1295 2206 1490 2263; x_wconf 80' lang='lat' dir='ltr'>ama,</span> <span class='ocrx_word' id='word_1_114' title='bbox 1522 2206 1611 2251; x_wconf 89' lang='lat' dir='ltr'>ne</span> <span class='ocrx_word' id='word_1_115' title='bbox 1647 2181 2007 2279; x_wconf 89' lang='lat' dir='ltr'>relinque;</span> <span class='ocrx_word' id='word_1_116' title='bbox 2039 2184 2133 2252; x_wconf 89' lang='lat' dir='ltr'>sic</span> <span class='ocrx_word' id='word_1_117' title='bbox 2172 2182 2365 2280; x_wconf 86' lang='lat' dir='ltr'>paria</span> <span class='ocrx_word' id='word_1_118' title='bbox 2399 2182 2767 2252; x_wconf 85' lang='lat' dir='ltr'>faciemus:</span> 
     </span>
     <span class='ocr_line' id='line_1_16' title="bbox 668 2290 2774 2383; baseline 0.004 -23"><span class='ocrx_word' id='word_1_119' title='bbox 668 2290 810 2361; x_wconf 88' lang='lat' dir='ltr'>illic</span> <span class='ocrx_word' id='word_1_120' title='bbox 835 2313 907 2361; x_wconf 93' lang='lat' dir='ltr'>tu</span> <span class='ocrx_word' id='word_1_121' title='bbox 939 2292 1068 2363; x_wconf 77' lang='lat' dir='ltr'>eris</span> <span class='ocrx_word' id='word_1_122' title='bbox 1098 2294 1391 2365; x_wconf 84' lang='lat' dir='ltr'>vicarius</span> <span class='ocrx_word' id='word_1_123' title='bbox 1422 2321 1656 2383; x_wconf 88' lang='lat' dir='ltr'>meus,</span> <span class='ocrx_word' id='word_1_124' title='bbox 1689 2297 1741 2367; x_wconf 86' lang='lat' dir='ltr'>si</span> <span class='ocrx_word' id='word_1_125' title='bbox 1777 2297 1921 2368; x_wconf 83' lang='lat' dir='ltr'>haec</span> <span class='ocrx_word' id='word_1_126' title='bbox 1956 2298 2231 2368; x_wconf 88' lang='lat' dir='ltr'>feceris:</span> <span class='ocrx_word' id='word_1_127' title='bbox 2271 2325 2412 2370; x_wconf 90' lang='lat' dir='ltr'>non</span> <span class='ocrx_word' id='word_1_128' title='bbox 2448 2299 2774 2370; x_wconf 87' lang='lat' dir='ltr'>irascetur</span> 
     </span>
     <span class='ocr_line' id='line_1_17' title="bbox 665 2404 2299 2506; baseline 0.007 -34"><span class='ocrx_word' id='word_1_129' title='bbox 665 2404 841 2473; x_wconf 84' lang='lat' dir='ltr'>mihi</span> <span class='ocrx_word' id='word_1_130' title='bbox 882 2407 1164 2477; x_wconf 84' lang='lat' dir='ltr'>fortasse</span> <span class='ocrx_word' id='word_1_131' title='bbox 1201 2430 1449 2496; x_wconf 86' lang='lat' dir='ltr'>mater,</span> <span class='ocrx_word' id='word_1_132' title='bbox 1486 2411 1674 2506; x_wconf 87' lang='lat' dir='ltr'>quod</span> <span class='ocrx_word' id='word_1_133' title='bbox 1711 2412 1799 2482; x_wconf 89' lang='lat' dir='ltr'>ab</span> <span class='ocrx_word' id='word_1_134' title='bbox 1837 2412 1998 2482; x_wconf 83' lang='lat' dir='ltr'>illa²</span> <span class='ocrx_word' id='word_1_135' title='bbox 2039 2414 2299 2484; x_wconf 83' lang='lat' dir='ltr'>recessi.</span> 
     </span>
    </p>

    <p class='ocr_par' dir='ltr' id='par_1_3' title="bbox 667 2521 2772 2978">
     <span class='ocr_line' id='line_1_18' title="bbox 768 2521 2771 2627; baseline 0.006 -39"><span class='ocrx_word' id='word_1_136' title='bbox 768 2522 923 2591; x_wconf 87' lang='lat' dir='ltr'>Vll.</span> <span class='ocrx_word' id='word_1_137' title='bbox 962 2521 1073 2591; x_wconf 83' lang='lat' dir='ltr'>Sic</span> <span class='ocrx_word' id='word_1_138' title='bbox 1108 2522 1180 2592; x_wconf 90' lang='lat' dir='ltr'>in</span> <span class='ocrx_word' id='word_1_139' title='bbox 1218 2549 1464 2594; x_wconf 85' lang='lat' dir='ltr'>navem</span> <span class='ocrx_word' id='word_1_140' title='bbox 1503 2526 1626 2596; x_wconf 84' lang='lat' dir='ltr'>filii</span> <span class='ocrx_word' id='word_1_141' title='bbox 1680 2528 1817 2599; x_wconf 90' lang='lat' dir='ltr'>mei</span> <span class='ocrx_word' id='word_1_142' title='bbox 1866 2529 2048 2599; x_wconf 84' lang='lat' dir='ltr'>male</span> <span class='ocrx_word' id='word_1_143' title='bbox 2084 2550 2513 2627; x_wconf 85' lang='lat' dir='ltr'>permutatus</span> <span class='ocrx_word' id='word_1_144' title='bbox 2545 2550 2771 2599; x_wconf 83' lang='lat' dir='ltr'>vector</span> 
     </span>
     <span class='ocr_line' id='line_1_19' title="bbox 667 2637 2766 2745; baseline 0.006 -40"><span class='ocrx_word' id='word_1_145' title='bbox 667 2637 1022 2735; x_wconf 85' lang='lat' dir='ltr'>imponor,</span> <span class='ocrx_word' id='word_1_146' title='bbox 1059 2659 1125 2709; x_wconf 90' lang='lat' dir='ltr'>et</span> <span class='ocrx_word' id='word_1_147' title='bbox 1166 2666 1304 2737; x_wconf 88' lang='lat' dir='ltr'>qua</span> <span class='ocrx_word' id='word_1_148' title='bbox 1344 2641 1574 2712; x_wconf 86' lang='lat' dir='ltr'>visum</span> <span class='ocrx_word' id='word_1_149' title='bbox 1623 2644 1807 2714; x_wconf 90' lang='lat' dir='ltr'>oculi</span> <span class='ocrx_word' id='word_1_150' title='bbox 1857 2645 2237 2734; x_wconf 87' lang='lat' dir='ltr'>dederunt,</span> <span class='ocrx_word' id='word_1_151' title='bbox 2274 2647 2362 2716; x_wconf 86' lang='lat' dir='ltr'>ad</span> <span class='ocrx_word' id='word_1_152' title='bbox 2416 2647 2676 2745; x_wconf 85' lang='lat' dir='ltr'>piratas</span> <span class='ocrx_word' id='word_1_153' title='bbox 2727 2674 2766 2719; x_wconf 89' lang='lat' dir='ltr'>e</span> 
     </span>
     <span class='ocr_line' id='line_1_20' title="bbox 669 2759 2772 2853; baseline 0.007 -33"><span class='ocrx_word' id='word_1_154' title='bbox 669 2777 904 2849; x_wconf 88' lang='lat' dir='ltr'>puppe</span> <span class='ocrx_word' id='word_1_155' title='bbox 953 2775 1351 2853; x_wconf 77' lang='lat' dir='ltr'>prospecto:</span> <span class='ocrx_word' id='word_1_156' title='bbox 1391 2781 1596 2832; x_wconf 87' lang='lat' dir='ltr'>curva</span> <span class='ocrx_word' id='word_1_157' title='bbox 1644 2759 1878 2850; x_wconf 86' lang='lat' dir='ltr'>litora,</span> <span class='ocrx_word' id='word_1_158' title='bbox 1926 2780 1992 2832; x_wconf 92' lang='lat' dir='ltr'>et</span> <span class='ocrx_word' id='word_1_159' title='bbox 2041 2763 2465 2832; x_wconf 88' lang='lat' dir='ltr'>immensum</span> <span class='ocrx_word' id='word_1_160' title='bbox 2519 2762 2772 2834; x_wconf 82' lang='lat' dir='ltr'>sideri-</span> 
     </span>
     <span class='ocr_line' id='line_1_21' title="bbox 670 2865 2761 2978; baseline 0.007 -43"><span class='ocrx_word' id='word_1_161' title='bbox 670 2865 845 2936; x_wconf 75' lang='lat' dir='ltr'>bus³</span> <span class='ocrx_word' id='word_1_162' title='bbox 881 2869 1136 2941; x_wconf 84' lang='lat' dir='ltr'>fretum</span> <span class='ocrx_word' id='word_1_163' title='bbox 1160 2928 1178 2960; x_wconf 89' lang='lat'>‚</span> <span class='ocrx_word' id='word_1_164' title='bbox 1214 2893 1280 2943; x_wconf 92' lang='lat' dir='ltr'>et</span> <span class='ocrx_word' id='word_1_165' title='bbox 1328 2874 1602 2945; x_wconf 89' lang='lat' dir='ltr'>turritos</span> <span class='ocrx_word' id='word_1_166' title='bbox 1647 2875 1934 2949; x_wconf 91' lang='lat' dir='ltr'>urbium</span> <span class='ocrx_word' id='word_1_167' title='bbox 1969 2876 2328 2978; x_wconf 77' lang='lat' dir='ltr'>scopulos4</span> <span class='ocrx_word' id='word_1_168' title='bbox 2378 2900 2554 2950; x_wconf 89' lang='lat' dir='ltr'>retro</span> <span class='ocrx_word' id='word_1_169' title='bbox 2588 2878 2761 2977; x_wconf 78' lang='lat' dir='ltr'>lego.</span> 
     </span>
    </p>
   </div>
   <div class='ocr_carea' id='block_1_3' title="bbox 657 3068 1683 4339">
    <p class='ocr_par' dir='ltr' id='par_1_4' title="bbox 664 3068 1683 3931">
     <span class='ocr_line' id='line_1_22' title="bbox 748 3068 1676 3135; baseline 0.01 -21"><span class='ocrx_word' id='word_1_170' title='bbox 748 3081 787 3114; x_wconf 85' lang='lat' dir='ltr'>t.</span> <span class='ocrx_word' id='word_1_171' title='bbox 816 3068 949 3116; x_wconf 82' lang='lat' dir='ltr'>Cura</span> <span class='ocrx_word' id='word_1_172' title='bbox 976 3068 1275 3120; x_wconf 66' lang='lat' dir='ltr'>discesserat.</span> <span class='ocrx_word' id='word_1_173' title='bbox 1304 3071 1424 3121; x_wconf 84' lang='lat' dir='ltr'>Non</span> <span class='ocrx_word' id='word_1_174' title='bbox 1449 3073 1676 3135; x_wconf 86' lang='lat' dir='ltr'>damno,</span> 
     </span>
     <span class='ocr_line' id='line_1_23' title="bbox 669 3144 1679 3222; baseline 0.008 -27"><span class='ocrx_word' id='word_1_175' title='bbox 669 3144 758 3195; x_wconf 75' lang='lat' dir='ltr'>ml</span> <span class='ocrx_word' id='word_1_176' title='bbox 787 3146 943 3216; x_wconf 65' lang='lat' dir='ltr'>longe</span> <span class='ocrx_word' id='word_1_177' title='bbox 975 3148 1266 3218; x_wconf 70' lang='lat' dir='ltr'>elegantius</span> <span class='ocrx_word' id='word_1_178' title='bbox 1298 3166 1430 3222; x_wconf 83' lang='lat' dir='ltr'>puto</span> <span class='ocrx_word' id='word_1_179' title='bbox 1460 3152 1679 3203; x_wconf 69' lang='lat' dir='ltr'>decesse-</span> 
     </span>
     <span class='ocr_line' id='line_1_24' title="bbox 670 3227 1678 3297; baseline 0.009 -24"><span class='ocrx_word' id='word_1_180' title='bbox 670 3237 746 3276; x_wconf 76' lang='lat' dir='ltr'>rat</span> <span class='ocrx_word' id='word_1_181' title='bbox 767 3262 783 3286; x_wconf 84' lang='lat'>,</span> <span class='ocrx_word' id='word_1_182' title='bbox 828 3227 1025 3278; x_wconf 67' lang='lat' dir='ltr'>»cilicet</span> <span class='ocrx_word' id='word_1_183' title='bbox 1070 3228 1194 3281; x_wconf 77' lang='lat' dir='ltr'>tilio.</span> <span class='ocrx_word' id='word_1_184' title='bbox 1243 3231 1317 3280; x_wconf 82' lang='lat' dir='ltr'>[ta</span> <span class='ocrx_word' id='word_1_185' title='bbox 1362 3233 1535 3281; x_wconf 80' lang='lat' dir='ltr'>Livius</span> <span class='ocrx_word' id='word_1_186' title='bbox 1574 3233 1678 3297; x_wconf 80' lang='grc' dir='ltr'>ΙΧ,</span> 
     </span>
     <span class='ocr_line' id='line_1_25' title="bbox 671 3309 1680 3379; baseline 0.007 -23"><span class='ocrx_word' id='word_1_187' title='bbox 671 3323 764 3374; x_wconf 73' lang='lat'>29:</span> <span class='ocrx_word' id='word_1_188' title='bbox 803 3331 823 3353; x_wconf 74' lang='lat' dir='ltr'>u</span> <span class='ocrx_word' id='word_1_189' title='bbox 848 3309 992 3360; x_wconf 65' lang='lat' dir='ltr'>Prius</span> <span class='ocrx_word' id='word_1_190' title='bbox 1024 3328 1179 3379; x_wconf 81' lang='lat' dir='ltr'>quam</span> <span class='ocrx_word' id='word_1_191' title='bbox 1211 3331 1269 3361; x_wconf 78' lang='lat' dir='ltr'>ca</span> <span class='ocrx_word' id='word_1_192' title='bbox 1300 3330 1427 3363; x_wconf 82' lang='lat' dir='ltr'>cura</span> <span class='ocrx_word' id='word_1_193' title='bbox 1454 3311 1680 3363; x_wconf 81' lang='lat' dir='ltr'>decede-</span> 
     </span>
     <span class='ocr_line' id='line_1_26' title="bbox 672 3385 1683 3458; baseline 0.006 -24"><span class='ocrx_word' id='word_1_194' title='bbox 672 3407 693 3430; x_wconf 72' lang='lat'><strong>·</strong></span> <span class='ocrx_word' id='word_1_195' title='bbox 719 3398 794 3435; x_wconf 84' lang='lat' dir='ltr'>rct</span> <span class='ocrx_word' id='word_1_196' title='bbox 846 3385 1083 3454; x_wconf 59' lang='lat' dir='ltr'>patribus</span> <span class='ocrx_word' id='word_1_197' title='bbox 1131 3391 1379 3440; x_wconf 74' lang='lat' dir='ltr'>romanis.</span> <span class='ocrx_word' id='word_1_198' title='bbox 1406 3414 1425 3435; x_wconf 77' lang='lat' dir='ltr'>n</span> <span class='ocrx_word' id='word_1_199' title='bbox 1474 3393 1579 3458; x_wconf 85' lang='lat' dir='ltr'>Qui</span> <span class='ocrx_word' id='word_1_200' title='bbox 1625 3403 1683 3441; x_wconf 63' lang='lat' dir='ltr'>et*</span> 
     </span>
     <span class='ocr_line' id='line_1_27' title="bbox 664 3463 1679 3537; baseline 0.009 -25"><span class='ocrx_word' id='word_1_201' title='bbox 664 3481 782 3533; x_wconf 79' lang='lat' dir='ltr'>cap.</span> <span class='ocrx_word' id='word_1_202' title='bbox 810 3463 875 3514; x_wconf 78' lang='lat'>26</span> <span class='ocrx_word' id='word_1_203' title='bbox 895 3465 1020 3514; x_wconf 77' lang='lat' dir='ltr'>«lixit</span> <span class='ocrx_word' id='word_1_204' title='bbox 1042 3489 1051 3515; x_wconf 91' lang='lat'>:</span> <span class='ocrx_word' id='word_1_205' title='bbox 1082 3491 1102 3511; x_wconf 75' lang='lat' dir='ltr'>a</span> <span class='ocrx_word' id='word_1_206' title='bbox 1123 3471 1188 3518; x_wconf 80' lang='lat' dir='ltr'>Ut</span> <span class='ocrx_word' id='word_1_207' title='bbox 1212 3470 1514 3537; x_wconf 69' lang='lat' dir='ltr'>quaestionis</span> <span class='ocrx_word' id='word_1_208' title='bbox 1528 3471 1679 3521; x_wconf 79' lang='lat' dir='ltr'>Cam·</span> 
     </span>
     <span class='ocr_line' id='line_1_28' title="bbox 672 3548 1671 3616; baseline 0.011 -23"><span class='ocrx_word' id='word_1_209' title='bbox 672 3568 691 3589; x_wconf 73' lang='grc' dir='ltr'><strong><em>κ</em></strong></span> <span class='ocrx_word' id='word_1_210' title='bbox 719 3565 863 3616; x_wconf 67' lang='lat' dir='ltr'>punse</span> <span class='ocrx_word' id='word_1_211' title='bbox 903 3551 1117 3598; x_wconf 73' lang='lat' dir='ltr'>materia</span> <span class='ocrx_word' id='word_1_212' title='bbox 1159 3548 1400 3602; x_wconf 62' lang='lat' dir='ltr'>devenit.</span> <span class='ocrx_word' id='word_1_213' title='bbox 1425 3573 1446 3595; x_wconf 74' lang='lat' dir='ltr'>n</span> <span class='ocrx_word' id='word_1_214' title='bbox 1477 3553 1540 3602; x_wconf 78' lang='lat' dir='ltr'>Et</span> <span class='ocrx_word' id='word_1_215' title='bbox 1579 3551 1671 3604; x_wconf 87' lang='lat' dir='ltr'>lib.</span> 
     </span>
     <span class='ocr_line' id='line_1_29' title="bbox 670 3623 1676 3695; baseline 0.008 -23"><span class='ocrx_word' id='word_1_216' title='bbox 670 3624 861 3686; x_wconf 78' lang='lat' dir='ltr'>xxm,</span> <span class='ocrx_word' id='word_1_217' title='bbox 891 3623 987 3674; x_wconf 77' lang='lat'>26:</span> <span class='ocrx_word' id='word_1_218' title='bbox 1021 3648 1041 3669; x_wconf 78' lang='lat' dir='ltr'>u</span> <span class='ocrx_word' id='word_1_219' title='bbox 1066 3625 1302 3695; x_wconf 64' lang='lat' dir='ltr'>Repu-nte</span> <span class='ocrx_word' id='word_1_220' title='bbox 1322 3627 1549 3679; x_wconf 75' lang='lat' dir='ltr'>decessit</span> <span class='ocrx_word' id='word_1_221' title='bbox 1569 3633 1676 3680; x_wconf 84' lang='lat' dir='ltr'>ani-</span> 
     </span>
     <span class='ocr_line' id='line_1_30' title="bbox 672 3704 1671 3772; baseline 0.01 -21"><span class='ocrx_word' id='word_1_222' title='bbox 672 3725 693 3745; x_wconf 80' lang='lat' dir='ltr'><em>u</em></span> <span class='ocrx_word' id='word_1_223' title='bbox 718 3705 811 3752; x_wconf 69' lang='lat' dir='ltr'>inin</span> <span class='ocrx_word' id='word_1_224' title='bbox 834 3720 1013 3772; x_wconf 78' lang='lat' dir='ltr'>pavor.</span> <span class='ocrx_word' id='word_1_225' title='bbox 1040 3726 1060 3748; x_wconf 72' lang='lat' dir='ltr'>n</span> <span class='ocrx_word' id='word_1_226' title='bbox 1084 3706 1131 3754; x_wconf 83' lang='lat' dir='ltr'>J.</span> <span class='ocrx_word' id='word_1_227' title='bbox 1154 3705 1281 3756; x_wconf 75' lang='lat' dir='ltr'>Caes.</span> <span class='ocrx_word' id='word_1_228' title='bbox 1305 3704 1372 3756; x_wconf 85' lang='lat' dir='ltr'>do</span> <span class='ocrx_word' id='word_1_229' title='bbox 1394 3707 1518 3759; x_wconf 87' lang='lat' dir='ltr'>Bell.</span> <span class='ocrx_word' id='word_1_230' title='bbox 1534 3709 1671 3761; x_wconf 86' lang='lat' dir='ltr'>Gall.</span> 
     </span>
     <span class='ocr_line' id='line_1_31' title="bbox 666 3781 1674 3859; baseline 0.01 -29"><span class='ocrx_word' id='word_1_231' title='bbox 666 3781 705 3831; x_wconf 78' lang='grc' dir='ltr'>ΙΙ</span> <span class='ocrx_word' id='word_1_232' title='bbox 721 3817 737 3844; x_wconf 85' lang='grc'><em>,</em></span> <span class='ocrx_word' id='word_1_233' title='bbox 760 3798 787 3849; x_wconf 91' lang='lat'>7</span> <span class='ocrx_word' id='word_1_234' title='bbox 810 3803 819 3830; x_wconf 91' lang='lat'>:</span> <span class='ocrx_word' id='word_1_235' title='bbox 854 3805 876 3826; x_wconf 70' lang='lat' dir='ltr'><em>n</em></span> <span class='ocrx_word' id='word_1_236' title='bbox 898 3781 1149 3833; x_wconf 69' lang='lat' dir='ltr'>Hostibus</span> <span class='ocrx_word' id='word_1_237' title='bbox 1170 3801 1289 3853; x_wconf 76' lang='lat' dir='ltr'>spes</span> <span class='ocrx_word' id='word_1_238' title='bbox 1311 3787 1553 3854; x_wconf 85' lang='lat' dir='ltr'>potiundi</span> <span class='ocrx_word' id='word_1_239' title='bbox 1577 3807 1674 3859; x_wconf 85' lang='lat' dir='ltr'>op-</span> 
     </span>
     <span class='ocr_line' id='line_1_32' title="bbox 673 3861 1133 3931; baseline 0.011 -25"><span class='ocrx_word' id='word_1_240' title='bbox 673 3885 693 3906; x_wconf 67' lang='lat' dir='ltr'>o·</span> <span class='ocrx_word' id='word_1_241' title='bbox 716 3862 825 3931; x_wconf 84' lang='lat' dir='ltr'>pidi</span> <span class='ocrx_word' id='word_1_242' title='bbox 848 3861 1087 3916; x_wconf 70' lang='lat' dir='ltr'>decessit.</span> <span class='ocrx_word' id='word_1_243' title='bbox 1112 3889 1133 3911; x_wconf 74' lang='lat' dir='ltr'>n</span> 
     </span>
    </p>

    <p class='ocr_par' dir='ltr' id='par_1_5' title="bbox 657 3944 1675 4339">
     <span class='ocr_line' id='line_1_33' title="bbox 740 3944 1672 4004; baseline 0.011 -10"><span class='ocrx_word' id='word_1_244' title='bbox 740 3961 786 3994; x_wconf 78' lang='lat'>2.</span> <span class='ocrx_word' id='word_1_245' title='bbox 824 3944 947 3994; x_wconf 80' lang='lat' dir='ltr'>Non</span> <span class='ocrx_word' id='word_1_246' title='bbox 984 3946 1309 3999; x_wconf 63' lang='lat' dir='ltr'>irascetur...</span> <span class='ocrx_word' id='word_1_247' title='bbox 1353 3951 1539 4003; x_wconf 70' lang='lat' dir='ltr'>recessi.</span> <span class='ocrx_word' id='word_1_248' title='bbox 1580 3953 1672 4004; x_wconf 83' lang='lat' dir='ltr'>His</span> 
     </span>
     <span class='ocr_line' id='line_1_34' title="bbox 663 4023 1673 4103; baseline 0.013 -30"><span class='ocrx_word' id='word_1_249' title='bbox 663 4023 753 4076; x_wconf 74' lang='lat' dir='ltr'>filii</span> <span class='ocrx_word' id='word_1_250' title='bbox 795 4025 967 4077; x_wconf 72' lang='lat' dir='ltr'>vorbis</span> <span class='ocrx_word' id='word_1_251' title='bbox 1004 4027 1274 4098; x_wconf 66' lang='lat' dir='ltr'>ingeniose</span> <span class='ocrx_word' id='word_1_252' title='bbox 1314 4044 1365 4082; x_wconf 85' lang='lat' dir='ltr'>et</span> <span class='ocrx_word' id='word_1_253' title='bbox 1402 4031 1673 4103; x_wconf 81' lang='lat' dir='ltr'>pathetico</span> 
     </span>
     <span class='ocr_line' id='line_1_35' title="bbox 666 4102 1673 4181; baseline 0.01 -28"><span class='ocrx_word' id='word_1_254' title='bbox 666 4121 822 4154; x_wconf 67' lang='lat' dir='ltr'>annisu</span> <span class='ocrx_word' id='word_1_255' title='bbox 855 4102 1098 4157; x_wconf 77' lang='lat' dir='ltr'>duritiem</span> <span class='ocrx_word' id='word_1_256' title='bbox 1126 4111 1307 4160; x_wconf 75' lang='lat' dir='ltr'>matris</span> <span class='ocrx_word' id='word_1_257' title='bbox 1336 4113 1673 4181; x_wconf 73' lang='lat' dir='ltr'>perstringit,</span> 
     </span>
     <span class='ocr_line' id='line_1_36' title="bbox 663 4186 1675 4266; baseline 0.011 -32"><span class='ocrx_word' id='word_1_258' title='bbox 663 4198 713 4237; x_wconf 72' lang='lat' dir='ltr'>et</span> <span class='ocrx_word' id='word_1_259' title='bbox 754 4186 999 4238; x_wconf 76' lang='lat' dir='ltr'>invidiam</span> <span class='ocrx_word' id='word_1_260' title='bbox 1034 4189 1161 4240; x_wconf 76' lang='lat' dir='ltr'>facit</span> <span class='ocrx_word' id='word_1_261' title='bbox 1201 4193 1415 4259; x_wconf 72' lang='lat' dir='ltr'>neganti</span> <span class='ocrx_word' id='word_1_262' title='bbox 1453 4206 1559 4245; x_wconf 83' lang='lat' dir='ltr'>tam</span> <span class='ocrx_word' id='word_1_263' title='bbox 1596 4195 1675 4266; x_wconf 86' lang='lat' dir='ltr'>pii</span> 
     </span>
     <span class='ocr_line' id='line_1_37' title="bbox 657 4265 1351 4339; baseline 0.016 -27"><span class='ocrx_word' id='word_1_264' title='bbox 657 4266 865 4334; x_wconf 71' lang='lat' dir='ltr'>Juveni·</span> <span class='ocrx_word' id='word_1_265' title='bbox 891 4265 1232 4339; x_wconf 71' lang='lat' dir='ltr'>sepulturum.</span> <span class='ocrx_word' id='word_1_266' title='bbox 1260 4272 1351 4323; x_wconf 81' lang='lat' dir='ltr'>Eu.</span> 
     </span>
    </p>
   </div>
   <div class='ocr_carea' id='block_1_4' title="bbox 1752 3076 2769 3946">
    <p class='ocr_par' dir='ltr' id='par_1_6' title="bbox 1755 3076 2769 3610">
     <span class='ocr_line' id='line_1_38' title="bbox 1829 3076 2769 3129; baseline 0.003 -3"><span class='ocrx_word' id='word_1_267' title='bbox 1829 3077 1878 3127; x_wconf 88' lang='lat'>3.</span> <span class='ocrx_word' id='word_1_268' title='bbox 1907 3076 2224 3127; x_wconf 79' lang='lat' dir='ltr'>Immensum</span> <span class='ocrx_word' id='word_1_269' title='bbox 2250 3078 2512 3129; x_wconf 76' lang='lat' dir='ltr'>sideribus.</span> <span class='ocrx_word' id='word_1_270' title='bbox 2547 3079 2769 3129; x_wconf 74' lang='lat' dir='ltr'>Univer-</span> 
     </span>
     <span class='ocr_line' id='line_1_39' title="bbox 1755 3155 2764 3226; baseline 0.006 -22"><span class='ocrx_word' id='word_1_271' title='bbox 1755 3171 1886 3204; x_wconf 74' lang='lat' dir='ltr'>sum.</span> <span class='ocrx_word' id='word_1_272' title='bbox 1914 3155 2057 3205; x_wconf 76' lang='lat' dir='ltr'>Leid.</span> <span class='ocrx_word' id='word_1_273' title='bbox 2092 3175 2170 3226; x_wconf 88' lang='lat' dir='ltr'>pr.</span> <span class='ocrx_word' id='word_1_274' title='bbox 2205 3175 2234 3205; x_wconf 84' lang='lat' dir='ltr'>a</span> <span class='ocrx_word' id='word_1_275' title='bbox 2266 3174 2424 3207; x_wconf 78' lang='lat' dir='ltr'>manu</span> <span class='ocrx_word' id='word_1_276' title='bbox 2457 3157 2639 3226; x_wconf 82' lang='lat' dir='ltr'>prima.</span> <span class='ocrx_word' id='word_1_277' title='bbox 2671 3159 2764 3210; x_wconf 79' lang='lat' dir='ltr'>Re·</span> 
     </span>
     <span class='ocr_line' id='line_1_40' title="bbox 1757 3237 2769 3310; baseline 0.006 -26"><span class='ocrx_word' id='word_1_278' title='bbox 1757 3253 1986 3287; x_wconf 73' lang='lat' dir='ltr'>mensum</span> <span class='ocrx_word' id='word_1_279' title='bbox 2010 3237 2217 3288; x_wconf 81' lang='lat' dir='ltr'>videtur</span> <span class='ocrx_word' id='word_1_280' title='bbox 2237 3239 2519 3288; x_wconf 76' lang='lat' dir='ltr'>Ascensius</span> <span class='ocrx_word' id='word_1_281' title='bbox 2545 3240 2769 3310; x_wconf 80' lang='lat' dir='ltr'>reperis-</span> 
     </span>
     <span class='ocr_line' id='line_1_41' title="bbox 1759 3317 2769 3391; baseline 0.007 -25"><span class='ocrx_word' id='word_1_282' title='bbox 1759 3337 1832 3368; x_wconf 84' lang='lat' dir='ltr'>se.</span> <span class='ocrx_word' id='word_1_283' title='bbox 1855 3318 1933 3370; x_wconf 90' lang='lat' dir='ltr'>Cl.</span> <span class='ocrx_word' id='word_1_284' title='bbox 1953 3317 2244 3391; x_wconf 75' lang='lat' dir='ltr'>Schulting.</span> <span class='ocrx_word' id='word_1_285' title='bbox 2263 3321 2583 3390; x_wconf 81' lang='lat' dir='ltr'>conjiciebat</span> <span class='ocrx_word' id='word_1_286' title='bbox 2600 3341 2769 3373; x_wconf 71' lang='lat' dir='ltr'>einen·</span> 
     </span>
     <span class='ocr_line' id='line_1_42' title="bbox 1756 3397 2767 3471; baseline 0.004 -25"><span class='ocrx_word' id='word_1_287' title='bbox 1756 3415 1865 3446; x_wconf 79' lang='lat' dir='ltr'>sum</span> <span class='ocrx_word' id='word_1_288' title='bbox 1900 3397 2176 3463; x_wconf 77' lang='lat' dir='ltr'>sideribus,</span> <span class='ocrx_word' id='word_1_289' title='bbox 2219 3420 2315 3471; x_wconf 88' lang='lat' dir='ltr'>pro</span> <span class='ocrx_word' id='word_1_290' title='bbox 2360 3400 2428 3451; x_wconf 80' lang='lat' dir='ltr'>ad</span> <span class='ocrx_word' id='word_1_291' title='bbox 2466 3400 2669 3464; x_wconf 80' lang='lat' dir='ltr'>sidera,</span> <span class='ocrx_word' id='word_1_292' title='bbox 2709 3413 2767 3450; x_wconf 89' lang='lat' dir='ltr'>ut</span> 
     </span>
     <span class='ocr_line' id='line_1_43' title="bbox 1756 3476 2768 3552; baseline 0.005 -24"><span class='ocrx_word' id='word_1_293' title='bbox 1756 3476 1897 3528; x_wconf 86' lang='lat' dir='ltr'>Flor.</span> <span class='ocrx_word' id='word_1_294' title='bbox 1915 3480 2011 3544; x_wconf 83' lang='lat' dir='ltr'>m,</span> <span class='ocrx_word' id='word_1_295' title='bbox 2031 3480 2059 3530; x_wconf 86' lang='grc'><strong>5</strong></span> <span class='ocrx_word' id='word_1_296' title='bbox 2079 3501 2090 3529; x_wconf 87' lang='lat'>:</span> <span class='ocrx_word' id='word_1_297' title='bbox 2122 3501 2142 3524; x_wconf 80' lang='grc' dir='ltr'>ιι</span> <span class='ocrx_word' id='word_1_298' title='bbox 2165 3482 2264 3531; x_wconf 82' lang='lat' dir='ltr'>Iter</span> <span class='ocrx_word' id='word_1_299' title='bbox 2277 3495 2548 3552; x_wconf 79' lang='lat' dir='ltr'>tamquam</span> <span class='ocrx_word' id='word_1_300' title='bbox 2565 3481 2616 3532; x_wconf 86' lang='lat' dir='ltr'>in</span> <span class='ocrx_word' id='word_1_301' title='bbox 2635 3482 2768 3533; x_wconf 80' lang='lat' dir='ltr'>mari</span> 
     </span>
     <span class='ocr_line' id='line_1_44' title="bbox 1763 3557 2271 3610; baseline 0.008 -4"><span class='ocrx_word' id='word_1_302' title='bbox 1763 3578 1785 3602; x_wconf 75' lang='grc' dir='ltr'>ι</span> <span class='ocrx_word' id='word_1_303' title='bbox 1805 3557 1969 3608; x_wconf 80' lang='lat' dir='ltr'>stellis</span> <span class='ocrx_word' id='word_1_304' title='bbox 1996 3573 2224 3610; x_wconf 82' lang='lat' dir='ltr'>secutus.</span> <span class='ocrx_word' id='word_1_305' title='bbox 2250 3582 2271 3604; x_wconf 78' lang='grc' dir='ltr'>ι·</span> 
     </span>
    </p>

    <p class='ocr_par' dir='ltr' id='par_1_7' title="bbox 1752 3635 2768 3946">
     <span class='ocr_line' id='line_1_45' title="bbox 1828 3635 2765 3708; baseline 0.001 -21"><span class='ocrx_word' id='word_1_306' title='bbox 1828 3635 1877 3701; x_wconf 76' lang='grc'>4.</span> <span class='ocrx_word' id='word_1_307' title='bbox 1909 3636 2137 3688; x_wconf 80' lang='lat' dir='ltr'>Turritos</span> <span class='ocrx_word' id='word_1_308' title='bbox 2168 3638 2373 3687; x_wconf 73' lang='lat' dir='ltr'>urbium</span> <span class='ocrx_word' id='word_1_309' title='bbox 2400 3637 2648 3708; x_wconf 81' lang='lat' dir='ltr'>scopulos.</span> <span class='ocrx_word' id='word_1_310' title='bbox 2683 3640 2765 3688; x_wconf 86' lang='lat' dir='ltr'>An</span> 
     </span>
     <span class='ocr_line' id='line_1_46' title="bbox 1758 3715 2768 3788; baseline 0.002 -23"><span class='ocrx_word' id='word_1_311' title='bbox 1758 3715 1968 3767; x_wconf 78' lang='lat' dir='ltr'>turritos</span> <span class='ocrx_word' id='word_1_312' title='bbox 1991 3716 2222 3768; x_wconf 77' lang='lat' dir='ltr'>brevium</span> <span class='ocrx_word' id='word_1_313' title='bbox 2245 3717 2496 3787; x_wconf 81' lang='lat' dir='ltr'>scopulos.</span> <span class='ocrx_word' id='word_1_314' title='bbox 2529 3719 2601 3768; x_wconf 84' lang='lat' dir='ltr'>lta</span> <span class='ocrx_word' id='word_1_315' title='bbox 2631 3715 2768 3788; x_wconf 81' lang='lat' dir='ltr'>pha-</span> 
     </span>
     <span class='ocr_line' id='line_1_47' title="bbox 1757 3795 2766 3850; baseline 0.002 -5"><span class='ocrx_word' id='word_1_316' title='bbox 1757 3815 1847 3846; x_wconf 73' lang='lat' dir='ltr'>rue</span> <span class='ocrx_word' id='word_1_317' title='bbox 1886 3795 2057 3847; x_wconf 79' lang='lat' dir='ltr'>insula</span> <span class='ocrx_word' id='word_1_318' title='bbox 2091 3812 2142 3849; x_wconf 82' lang='lat' dir='ltr'>et</span> <span class='ocrx_word' id='word_1_319' title='bbox 2179 3801 2333 3849; x_wconf 83' lang='lat' dir='ltr'>turris</span> <span class='ocrx_word' id='word_1_320' title='bbox 2367 3799 2419 3849; x_wconf 91' lang='lat' dir='ltr'>in</span> <span class='ocrx_word' id='word_1_321' title='bbox 2455 3800 2584 3850; x_wconf 84' lang='lat' dir='ltr'>mari</span> <span class='ocrx_word' id='word_1_322' title='bbox 2619 3799 2766 3849; x_wconf 80' lang='lat' dir='ltr'>navi-</span> 
     </span>
     <span class='ocr_line' id='line_1_48' title="bbox 1752 3873 2767 3946; baseline 0.002 -22"><span class='ocrx_word' id='word_1_323' title='bbox 1752 3873 2001 3944; x_wconf 74' lang='lat' dir='ltr'>gantibus</span> <span class='ocrx_word' id='word_1_324' title='bbox 2021 3878 2210 3946; x_wconf 84' lang='lat' dir='ltr'>posita.</span> <span class='ocrx_word' id='word_1_325' title='bbox 2235 3876 2336 3928; x_wconf 85' lang='lat' dir='ltr'>Sed</span> <span class='ocrx_word' id='word_1_326' title='bbox 2356 3891 2407 3927; x_wconf 86' lang='lat' dir='ltr'>et</span> <span class='ocrx_word' id='word_1_327' title='bbox 2428 3878 2635 3928; x_wconf 78' lang='lat' dir='ltr'>urbium</span> <span class='ocrx_word' id='word_1_328' title='bbox 2656 3894 2767 3927; x_wconf 80' lang='lat' dir='ltr'>sco-</span> 
     </span>
    </p>
   </div>
   <div class='ocr_carea' id='block_1_5' title="bbox 1748 3952 2766 4029">
    <p class='ocr_par' dir='ltr' id='par_1_8' title="bbox 1748 3952 2766 4029">
     <span class='ocr_line' id='line_1_49' title="bbox 1748 3952 2766 4029; baseline 0.005 -26"><span class='ocrx_word' id='word_1_329' title='bbox 1748 3952 1905 4025; x_wconf 76' lang='lat' dir='ltr'>puli,</span> <span class='ocrx_word' id='word_1_330' title='bbox 1940 3955 2064 4025; x_wconf 77' lang='lat' dir='ltr'>quia</span> <span class='ocrx_word' id='word_1_331' title='bbox 2100 3973 2239 4026; x_wconf 73' lang='lat' dir='ltr'>saepe</span> <span class='ocrx_word' id='word_1_332' title='bbox 2276 3955 2484 4029; x_wconf 84' lang='lat' dir='ltr'>scopuli</span> <span class='ocrx_word' id='word_1_333' title='bbox 2519 3970 2643 4008; x_wconf 75' lang='lat' dir='ltr'>sunt</span> <span class='ocrx_word' id='word_1_334' title='bbox 2677 3976 2766 4008; x_wconf 77' lang='lat' dir='ltr'>ttr-</span> 
     </span>
    </p>
   </div>
   <div class='ocr_carea' id='block_1_6' title="bbox 1754 4034 2768 4347">
    <p class='ocr_par' dir='ltr' id='par_1_9' title="bbox 1754 4034 2768 4347">
     <span class='ocr_line' id='line_1_50' title="bbox 1754 4034 2765 4110; baseline 0.005 -25"><span class='ocrx_word' id='word_1_335' title='bbox 1754 4034 1903 4086; x_wconf 88' lang='lat' dir='ltr'>bium</span> <span class='ocrx_word' id='word_1_336' title='bbox 1919 4056 2026 4086; x_wconf 88' lang='lat' dir='ltr'>non</span> <span class='ocrx_word' id='word_1_337' title='bbox 2048 4040 2312 4102; x_wconf 85' lang='lat' dir='ltr'>omnium,</span> <span class='ocrx_word' id='word_1_338' title='bbox 2333 4037 2427 4090; x_wconf 83' lang='lat' dir='ltr'>sed</span> <span class='ocrx_word' id='word_1_339' title='bbox 2449 4057 2629 4090; x_wconf 83' lang='lat' dir='ltr'>earum</span> <span class='ocrx_word' id='word_1_340' title='bbox 2650 4057 2765 4110; x_wconf 69' lang='lat' dir='ltr'>qum</span> 
     </span>
     <span class='ocr_line' id='line_1_51' title="bbox 1754 4111 2765 4188; baseline 0.005 -25"><span class='ocrx_word' id='word_1_341' title='bbox 1754 4111 1992 4166; x_wconf 71' lang='lat' dir='ltr'>habuere</span> <span class='ocrx_word' id='word_1_342' title='bbox 2007 4116 2281 4187; x_wconf 81' lang='lat' dir='ltr'>impositas</span> <span class='ocrx_word' id='word_1_343' title='bbox 2300 4129 2466 4169; x_wconf 72' lang='lat' dir='ltr'>turres</span> <span class='ocrx_word' id='word_1_344' title='bbox 2481 4131 2534 4169; x_wconf 89' lang='lat' dir='ltr'>et</span> <span class='ocrx_word' id='word_1_345' title='bbox 2549 4117 2765 4188; x_wconf 80' lang='lat' dir='ltr'>templa,</span> 
     </span>
     <span class='ocr_line' id='line_1_52' title="bbox 1756 4196 2764 4267; baseline 0.004 -21"><span class='ocrx_word' id='word_1_346' title='bbox 1756 4215 1865 4267; x_wconf 87' lang='lat' dir='ltr'>quo</span> <span class='ocrx_word' id='word_1_347' title='bbox 1892 4196 2145 4264; x_wconf 77' lang='lat' dir='ltr'>editiora,</span> <span class='ocrx_word' id='word_1_348' title='bbox 2176 4218 2241 4249; x_wconf 89' lang='lat' dir='ltr'>eo</span> <span class='ocrx_word' id='word_1_349' title='bbox 2263 4198 2684 4264; x_wconf 76' lang='lat' dir='ltr'>venerabiliora,</span> <span class='ocrx_word' id='word_1_350' title='bbox 2713 4212 2764 4250; x_wconf 86' lang='lat' dir='ltr'>et</span> 
     </span>
     <span class='ocr_line' id='line_1_53' title="bbox 1756 4275 2768 4347; baseline 0.002 -22"><span class='ocrx_word' id='word_1_351' title='bbox 1756 4275 1823 4325; x_wconf 79' lang='lat' dir='ltr'>ab</span> <span class='ocrx_word' id='word_1_352' title='bbox 1842 4294 2101 4347; x_wconf 79' lang='lat' dir='ltr'>aquarum</span> <span class='ocrx_word' id='word_1_353' title='bbox 2112 4278 2316 4344; x_wconf 78' lang='lat' dir='ltr'>injuriis</span> <span class='ocrx_word' id='word_1_354' title='bbox 2332 4279 2561 4331; x_wconf 76' lang='lat' dir='ltr'>tutiora:</span> <span class='ocrx_word' id='word_1_355' title='bbox 2585 4289 2768 4330; x_wconf 75' lang='lat' dir='ltr'>narrat</span> 
     </span>
    </p>
   </div>
  </div>
 </body>
</html>
