3200 5117
701 663 1331 731 Decumum
1377 663 1471 730 n.
1519 663 1705 730 eno
1746 666 2036 731 cAEco.
2328 633 2408 736 ΒΞ

331 811 800 890 petraturum:
837 809 979 860 non
1013 815 1177 888 ergo
1200 788 1477 891 juvenis
1522 788 1740 861 credit
1771 789 1902 861 hoc
1934 817 2179 863 omnes
2217 790 2412 891 loqui

332 903 748 1003 compatre?
778 904 1100 974 omnium
1127 902 1632 974 blanditiarum
1659 903 1968 1001 primum
1990 931 2134 976 esse
2154 915 2418 978 Sermo-

332 1020 541 1094 nem?
566 1021 947 1092 Novercam
981 1018 1226 1090 timeas
1259 1039 1668 1117 negantem:
1703 1045 1846 1090 non
1876 1018 2084 1092 habet
2113 1021 2324 1092 fidem
2354 1023 2416 1094 ei

332 1134 607 1207 credere
642 1133 1125 1233 parricidium,
1158 1159 1365 1232 quem
1401 1133 1568 1205 scias
1602 1133 2074 1232 proditurum,
2108 1135 2243 1209 nisi
2278 1137 2418 1209 im-

334 1269 725 1347 petravens.

433 1365 590 1436 XII.
617 1366 747 1433 Per
766 1361 978 1432 fidem
995 1416 1015 1449 ,
1030 1360 1337 1461 judices,
1363 1360 1726 1460 diligenter
1749 1363 2086 1438 attendite
2110 1365 2422 1438 criminis

336 1476 843 1550 diversitatem:
887 1495 1215 1546 tentatam
1250 1502 1321 1547 se
1352 1475 1426 1547 in
1459 1476 1804 1575 parricidii
1835 1479 2247 1551 conscientia
2274 1508 2422 1552 mu-

335 1597 467 1669 lier
506 1596 830 1667 affirmat.
873 1593 1052 1683 Quis
1086 1620 1244 1665 vero
1281 1593 1580 1684 dubitet,
1625 1621 1992 1694 nunquam
2034 1598 2164 1669 hoc
2207 1598 2423 1696 privi-

336 1736 564 1809 gnum
612 1709 821 1779 fuisse
863 1709 1243 1796 facturum,
1291 1708 1347 1778 si
1395 1707 1650 1781 habere
1692 1710 2047 1781 conscium
2096 1712 2428 1811 potuisset

339 1821 603 1895 alium?
626 1843 697 1893 at
720 1822 839 1921 qui
858 1829 1207 1894 venenum
1229 1820 1377 1922 jam
1401 1822 1693 1921 paravit,
1716 1824 1918 1895 emit:
1951 1844 2017 1897 et
2041 1852 2261 1922 quum
2292 1826 2424 1898 hoc

339 1939 488 2037 ipse
515 1936 741 2009 facere
772 1955 913 2009 n'on
950 1936 1250 2036 potuerit
1282 1962 1529 2026 caecuS,
1565 1937 1720 2033 quis
1755 1959 1852 2010 est
1883 1938 2036 2028 iste,
2072 1940 2182 2012 cui
2213 1939 2433 2040 parri-

341 2051 507 2124 cidii
531 2074 803 2125 tantum
832 2051 1293 2124 instrumenta
1313 2051 1729 2123 creduntur?
1753 2079 1879 2124 cur
1897 2080 2039 2125 non
2060 2053 2248 2125 idem
2275 2081 2434 2155 por-

342 2166 719 2265 rigiffeni?
739 2167 847 2239 vel
872 2166 928 2238 si
955 2191 1099 2237 non
1125 2185 1341 2267 potest
1359 2165 1582 2267 decipi
1606 2167 1916 2256 marituS,
1939 2169 2072 2242 nisi
2101 2167 2430 2242 manibus

342 2282 604 2370 uxoris,
652 2307 774 2352 cur
804 2297 961 2352 ante
997 2280 1447 2379 parricidium
1484 2280 1802 2371 struitur,
1845 2307 2059 2380 quam
2092 2284 2289 2373 sciat,
2337 2309 2429 2355 an

344 2419 638 2470 noverca
685 2394 1085 2496 promittat?
1129 2421 1294 2467 nam
1338 2396 1525 2494 quod
1572 2395 1720 2468 vult
1755 2396 1976 2469 videri
2018 2400 2427 2497 promissam

338 2512 479 2585 sibi
530 2532 793 2612 partem
845 2511 1227 2600 bonorum,
1281 2535 1423 2582 non
1471 2531 1569 2583 est
1607 2531 2138 2610 argumentum,
2186 2514 2318 2586 nisi
2367 2536 2432 2588 et

347 2628 583 2730 ipsum
615 2628 962 2727 probetur.
1019 2625 1278 2699 Mulier
1325 2650 1479 2723 quae
1534 2625 1933 2699 sollicitatur
1984 2626 2071 2699 ad
2128 2629 2429 2719 facinus,

344 2742 953 2845 quemadmodum
991 2742 1123 2814 sibi
1158 2742 1483 2830 consulit,
1524 2769 1612 2813 ne
1644 2739 1832 2815 illam
1867 2743 2212 2841 parricida
2242 2744 2476 2817 deci-2

344 2858 529 2959 piat?
553 2877 622 2929 et
650 2857 1088 2956 probationes
1108 2854 1488 2953 prospicere
1509 2851 1784 2945 debuit,
1813 2882 1934 2929 seu
1962 2857 2221 2929 factura
2244 2856 2435 2957 quod

346 2972 719 3072 rogabatur
738 2985 787 3061 ¹,
817 2995 937 3041 sen
967 2968 1344 3068 proditura.
1375 2967 1611 3056 Adde,
1640 2969 1827 3065 quod
1863 2995 2091 3069 neque
2123 2970 2268 3042 odit
2299 2997 2433 3042 no-

348 3109 624 3159 vercam
670 3109 920 3172 coecnS,
960 3081 1074 3153 cui
1116 3081 1563 3182 parricidium
1594 3081 1849 3153 credit:
1891 3107 2121 3180 neque
2158 3081 2438 3154 heredi-

348 3224 485 3277 tate
524 3202 1031 3301 corrumpitur,
1076 3202 1275 3302 cujus
1318 3221 1685 3274 contentus
1732 3222 1830 3273 est
1876 3222 2071 3302 parte
2117 3199 2430 3276 dimidia.

344 3323 612 3409 Nemo,
652 3317 969 3420 judices,
1002 3316 1459 3417 parricidium
1500 3318 1729 3408 faciet,
1764 3344 1906 3417 quo
1950 3318 2122 3391 alius
2170 3340 2430 3394 utatur:

346 3435 549 3533 exigo
578 3433 804 3532 igitur,
834 3453 910 3503 ut
934 3431 1112 3504 istud
1139 3432 1590 3531 parricidium
1617 3432 1810 3523 caeci,
1835 3453 1910 3508 tu
1935 3433 2149 3524 socia,
2172 3454 2243 3506 tu
2278 3459 2436 3507 con·

430 3664 478 3699 ι.
508 3647 614 3700 Seu
639 3645 859 3718 factum
894 3644 1038 3717 quod
1069 3642 1353 3716 fugabatur.

349 3723 664 3801 Legendum
698 3726 903 3778 videtur
937 3723 1183 3778 celatum.
1220 3725 1357 3775 Nam

348 3811 397 3862 si
414 3809 637 3881 factura
655 3848 672 3874 ‚
698 3825 952 3878 quorsum
985 3805 1355 3876 probatio-es,

352 3907 523 3963 quum
555 3888 819 3960 parricidii
848 3886 993 3941 haud
1028 3886 1188 3939 dubie
1220 3900 1359 3940 esset

352 3990 445 4024 rea
463 3973 488 4022 ἰ’
508 3969 706 4021 Contra
734 3969 1076 4040 probationes
1098 3970 1360 4040 prospice-

352 4067 410 4103 re
443 4048 635 4114 debet,
663 4049 898 4119 quamvis
928 4060 1065 4102 esset
1094 4044 1357 4112 celatum,

355 4130 477 4202 quia
494 4129 604 4194 fieri
620 4139 794 4199 potest
807 4139 867 4177 ut
878 4126 1145 4197 privignus
1156 4162 1173 4188 ‚
1185 4139 1361 4195 quam·

353 4209 432 4259 vis
456 4225 636 4259 revera
660 4204 971 4257 destinasset
994 4201 1360 4273 parricidium,

354 4298 534 4338 tamen
555 4323 572 4351 ,
618 4284 743 4356 quia
786 4281 1196 4334 communicanti
1238 4299 1361 4332 cum

354 4381 586 4416 noverca
618 4375 672 4414 et
695 4360 765 4413 atl
790 4361 995 4414 facinus
1019 4375 1133 4416 eam
1165 4357 1362 4422 sollici·-

1436 3646 1568 3698 tanti
1591 3657 1784 3715 negate
1810 3655 1922 3697 eret
1946 3662 2139 3717 open,
2168 3639 2312 3698 ultro
2341 3662 2439 3698 no·

1434 3740 1644 3774 vercam
1671 3737 1940 3775 accusaret
1969 3725 2181 3793 cogitati
2215 3724 2436 3793 parrici-

1435 3803 1535 3868 dii,
1556 3803 1623 3855 ad
1639 3802 1782 3876 quo'd
1804 3823 1908 3855 una
1927 3803 2244 3874 patrandum
2269 3804 2437 3873 ipsam

1437 3882 1772 3954 appellasset.
1803 3885 1918 3934 Hoc
1946 3899 2010 3933 eo
2038 3883 2202 3950 magis
2232 3895 2342 3936 erat
2369 3882 2438 3932 ti·

1437 3959 1718 4026 mendum,
1747 3959 1892 4033 quod
1924 3978 1988 4011 ex
2014 3978 2249 4010 novercae
2278 3976 2439 4010 accu·
2478 4021 2488 4036 Ι

1439 4041 1644 4091 tatione
1669 4052 1721 4091 et
1745 4038 2070 4100 testimonio,
2094 4055 2204 4090 non
2226 4039 2338 4108 ipsa
2365 4055 2438 4087 es-

1437 4129 1515 4169 set
1538 4118 1703 4169 invisa
1726 4118 1967 4188 privigno
1982 4151 2000 4178 ,
2028 4113 2120 4167 sed
2144 4115 2340 4178 amica,
2368 4111 2440 4165 ad

1440 4215 1599 4270 quam
1626 4216 1815 4270 nempe
1838 4215 1996 4250 unam
2020 4195 2268 4247 heredem
2294 4205 2439 4245 totus

1439 4277 1707 4351 parricidii
1724 4279 1922 4329 fructus
1940 4276 2201 4327 rediturus
2217 4288 2370 4346 esset,
2384 4275 2439 4330 in

1441 4375 1548 4431 quo
1571 4358 1731 4410 unius
1752 4373 1989 4412 novercae
2014 4365 2151 4412 esset
2173 4350 2383 4405 utilitas.

2139 4439 2198 4500 32
