3200 5117
607 558 701 620 IN
751 553 1164 620 DECLAM.
1211 552 1304 616 M.
1354 554 1424 615 F.
1473 552 2131 633 QUINTILIANI.
2223 556 2427 645 xxxvij

339 680 466 759 bit,
498 701 619 746 cur
641 674 1173 767 unumquodque
1202 692 1317 740 aut
1341 676 1857 754 immutaverim,
1889 694 2002 741 aut
2029 676 2431 755 addiderim,

340 801 452 849 aut
477 784 936 849 subtraxerim.
962 779 1288 847 Omnibus
1313 781 1684 845 satisfacere
1710 778 1980 845 difficile
2006 799 2123 846 est.
2159 783 2333 872 Ergo
2359 800 2433 847 ut

343 915 379 956 a
406 895 698 958 Varrone
735 889 1107 969 dicebatur,
1146 885 1221 953 Si
1253 891 1392 978 quis
1429 885 1593 977 quid
1627 890 1902 975 iquorat,
1937 887 2168 953 discat:
2207 894 2434 981 siquis

342 1002 484 1078 scit,
528 1022 690 1062 nunc
733 997 843 1061 ubi
882 996 1089 1073 labar,
1134 994 1450 1059 observet:
1487 1017 1646 1060 sane
1683 1018 1818 1061 non
1859 1001 2264 1063 committam
2307 1022 2433 1063 un·-

345 1128 580 1194 quam,
614 1127 735 1182 ne,
778 1104 941 1168 dum
976 1102 1087 1166 alii
1129 1101 1362 1165 melius
1401 1100 1567 1189 quid
1602 1101 1909 1167 afferenti
1947 1127 2080 1169 non
2116 1106 2431 1192 gratuler,

346 1214 465 1300 ipsi
492 1212 902 1296 Quintiliano
926 1209 1184 1297 potius,
1220 1207 1461 1273 bonam
1495 1210 1595 1274 sui
1631 1225 1882 1297 partem
1920 1211 2431 1299 supprimendo,

337 1321 641 1411 jurisque
691 1316 1002 1382 studiosis
1052 1314 1400 1380 invideam.
1444 1315 1816 1381 Voluerunt
1861 1320 2079 1382 nescio
2128 1301 2244 1408 qui
2294 1319 2436 1408 ejus

345 1425 806 1492 auctoritatem
852 1421 1149 1484 minuere
1189 1420 1561 1509 quondam:
1608 1419 1722 1485 sed
1767 1445 1902 1511 quo
1943 1442 2137 1488 erunt
2178 1449 2292 1490 ore
2328 1427 2436 1489 vel

350 1529 691 1597 stomacho
712 1579 730 1608 ,
758 1527 997 1617 quibus
1037 1549 1121 1590 ne
1161 1525 1429 1614 quidem
1469 1527 1685 1614 placet
1715 1529 2139 1596 Aristoteles?
2171 1533 2438 1596 Faciunt

352 1663 447 1704 πω
476 1632 869 1724 intelliqendo
885 1682 902 1709 ,
936 1645 1004 1696 ut
1026 1631 1188 1696 nihil
1209 1632 1571 1721 intelliqant.
1605 1635 1680 1699 ld
1704 1659 1912 1702 unum
1937 1661 2172 1704 vereor
2195 1639 2399 1727 magis
2415 1688 2434 1717 ,

352 1766 437 1806 ne
472 1744 744 1818 merito,
776 1762 1024 1828 ,praeses
1067 1741 1454 1826 amplissimi
1493 1738 1778 1822 ordinis,
1817 1763 2196 1832 arroganter
2233 1763 2299 1810 et
2337 1762 2436 1810 te-

350 1870 531 1916 mere
562 1847 795 1913 fecisse
819 1867 929 1908 me
959 1844 1362 1922 existiment,
1388 1846 1503 1934 qui
1536 1845 1655 1909 tibi
1684 1848 2096 1934 potissimum
2122 1850 2248 1915 hoc
2272 1874 2439 1939 opus

353 1952 694 2031 dedicare,
735 1968 801 2017 et
837 1949 961 2015 sub
1000 1950 1192 2015 titulo
1230 1950 1392 2014 tanti
1436 1953 1724 2017 nominis
1763 1954 1829 2017 in
1868 1955 2102 2042 vulgus
2140 1957 2439 2019 emittere

354 2081 486 2122 non
511 2056 948 2122 dubitaverim
965 2104 982 2134 ,
1010 2055 1195 2144 quasi
1223 2070 1291 2118 et
1320 2078 1593 2119 summae
1620 2079 1871 2136 rerum,
1894 2058 2295 2149 judiciisque
2321 2060 2443 2124 tibi

356 2183 487 2230 tam
509 2164 698 2230 valde
717 2179 1067 2250 occupato,
1085 2179 1271 2226 vacet
1295 2161 1434 2226 haec
1456 2162 1712 2250 legere:
1734 2180 1850 2228 aut
1874 2166 2003 2229 sint
2026 2165 2440 2257 hujusmodi,

358 2271 409 2336 si
443 2271 663 2359 legere
698 2292 817 2358 per
844 2266 1321 2357 rempublicam
1350 2268 1578 2348 liceat,
1613 2292 1762 2357 quae
1787 2284 1984 2336 tantae
2011 2274 2440 2350 auctoritatis,

358 2376 760 2466 prudentiae,
787 2377 1076 2455 virtutis,
1109 2375 1533 2454 eruditionis,
1565 2393 1632 2440 et
1667 2378 2068 2445 excellentiae
2094 2381 2237 2444 viro
2272 2381 2442 2444 offe·

358 2499 613 2548 rantur:
643 2504 843 2572 quem
868 2483 955 2546 ita
984 2505 1119 2546 non
1146 2483 1365 2546 minus
1390 2482 1599 2570 perite
1628 2499 1694 2546 et
1720 2500 1896 2547 recte
1923 2483 2006 2549 de
2032 2486 2213 2550 omni
2239 2486 2446 2551 scien·

361 2589 597 2653 tiarum
624 2610 895 2676 genere,
921 2609 1120 2676 quam
1145 2603 1365 2652 sancte
1393 2602 1458 2651 et
1485 2588 1790 2674 religiose
1818 2589 1887 2652 in
1919 2608 2147 2655 senatu
2184 2592 2267 2656 de
2290 2592 2444 2681 jure

361 2694 669 2783 ambiguo
694 2710 979 2758 statuere
1004 2690 1419 2807 etjudicarffi
1447 2716 1599 2758 cum
1626 2715 1878 2759 summa
1900 2694 2312 2762 audientium
2335 2697 2447 2763 ad-

361 2800 705 2866 miratione
729 2799 1200 2888 conspicimus:
1227 2822 1304 2863 ac
1326 2821 1528 2885 quem
1551 2797 1844 2888 denique
1868 2799 2063 2890 hujus
2084 2825 2240 2866 vere
2261 2797 2444 2866 Fabii

364 2922 690 2972 oratorem
714 2927 1063 2995 possumus
1091 2903 1460 2992 appellare,
1485 2903 1600 2992 qui
1633 2904 1733 2968 vir
1765 2905 2064 2992 profecto
2093 2908 2300 2972 civilis
2330 2908 2444 2985 sit,

363 3014 775 3103 publicarum
801 3013 1336 3102 privatarumque
1371 3031 1592 3073 rerum
1621 3009 2167 3077 administrationi
2195 3037 2446 3081 accom-

364 3117 697 3197 modatus,
718 3118 833 3206 qui
854 3132 1036 3205 regat
1054 3115 1342 3181 consiliis
1362 3115 1560 3180 urbes
1574 3165 1591 3194 ,
1620 3114 1856 3180 fundet
1874 3114 2128 3205 legibus
2142 3168 2157 3196 ‚
2176 3121 2446 3210 judiciis

366 3224 697 3291 emendet.
739 3227 933 3290 Hunc
969 3240 1077 3302 tu,
1113 3224 1579 3302 remotiorum,
1617 3223 1954 3332 inquient3
1986 3224 2447 3295 subselliorum

367 3333 715 3409 advocate,
756 3348 888 3395 tam
932 3331 1243 3394 eximium
1281 3352 1621 3395 censorem
1645 3379 1662 3409 ,
1707 3346 1774 3394 et
1811 3352 2111 3395 severum
2151 3334 2450 3424 judicem

369 3462 502 3504 non
538 3437 967 3503 reformidas?
1004 3438 1214 3503 nescis
1250 3437 1427 3502 hunc
1465 3440 1990 3503 sacrosanctum?
2020 3462 2141 3505 nec
2171 3463 2324 3508 eum
2354 3462 2449 3510 te-

373 3566 550 3609 mere
571 3544 885 3635 appellari
903 3593 920 3624 ,
949 3559 1065 3608 aut
1092 3544 1492 3631 interpellari
1517 3568 1738 3632 posse,
1766 3546 1890 3609 nisi
1917 3544 2096 3635 quod
2122 3547 2355 3615 fraude
2386 3569 2454 3616 et

373 3648 768 3715 detrimento
810 3649 964 3714 fiat?
990 3647 1119 3714 Sed
1165 3667 1231 3713 et
1269 3651 1321 3713 si
1362 3667 1574 3715 totum
1614 3667 1782 3714 esset
1819 3673 2039 3714 meum
2079 3652 2209 3717 boc
2243 3678 2447 3743 opuS‚

372 3779 500 3844 qua
534 3773 599 3820 te
643 3756 777 3821 scio
816 3777 960 3821 esse
999 3756 1341 3834 comitate,
1382 3754 1785 3821 humanitate
1827 3774 1893 3821 et
1929 3758 2269 3838 facilitate,
2303 3786 2450 3850 quae

371 3862 517 3949 plus
560 3884 643 3928 eo
682 3861 935 3927 laudari
979 3862 1179 3937 solet,
1223 3884 1358 3950 quo
1395 3864 1699 3951 gratiam,
1742 3886 1935 3949 opes,
1983 3882 2048 3929 et
2089 3871 2453 3953 potentiam

371 3985 559 4030 nacta
592 3985 723 4044 est,
764 3966 941 4056 quali
974 3966 1171 4031 etiam
1200 3967 1422 4031 animo
1450 3968 1756 4054 cupidam
1781 3967 2201 4056 juventutem
2236 3988 2300 4035 te
2333 3976 2450 4037 sci·

371 4096 518 4138 mus
547 4075 885 4163 amplecti,
917 4091 989 4138 ut
1014 4097 1146 4138 non
1172 4074 1388 4138 minus
1417 4072 1660 4138 debere
1695 4097 1765 4138 se
1800 4073 1920 4137 tibi
1956 4075 2188 4139 merito
2218 4101 2351 4166 prae
2380 4101 2450 4143 se

375 4178 569 4259 ferat,
602 4202 796 4267 quam
830 4202 897 4244 se
929 4182 1020 4243 M.
1053 4181 1319 4245 Crassus
1351 4182 1429 4265 Q.
1463 4181 1780 4258 Maximo,
1813 4180 1927 4268 qui
1957 4203 2164 4269 quum
2194 4182 2453 4250 adoles-
