3200 5117
824 552 1010 637 xxviij
1374 544 1830 608 EDITORIS
1880 545 2369 609 PRAEFATIO

825 707 849 730 ιι
881 675 1307 737 Anaximenes
1333 668 1722 733 Judicialem
1752 685 1817 730 ct
1841 667 2304 732 Concionalem
2330 668 2666 754 generales
2688 691 2905 733 causa-

827 810 851 837 «
878 804 1021 840 rum
1052 796 1263 864 partes
1296 798 1435 836 esse
1464 774 1703 852 voluit,
1732 803 1755 828 n
1797 773 2061 848 fabius,
2092 773 2200 835 lib.
2233 773 2358 850 ΙΙΙ,
2391 796 2532 860 cap.
2564 777 2630 851 4,
2659 772 2713 860 §.
2743 797 2803 859 9.

911 883 1357 947 Suasoriarum
1393 881 1657 942 Scnccae
1684 878 1946 941 titulum
1975 879 2088 966 qui
2121 901 2250 941 uon
2289 877 2602 964 probant,
2639 896 2705 942 et
2739 881 2904 942 Lau·

821 993 1060 1055 (labilia
1091 990 1349 1054 inscribi
1384 989 1665 1064 malunt,
1692 1006 2028 1050 auctorem
2059 1003 2372 1072 arguunt,
2407 988 2520 1075 qui
2549 1011 2739 1050 suum
2767 988 2904 1074 ipse

820 1100 1059 1162 librum
1087 1100 1177 1162 sic
1203 1095 1581 1182 appellavit.

914 1236 938 1261 a
970 1202 1566 1266 Demonstrativnm
1599 1222 1836 1285 genus,
1870 1197 2050 1286 quod
2083 1199 2490 1274 AristoteleS,
2529 1217 2593 1262 et
2624 1201 2730 1263 alii
2768 1199 2907 1287 ple-

828 1345 850 1368 ιι
877 1313 1063 1399 rique
1095 1310 1457 1381 ἐπιδεικτικὸν,
1496 1309 1948 1392 Hermogenes
1982 1322 2166 1368 vocat
2191 1309 2558 1384 πανηγυρικὸν,
2591 1307 2793 1390 inagis
2822 1303 2905 1368 ad

826 1416 1210 1480 «Suasorias
1260 1413 1591 1499 pertinere
1636 1411 1920 1488 videtur,
1951 1441 1974 1466 υ
2028 1409 2178 1473 Fab.
2225 1411 2336 1473 lib.
2382 1414 2509 1486 ΙΙΙ,
2547 1435 2686 1497 cap.
2726 1412 2785 1473 8.
2828 1413 2906 1473 Et

819 1546 1221 1613 quamquam
1250 1522 1430 1584 locus
1465 1520 1708 1596 nullus,
1738 1536 1851 1581 aut
1881 1519 2163 1592 felicius,
2192 1536 2304 1580 ant
2335 1521 2570 1607 saepius
2595 1543 2630 1582 a
2656 1518 2905 1584 Cassio·

818 1631 981 1693 doro
1014 1630 1270 1690 tractari
1303 1625 1559 1689 dicatur
1589 1625 1653 1685 in
1692 1624 1959 1700 scholiS,
1996 1649 2191 1711 qnam
2223 1622 2434 1688 landis
2455 1675 2468 1699 ,
2510 1643 2626 1689 aut
2654 1627 2909 1712 vitupe-

820 1735 1124 1806 rationis,
1170 1751 1242 1796 ut
1282 1733 1392 1820 qni
1439 1732 1520 1793 sit
1562 1731 1932 1793 communis
1972 1731 2149 1792 omni
2190 1729 2450 1793 dicendi
2492 1733 2756 1818 generi,
2798 1728 2911 1792 de-

822 1842 1262 1904 monstrativae
1294 1857 1514 1902 tamen
1540 1837 1831 1898 materiae
1858 1837 2367 1922 appellationem
2388 1838 2524 1924 jam
2551 1838 2912 1899 inveterata

817 1948 1225 2032 ignoratione
1267 1944 1589 2008 sublatam
1633 1942 1981 2028 Emporius
2027 1943 2251 2004 rhetor
2285 1944 2391 2004 ait.
2437 1941 2786 2006 Interdum
2820 1958 2916 2005 ta-

820 2079 968 2116 men
1004 2071 1069 2114 et
1102 2052 1225 2113 hoc
1263 2073 1469 2134 genus
1507 2048 2100 2109 controversiarum
2132 2066 2260 2122 est,
2293 2066 2365 2110 ut
2395 2049 2613 2134 legum
2638 2049 2814 2125 lans,
2851 2067 2917 2112 et

822 2158 1216 2244 vituperatio
1242 2152 1419 2238 apud
1449 2155 1744 2228 Graeco5,
1776 2152 1952 2237 apud
1982 2177 2145 2240 qnos
2182 2177 2405 2216 earum
2436 2156 2603 2218 lator
2626 2154 2706 2218 ad
2731 2153 2917 2243 judi-

824 2287 967 2327 cem
1003 2278 1289 2332 vocatur,
1325 2275 1394 2320 ut
1421 2257 1656 2320 Fabius
1683 2258 1804 2334 ait,
1835 2257 1943 2320 lib.
1978 2259 2071 2334 ΙΙ,
2101 2283 2239 2345 cap.
2268 2263 2306 2335 ά
2328 2311 2341 2336 ,
2376 2256 2431 2347 §.
2459 2263 2574 2324 33:
2604 2263 2916 2325 Romanis

826 2392 945 2456 pro
982 2367 1298 2428 concione
1336 2362 1643 2440 suadere,
1685 2381 1798 2426 aut
1832 2364 2210 2428 dissuadere
2253 2369 2449 2430 moris
2493 2369 2648 2430 fuit:
2692 2368 2918 2454 itaque

825 2471 1001 2559 apud
1043 2495 1152 2533 eos
1193 2488 1255 2532 et
1294 2469 1434 2532 haec
1474 2469 1770 2554 proxime
1806 2468 1886 2531 ad
1934 2470 2263 2534 Suasorias
2307 2469 2588 2548 accedit,
2629 2489 2701 2535 ut
2735 2470 2918 2559 apud

827 2577 1305 2659 Quintilianum
1325 2626 1339 2650 ,
1377 2576 1662 2636 Declam.
1692 2576 1930 2637 CCLV.

920 2684 1319 2761 Προσομιλητικὴ
1355 2680 1711 2758 Platonica,
1740 2696 1813 2741 ut
1836 2704 1872 2743 a
1904 2681 2143 2743 sorensi
2175 2684 2456 2760 ratione,
2490 2667 2580 2747 sic
2608 2707 2642 2746 a
2673 2683 2919 2747 scholae

831 2787 1136 2852 secundis
1187 2786 1758 2850 exercitationibus
1809 2785 2132 2872 disjuncta
2184 2806 2316 2867 θεῖς
2374 2806 2600 2876 utpote
2649 2790 2920 2877 privatis

833 2892 1493 2958 sermocinationibus
1513 2890 2086 2968 accommodatior,
2107 2910 2171 2954 et
2188 2892 2270 2955 ad
2289 2893 2694 2958 dialecticam
2712 2896 2922 2982 magis

836 3001 1136 3088 pertinet.

920 3107 1145 3166 Sermo
1174 3120 1350 3165 extra
1377 3102 1904 3166 Controversiam
1933 3119 2059 3182 cst,
2093 3119 2156 3166 et
2181 3122 2503 3192 praecepta
2533 3107 2686 3169 artis
2712 3109 2924 3171 conti-

834 3226 946 3272 net
984 3212 1047 3271 in
1087 3208 1373 3270 themate
1399 3207 1779 3293 proposito,
1818 3209 2230 3296 qnaestionis,
2272 3228 2335 3273 et
2364 3210 2734 3288 divisionis,
2769 3236 2925 3301 quae

835 3337 1020 3402 paene
1055 3314 1180 3377 hoc
1214 3313 1555 3400 proprium
1585 3311 1812 3390 habet,
1845 3313 2192 3378 ostendere
2229 3339 2369 3379 ossa
2398 3334 2463 3380 et
2491 3341 2725 3381 nervos
2758 3341 2925 3381 con-

837 3419 1196 3493 troversiae,
1222 3436 1287 3480 et
1308 3433 1380 3479 ut
1402 3419 1491 3479 sic
1513 3415 1785 3480 dixerim
1801 3467 1816 3496 ,
1842 3419 2048 3505 ipsam
2071 3423 2578 3485 controversiam
2602 3426 2929 3503 ἁνατομὶζειν

834 3525 1183 3601 finitioniS,
1217 3523 1651 3599 tractationis,
1694 3522 2023 3586 interdum
2059 3542 2123 3587 et
2155 3526 2421 3605 coloris,
2462 3545 2659 3614 prout
2697 3526 2930 3595 thema

836 3632 1065 3717 exigit-3
1107 3630 1222 3691 sed
1260 3628 1531 3691 actionis
1576 3628 1813 3715 ipsius,
1856 3646 1921 3692 et
1956 3630 2135 3718 quod
2169 3630 2251 3694 ad
2284 3655 2632 3718 personam
2667 3637 2928 3721 agentis

835 3739 1095 3812 attinet,
1128 3752 1192 3796 et
1219 3731 1397 3820 quod
1423 3733 1505 3796 ad
1532 3732 1770 3819 agendi
1797 3734 2090 3798 modum.

920 3840 1250 3904 Tractatio
1277 3861 1410 3901 non
1436 3838 1570 3917 illa,
1601 3863 1799 3927 quam
1825 3842 1913 3903 M.
1942 3841 2199 3905 Tullius
2226 3843 2291 3904 in
2319 3842 2748 3908 collocatione
2772 3867 2927 3908 ver-

834 3948 1071 4011 bornm
1120 3944 1346 4030 ponit,
1392 3943 1507 4008 sed
1557 3968 1703 4032 quae
1747 3947 2015 4033 proprio
2059 3947 2327 4009 nomine
2369 3971 2403 4011 a
2443 3949 2927 4036 posterioribus

836 4051 1210 4116 rhetoribus
1236 4049 1325 4112 sic
1350 4049 1676 4137 appellata
1701 4068 1828 4128 est,
1851 4050 2115 4114 videtur
2139 4053 2337 4116 fuisse
2362 4053 2490 4117 loci
2516 4055 2926 4134 communiS,

836 4176 901 4223 et
946 4181 983 4221 a
1026 4156 1389 4246 quaestione
1428 4153 1871 4242 distinguitur.
1918 4159 2200 4234 Seneca,
2241 4161 2656 4224 Controvers.
2699 4159 2813 4224 lib.
2847 4163 2876 4222 1
2909 4187 2923 4225 :
