<?xml version="1.0" encoding="UTF-8"?>
<!DOCTYPE html PUBLIC "-//W3C//DTD XHTML 1.0 Transitional//EN"
    "http://www.w3.org/TR/xhtml1/DTD/xhtml1-transitional.dtd">
<html xmlns="http://www.w3.org/1999/xhtml" xml:lang="en" lang="en">
 <head>
  <title>
</title>
<meta http-equiv="Content-Type" content="text/html;charset=utf-8" />
  <meta name='ocr-system' content='tesseract 3.04.00' />
  <meta name='ocr-capabilities' content='ocr_page ocr_carea ocr_par ocr_line ocrx_word'/>
</head>
<body>
  <div class='ocr_page' id='page_1' title='image "./deinstitutioneo01flacgoog_0407.png"; bbox 0 0 3200 5117; ppageno 0'>
   <div class='ocr_carea' id='block_1_1' title="bbox 561 565 2418 633">
    <p class='ocr_par' dir='ltr' id='par_1_1' title="bbox 561 565 2418 633">
     <span class='ocr_line' id='line_1_1' title="bbox 561 565 2418 633; baseline 0.002 -4"><span class='ocrx_word' id='word_1_1' title='bbox 561 565 834 629; x_wconf 90' lang='lat' dir='ltr'>DECL.</span> <span class='ocrx_word' id='word_1_2' title='bbox 881 566 1118 628; x_wconf 87' lang='lat' dir='ltr'>XVII.</span> <span class='ocrx_word' id='word_1_3' title='bbox 1166 567 1656 630; x_wconf 78' lang='lat' dir='ltr'>VENENUM</span> <span class='ocrx_word' id='word_1_4' title='bbox 1700 566 2181 632; x_wconf 88' lang='lat' dir='ltr'>EFFUSUM.</span> <span class='ocrx_word' id='word_1_5' title='bbox 2292 566 2418 633; x_wconf 83' lang='lat'>363</span> 
     </span>
    </p>
   </div>
   <div class='ocr_carea' id='block_1_2' title="bbox 311 686 2425 3442">
    <p class='ocr_par' dir='ltr' id='par_1_2' title="bbox 323 686 2425 1106">
     <span class='ocr_line' id='line_1_2' title="bbox 327 686 2422 788; baseline 0.001 -31"><span class='ocrx_word' id='word_1_6' title='bbox 327 686 759 786; x_wconf 84' lang='lat' dir='ltr'><strong>squalorem:</strong></span> <span class='ocrx_word' id='word_1_7' title='bbox 815 713 941 786; x_wconf 77' lang='lat' dir='ltr'>ego</span> <span class='ocrx_word' id='word_1_8' title='bbox 988 686 1261 759; x_wconf 88' lang='lat' dir='ltr'>osculor</span> <span class='ocrx_word' id='word_1_9' title='bbox 1301 688 1454 760; x_wconf 88' lang='lat' dir='ltr'>illas</span> <span class='ocrx_word' id='word_1_10' title='bbox 1502 689 1906 788; x_wconf 79' lang='lat' dir='ltr'><strong>expellentis</strong></span> <span class='ocrx_word' id='word_1_11' title='bbox 1952 716 2247 779; x_wconf 82' lang='lat' dir='ltr'>manus3</span> <span class='ocrx_word' id='word_1_12' title='bbox 2293 714 2422 786; x_wconf 76' lang='lat' dir='ltr'>ego</span> 
     </span>
     <span class='ocr_line' id='line_1_3' title="bbox 325 801 2425 904; baseline 0.001 -30"><span class='ocrx_word' id='word_1_13' title='bbox 325 801 711 902; x_wconf 85' lang='lat' dir='ltr'>abjicientis</span> <span class='ocrx_word' id='word_1_14' title='bbox 745 831 976 901; x_wconf 77' lang='lat' dir='ltr'>genua</span> <span class='ocrx_word' id='word_1_15' title='bbox 1009 825 1249 894; x_wconf 83' lang='lat' dir='ltr'>tene03</span> <span class='ocrx_word' id='word_1_16' title='bbox 1286 825 1353 876; x_wconf 92' lang='lat' dir='ltr'>et</span> <span class='ocrx_word' id='word_1_17' title='bbox 1383 805 1472 876; x_wconf 88' lang='lat' dir='ltr'>ad</span> <span class='ocrx_word' id='word_1_18' title='bbox 1492 825 1759 904; x_wconf 86' lang='lat' dir='ltr'>patrem</span> <span class='ocrx_word' id='word_1_19' title='bbox 1778 861 1797 894; x_wconf 87' lang='lat'>‚</span> <span class='ocrx_word' id='word_1_20' title='bbox 1828 805 1950 902; x_wconf 90' lang='lat' dir='ltr'>qui</span> <span class='ocrx_word' id='word_1_21' title='bbox 1977 832 2094 877; x_wconf 91' lang='lat' dir='ltr'>me</span> <span class='ocrx_word' id='word_1_22' title='bbox 2124 827 2267 876; x_wconf 88' lang='lat' dir='ltr'>tam</span> <span class='ocrx_word' id='word_1_23' title='bbox 2304 832 2425 876; x_wconf 90' lang='lat' dir='ltr'>no-</span> 
     </span>
     <span class='ocr_line' id='line_1_4' title="bbox 324 918 2419 1012; baseline 0 -21"><span class='ocrx_word' id='word_1_24' title='bbox 324 918 660 991; x_wconf 84' lang='lat' dir='ltr'>tabiliter¹</span> <span class='ocrx_word' id='word_1_25' title='bbox 714 920 897 1012; x_wconf 87' lang='lat' dir='ltr'>odit,</span> <span class='ocrx_word' id='word_1_26' title='bbox 943 947 1089 993; x_wconf 92' lang='lat' dir='ltr'>non</span> <span class='ocrx_word' id='word_1_27' title='bbox 1132 921 1356 993; x_wconf 90' lang='lat' dir='ltr'>habeo</span> <span class='ocrx_word' id='word_1_28' title='bbox 1401 949 1526 993; x_wconf 87' lang='lat' dir='ltr'>cur</span> <span class='ocrx_word' id='word_1_29' title='bbox 1565 920 1781 993; x_wconf 86' lang='lat' dir='ltr'>velim</span> <span class='ocrx_word' id='word_1_30' title='bbox 1832 921 2056 994; x_wconf 81' lang='lat' dir='ltr'>redire</span> <span class='ocrx_word' id='word_1_31' title='bbox 2075 934 2128 1010; x_wconf 80' lang='lat'>²,</span> <span class='ocrx_word' id='word_1_32' title='bbox 2168 921 2228 992; x_wconf 89' lang='lat' dir='ltr'>si</span> <span class='ocrx_word' id='word_1_33' title='bbox 2274 947 2419 992; x_wconf 87' lang='lat' dir='ltr'>non</span> 
     </span>
     <span class='ocr_line' id='line_1_5' title="bbox 323 1061 507 1106; baseline 0 0"><span class='ocrx_word' id='word_1_34' title='bbox 323 1061 507 1106; x_wconf 82' lang='lat' dir='ltr'>amo.</span> 
     </span>
    </p>

    <p class='ocr_par' dir='ltr' id='par_1_3' title="bbox 311 1149 2422 3442">
     <span class='ocr_line' id='line_1_6' title="bbox 418 1149 2420 1244; baseline 0 -24"><span class='ocrx_word' id='word_1_35' title='bbox 418 1154 571 1222; x_wconf 87' lang='lat' dir='ltr'>Vll.</span> <span class='ocrx_word' id='word_1_36' title='bbox 621 1149 1023 1244; x_wconf 85' lang='lat' dir='ltr'>Praevaleret</span> <span class='ocrx_word' id='word_1_37' title='bbox 1063 1151 1376 1224; x_wconf 87' lang='lat' dir='ltr'>nominis</span> <span class='ocrx_word' id='word_1_38' title='bbox 1423 1151 1528 1224; x_wconf 89' lang='lat' dir='ltr'>tui</span> <span class='ocrx_word' id='word_1_39' title='bbox 1563 1153 1867 1226; x_wconf 76' lang='lat' dir='ltr'><strong>fortassis</strong></span> <span class='ocrx_word' id='word_1_40' title='bbox 1910 1152 2315 1242; x_wconf 77' lang='lat' dir='ltr'>auctoritas,</span> <span class='ocrx_word' id='word_1_41' title='bbox 2362 1150 2420 1222; x_wconf 87' lang='lat' dir='ltr'>si</span> 
     </span>
     <span class='ocr_line' id='line_1_7' title="bbox 322 1265 2422 1367; baseline -0.001 -28"><span class='ocrx_word' id='word_1_42' title='bbox 322 1265 672 1339; x_wconf 90' lang='lat' dir='ltr'>contentio</span> <span class='ocrx_word' id='word_1_43' title='bbox 697 1287 929 1338; x_wconf 86' lang='lat' dir='ltr'>nostra</span> <span class='ocrx_word' id='word_1_44' title='bbox 949 1267 1259 1366; x_wconf 86' lang='lat' dir='ltr'>coepisset</span> <span class='ocrx_word' id='word_1_45' title='bbox 1285 1295 1328 1340; x_wconf 91' lang='lat' dir='ltr'>a</span> <span class='ocrx_word' id='word_1_46' title='bbox 1351 1294 1660 1340; x_wconf 83' lang='lat' dir='ltr'>veneno:</span> <span class='ocrx_word' id='word_1_47' title='bbox 1694 1267 2182 1367; x_wconf 75' lang='lat' dir='ltr'><strong>consumpsisti</strong></span> <span class='ocrx_word' id='word_1_48' title='bbox 2215 1266 2422 1366; x_wconf 90' lang='lat' dir='ltr'>quid-</span> 
     </span>
     <span class='ocr_line' id='line_1_8' title="bbox 322 1380 2421 1483; baseline 0 -32"><span class='ocrx_word' id='word_1_49' title='bbox 322 1380 493 1480; x_wconf 86' lang='lat' dir='ltr'>quid</span> <span class='ocrx_word' id='word_1_50' title='bbox 541 1402 676 1470; x_wconf 84' lang='lat' dir='ltr'>est,</span> <span class='ocrx_word' id='word_1_51' title='bbox 721 1384 912 1478; x_wconf 90' lang='lat' dir='ltr'>quod</span> <span class='ocrx_word' id='word_1_52' title='bbox 948 1405 1271 1483; x_wconf 89' lang='lat' dir='ltr'>parentes</span> <span class='ocrx_word' id='word_1_53' title='bbox 1313 1383 1405 1454; x_wconf 88' lang='lat' dir='ltr'>ab</span> <span class='ocrx_word' id='word_1_54' title='bbox 1448 1384 1775 1455; x_wconf 89' lang='lat' dir='ltr'>omnium</span> <span class='ocrx_word' id='word_1_55' title='bbox 1817 1384 2159 1456; x_wconf 80' lang='lat' dir='ltr'>scelerum</span> <span class='ocrx_word' id='word_1_56' title='bbox 2202 1381 2421 1480; x_wconf 75' lang='lat' dir='ltr'>suspi-</span> 
     </span>
     <span class='ocr_line' id='line_1_9' title="bbox 321 1496 2418 1598; baseline 0 -32"><span class='ocrx_word' id='word_1_57' title='bbox 321 1496 519 1567; x_wconf 87' lang='lat' dir='ltr'>cione</span> <span class='ocrx_word' id='word_1_58' title='bbox 553 1496 903 1569; x_wconf 84' lang='lat' dir='ltr'><strong>defendit:</strong></span> <span class='ocrx_word' id='word_1_59' title='bbox 940 1525 1084 1571; x_wconf 90' lang='lat' dir='ltr'>non</span> <span class='ocrx_word' id='word_1_60' title='bbox 1113 1498 1327 1571; x_wconf 88' lang='lat' dir='ltr'>habet</span> <span class='ocrx_word' id='word_1_61' title='bbox 1353 1519 1582 1598; x_wconf 87' lang='lat' dir='ltr'>pater,</span> <span class='ocrx_word' id='word_1_62' title='bbox 1614 1498 1805 1571; x_wconf 91' lang='lat' dir='ltr'>unde</span> <span class='ocrx_word' id='word_1_63' title='bbox 1838 1497 2295 1598; x_wconf 85' lang='lat' dir='ltr'>parricidium</span> <span class='ocrx_word' id='word_1_64' title='bbox 2330 1496 2418 1568; x_wconf 95' lang='lat' dir='ltr'>de</span> 
     </span>
     <span class='ocr_line' id='line_1_10' title="bbox 319 1612 2415 1714; baseline 0 -32"><span class='ocrx_word' id='word_1_65' title='bbox 319 1612 468 1683; x_wconf 88' lang='lat' dir='ltr'>filio</span> <span class='ocrx_word' id='word_1_66' title='bbox 511 1612 780 1703; x_wconf 86' lang='lat' dir='ltr'>credat,</span> <span class='ocrx_word' id='word_1_67' title='bbox 827 1612 961 1686; x_wconf 88' lang='lat' dir='ltr'>nisi</span> <span class='ocrx_word' id='word_1_68' title='bbox 1008 1641 1224 1714; x_wconf 86' lang='lat' dir='ltr'>quem</span> <span class='ocrx_word' id='word_1_69' title='bbox 1267 1635 1493 1714; x_wconf 88' lang='lat' dir='ltr'>posset</span> <span class='ocrx_word' id='word_1_70' title='bbox 1533 1614 1870 1688; x_wconf 85' lang='lat' dir='ltr'>occidere.</span> <span class='ocrx_word' id='word_1_71' title='bbox 1919 1615 2039 1685; x_wconf 89' lang='lat' dir='ltr'>Me</span> <span class='ocrx_word' id='word_1_72' title='bbox 2086 1613 2415 1712; x_wconf 86' lang='lat' dir='ltr'>quidem,</span> 
     </span>
     <span class='ocr_line' id='line_1_11' title="bbox 317 1729 2418 1832; baseline 0.001 -34"><span class='ocrx_word' id='word_1_73' title='bbox 317 1748 531 1826; x_wconf 87' lang='lat' dir='ltr'>pater,</span> <span class='ocrx_word' id='word_1_74' title='bbox 565 1729 863 1802; x_wconf 84' lang='lat' dir='ltr'>infelicis</span> <span class='ocrx_word' id='word_1_75' title='bbox 891 1730 1104 1832; x_wconf 87' lang='lat' dir='ltr'>hujus</span> <span class='ocrx_word' id='word_1_76' title='bbox 1134 1732 1597 1831; x_wconf 78' lang='lat' dir='ltr'>persuasionis</span> <span class='ocrx_word' id='word_1_77' title='bbox 1628 1729 2145 1830; x_wconf 86' lang='lat' dir='ltr'>simplicitatem</span> <span class='ocrx_word' id='word_1_78' title='bbox 2174 1729 2229 1800; x_wconf 85' lang='lat' dir='ltr'>si</span> <span class='ocrx_word' id='word_1_79' title='bbox 2262 1729 2418 1828; x_wconf 79' lang='lat' dir='ltr'>quis</span> 
     </span>
     <span class='ocr_line' id='line_1_12' title="bbox 320 1842 2417 1946; baseline 0.003 -34"><span class='ocrx_word' id='word_1_80' title='bbox 320 1842 728 1941; x_wconf 77' lang='lat' dir='ltr'>interroget,</span> <span class='ocrx_word' id='word_1_81' title='bbox 763 1871 892 1917; x_wconf 89' lang='lat' dir='ltr'>nec</span> <span class='ocrx_word' id='word_1_82' title='bbox 919 1872 960 1916; x_wconf 80' lang='lat' dir='ltr'>a</span> <span class='ocrx_word' id='word_1_83' title='bbox 995 1866 1060 1917; x_wconf 88' lang='lat' dir='ltr'>te</span> <span class='ocrx_word' id='word_1_84' title='bbox 1090 1846 1543 1945; x_wconf 86' lang='lat' dir='ltr'>parricidium</span> <span class='ocrx_word' id='word_1_85' title='bbox 1575 1847 1731 1919; x_wconf 83' lang='lat' dir='ltr'>fieri</span> <span class='ocrx_word' id='word_1_86' title='bbox 1764 1872 1965 1946; x_wconf 87' lang='lat' dir='ltr'>posse</span> <span class='ocrx_word' id='word_1_87' title='bbox 2003 1844 2211 1916; x_wconf 88' lang='lat' dir='ltr'>credo</span> <span class='ocrx_word' id='word_1_88' title='bbox 2231 1901 2250 1933; x_wconf 90' lang='lat'>‚</span> <span class='ocrx_word' id='word_1_89' title='bbox 2282 1844 2417 1918; x_wconf 88' lang='lat' dir='ltr'>nisi</span> 
     </span>
     <span class='ocr_line' id='line_1_13' title="bbox 317 1960 2421 2059; baseline 0.001 -31"><span class='ocrx_word' id='word_1_90' title='bbox 317 1983 477 2028; x_wconf 91' lang='lat' dir='ltr'>meo</span> <span class='ocrx_word' id='word_1_91' title='bbox 503 1984 814 2032; x_wconf 88' lang='lat' dir='ltr'>veneno:</span> <span class='ocrx_word' id='word_1_92' title='bbox 841 1961 1115 2035; x_wconf 81' lang='lat' dir='ltr'>facinus</span> <span class='ocrx_word' id='word_1_93' title='bbox 1138 1982 1379 2035; x_wconf 88' lang='lat' dir='ltr'>tamen</span> <span class='ocrx_word' id='word_1_94' title='bbox 1404 1963 1481 2035; x_wconf 90' lang='lat' dir='ltr'>in</span> <span class='ocrx_word' id='word_1_95' title='bbox 1510 1961 1841 2035; x_wconf 79' lang='lat' dir='ltr'>omnibus</span> <span class='ocrx_word' id='word_1_96' title='bbox 1873 1960 2281 2058; x_wconf 81' lang='lat' dir='ltr'>incredibile</span> <span class='ocrx_word' id='word_1_97' title='bbox 2308 1960 2421 2059; x_wconf 83' lang='lat' dir='ltr'>pi-</span> 
     </span>
     <span class='ocr_line' id='line_1_14' title="bbox 315 2072 2419 2177; baseline 0.002 -35"><span class='ocrx_word' id='word_1_98' title='bbox 315 2072 688 2170; x_wconf 77' lang='lat' dir='ltr'>gnoribus,</span> <span class='ocrx_word' id='word_1_99' title='bbox 716 2075 933 2148; x_wconf 89' lang='lat' dir='ltr'>nullis</span> <span class='ocrx_word' id='word_1_100' title='bbox 967 2077 1360 2166; x_wconf 83' lang='lat' dir='ltr'>difficilius,</span> <span class='ocrx_word' id='word_1_101' title='bbox 1394 2104 1612 2177; x_wconf 90' lang='lat' dir='ltr'>quam</span> <span class='ocrx_word' id='word_1_102' title='bbox 1638 2077 1869 2150; x_wconf 88' lang='lat' dir='ltr'>liberis</span> <span class='ocrx_word' id='word_1_103' title='bbox 1894 2098 2090 2176; x_wconf 80' lang='lat' dir='ltr'>puto.</span> <span class='ocrx_word' id='word_1_104' title='bbox 2128 2079 2273 2147; x_wconf 84' lang='lat' dir='ltr'>Vos</span> <span class='ocrx_word' id='word_1_105' title='bbox 2306 2075 2419 2146; x_wconf 87' lang='lat' dir='ltr'>ad·</span> 
     </span>
     <span class='ocr_line' id='line_1_15' title="bbox 312 2185 2414 2322; baseline 0.001 -64"><span class='ocrx_word' id='word_1_106' title='bbox 312 2187 453 2259; x_wconf 89' lang='lat' dir='ltr'>huc</span> <span class='ocrx_word' id='word_1_107' title='bbox 468 2185 497 2232; x_wconf 81' lang='lat'>³</span> <span class='ocrx_word' id='word_1_108' title='bbox 516 2188 590 2261; x_wconf 90' lang='lat' dir='ltr'>in</span> <span class='ocrx_word' id='word_1_109' title='bbox 610 2218 941 2322; x_wconf 80' lang='lat' dir='ltr'>suprema</span> <span class='ocrx_word' id='word_1_110' title='bbox 953 2213 1190 2266; x_wconf 88' lang='lat' dir='ltr'>nostra</span> <span class='ocrx_word' id='word_1_111' title='bbox 1207 2192 1593 2293; x_wconf 71' lang='lat' dir='ltr'>praecipitat</span> <span class='ocrx_word' id='word_1_112' title='bbox 1612 2192 1979 2265; x_wconf 73' lang='lat' dir='ltr'>auctoritas</span> <span class='ocrx_word' id='word_1_113' title='bbox 1996 2248 2017 2282; x_wconf 89' lang='lat'>,</span> <span class='ocrx_word' id='word_1_114' title='bbox 2038 2190 2162 2291; x_wconf 80' lang='lat' dir='ltr'>qui</span> <span class='ocrx_word' id='word_1_115' title='bbox 2185 2189 2414 2261; x_wconf 86' lang='lat' dir='ltr'>filium</span> 
     </span>
     <span class='ocr_line' id='line_1_16' title="bbox 317 2303 2416 2408; baseline 0.001 -35"><span class='ocrx_word' id='word_1_116' title='bbox 317 2303 628 2377; x_wconf 82' lang='lat' dir='ltr'>occidere</span> <span class='ocrx_word' id='word_1_117' title='bbox 669 2307 926 2380; x_wconf 83' lang='lat' dir='ltr'>vocatis</span> <span class='ocrx_word' id='word_1_118' title='bbox 969 2308 1390 2408; x_wconf 83' lang='lat' dir='ltr'>plerumque</span> <span class='ocrx_word' id='word_1_119' title='bbox 1432 2309 1877 2408; x_wconf 75' lang='lat' dir='ltr'>gravitatem,</span> <span class='ocrx_word' id='word_1_120' title='bbox 1923 2307 2105 2379; x_wconf 86' lang='lat' dir='ltr'>sicut</span> <span class='ocrx_word' id='word_1_121' title='bbox 2144 2306 2416 2378; x_wconf 80' lang='lat' dir='ltr'>abdica-</span> 
     </span>
     <span class='ocr_line' id='line_1_17' title="bbox 317 2416 2415 2542; baseline 0.002 -57"><span class='ocrx_word' id='word_1_122' title='bbox 317 2416 519 2489; x_wconf 90' lang='lat' dir='ltr'>tionis</span> <span class='ocrx_word' id='word_1_123' title='bbox 548 2422 1157 2514; x_wconf 82' lang='lat' dir='ltr'>emendationem,</span> <span class='ocrx_word' id='word_1_124' title='bbox 1190 2423 1364 2497; x_wconf 89' lang='lat' dir='ltr'>sicut</span> <span class='ocrx_word' id='word_1_125' title='bbox 1391 2422 1661 2542; x_wconf 83' lang='lat' dir='ltr'>reliqua</span> <span class='ocrx_word' id='word_1_126' title='bbox 1683 2421 2028 2522; x_wconf 84' lang='lat' dir='ltr'>supplicia</span> <span class='ocrx_word' id='word_1_127' title='bbox 2056 2441 2285 2493; x_wconf 86' lang='lat' dir='ltr'>nostra</span> <span class='ocrx_word' id='word_1_128' title='bbox 2314 2447 2415 2492; x_wconf 90' lang='lat' dir='ltr'>ra·</span> 
     </span>
     <span class='ocr_line' id='line_1_18' title="bbox 317 2531 2415 2638; baseline 0.002 -37"><span class='ocrx_word' id='word_1_129' title='bbox 317 2531 520 2603; x_wconf 86' lang='lat' dir='ltr'>tionis</span> <span class='ocrx_word' id='word_1_130' title='bbox 560 2537 785 2609; x_wconf 87' lang='lat' dir='ltr'>fronte</span> <span class='ocrx_word' id='word_1_131' title='bbox 825 2541 1221 2638; x_wconf 73' lang='lat' dir='ltr'>protegitiS,</span> <span class='ocrx_word' id='word_1_132' title='bbox 1266 2537 1695 2638; x_wconf 81' lang='lat' dir='ltr'>cunctosque</span> <span class='ocrx_word' id='word_1_133' title='bbox 1735 2537 2117 2638; x_wconf 75' lang='lat' dir='ltr'>praerigidae</span> <span class='ocrx_word' id='word_1_134' title='bbox 2158 2535 2415 2607; x_wconf 84' lang='lat' dir='ltr'>mentis</span> 
     </span>
     <span class='ocr_line' id='line_1_19' title="bbox 318 2647 2416 2727; baseline 0.003 -9"><span class='ocrx_word' id='word_1_135' title='bbox 318 2647 608 2718; x_wconf 82' lang='lat' dir='ltr'>affectus</span> <span class='ocrx_word' id='word_1_136' title='bbox 633 2652 973 2724; x_wconf 85' lang='lat' dir='ltr'>vocabulo</span> <span class='ocrx_word' id='word_1_137' title='bbox 1003 2655 1323 2727; x_wconf 86' lang='lat' dir='ltr'>molliore</span> <span class='ocrx_word' id='word_1_138' title='bbox 1351 2655 1607 2726; x_wconf 77' lang='lat' dir='ltr'>lenitiS.</span> <span class='ocrx_word' id='word_1_139' title='bbox 1641 2658 1785 2726; x_wconf 86' lang='lat' dir='ltr'>Nos</span> <span class='ocrx_word' id='word_1_140' title='bbox 1812 2680 1941 2726; x_wconf 89' lang='lat' dir='ltr'>nec</span> <span class='ocrx_word' id='word_1_141' title='bbox 1972 2652 2210 2726; x_wconf 86' lang='lat' dir='ltr'>felices</span> <span class='ocrx_word' id='word_1_142' title='bbox 2240 2650 2416 2724; x_wconf 84' lang='lat' dir='ltr'>faci-</span> 
     </span>
     <span class='ocr_line' id='line_1_20' title="bbox 316 2762 2416 2868; baseline 0.002 -36"><span class='ocrx_word' id='word_1_143' title='bbox 316 2788 453 2834; x_wconf 88' lang='lat' dir='ltr'>nus</span> <span class='ocrx_word' id='word_1_144' title='bbox 484 2762 669 2835; x_wconf 82' lang='lat' dir='ltr'>istud</span> <span class='ocrx_word' id='word_1_145' title='bbox 690 2793 1064 2864; x_wconf 85' lang='lat' dir='ltr'>possumus</span> <span class='ocrx_word' id='word_1_146' title='bbox 1093 2770 1454 2868; x_wconf 83' lang='lat' dir='ltr'>concipere</span> <span class='ocrx_word' id='word_1_147' title='bbox 1473 2825 1491 2858; x_wconf 87' lang='lat'>‚</span> <span class='ocrx_word' id='word_1_148' title='bbox 1525 2795 1656 2840; x_wconf 89' lang='lat' dir='ltr'>nec</span> <span class='ocrx_word' id='word_1_149' title='bbox 1686 2769 1918 2839; x_wconf 86' lang='lat' dir='ltr'>miseri</span> <span class='ocrx_word' id='word_1_150' title='bbox 1947 2795 1960 2838; x_wconf 94' lang='lat'>:</span> <span class='ocrx_word' id='word_1_151' title='bbox 1999 2795 2144 2840; x_wconf 89' lang='lat' dir='ltr'>non</span> <span class='ocrx_word' id='word_1_152' title='bbox 2179 2792 2416 2866; x_wconf 87' lang='lat' dir='ltr'>perve-</span> 
     </span>
     <span class='ocr_line' id='line_1_21' title="bbox 313 2874 2412 2954; baseline 0.003 -10"><span class='ocrx_word' id='word_1_153' title='bbox 313 2874 524 2947; x_wconf 89' lang='lat' dir='ltr'>niunt</span> <span class='ocrx_word' id='word_1_154' title='bbox 561 2879 651 2949; x_wconf 89' lang='lat' dir='ltr'>ad</span> <span class='ocrx_word' id='word_1_155' title='bbox 686 2881 882 2952; x_wconf 82' lang='lat' dir='ltr'>nefas</span> <span class='ocrx_word' id='word_1_156' title='bbox 914 2880 1099 2953; x_wconf 88' lang='lat' dir='ltr'>istud</span> <span class='ocrx_word' id='word_1_157' title='bbox 1137 2908 1267 2954; x_wconf 91' lang='lat' dir='ltr'>nec</span> <span class='ocrx_word' id='word_1_158' title='bbox 1299 2882 1774 2954; x_wconf 79' lang='lat' dir='ltr'>necessitates:</span> <span class='ocrx_word' id='word_1_159' title='bbox 1815 2882 2050 2953; x_wconf 90' lang='lat' dir='ltr'>omnis</span> <span class='ocrx_word' id='word_1_160' title='bbox 2092 2882 2258 2952; x_wconf 87' lang='lat' dir='ltr'>citra</span> <span class='ocrx_word' id='word_1_161' title='bbox 2294 2881 2412 2951; x_wconf 87' lang='lat' dir='ltr'>de-</span> 
     </span>
     <span class='ocr_line' id='line_1_22' title="bbox 314 2991 2414 3096; baseline 0.003 -37"><span class='ocrx_word' id='word_1_162' title='bbox 314 2991 779 3087; x_wconf 84' lang='lat' dir='ltr'>sperationem</span> <span class='ocrx_word' id='word_1_163' title='bbox 817 2994 1037 3085; x_wconf 84' lang='lat' dir='ltr'>dolor,</span> <span class='ocrx_word' id='word_1_164' title='bbox 1071 2996 1176 3068; x_wconf 88' lang='lat' dir='ltr'>ira</span> <span class='ocrx_word' id='word_1_165' title='bbox 1207 2996 1618 3096; x_wconf 79' lang='lat' dir='ltr'>languescit.</span> <span class='ocrx_word' id='word_1_166' title='bbox 1653 2999 1740 3069; x_wconf 92' lang='lat' dir='ltr'>Et</span> <span class='ocrx_word' id='word_1_167' title='bbox 1771 3016 2069 3094; x_wconf 81' lang='lat' dir='ltr'>quanto,</span> <span class='ocrx_word' id='word_1_168' title='bbox 2106 2994 2205 3066; x_wconf 90' lang='lat' dir='ltr'>dii</span> <span class='ocrx_word' id='word_1_169' title='bbox 2240 2994 2414 3066; x_wconf 81' lang='lat' dir='ltr'>deae·</span> 
     </span>
     <span class='ocr_line' id='line_1_23' title="bbox 314 3106 2408 3209; baseline 0.003 -33"><span class='ocrx_word' id='word_1_170' title='bbox 314 3131 448 3203; x_wconf 92' lang='lat' dir='ltr'>que</span> <span class='ocrx_word' id='word_1_171' title='bbox 472 3107 484 3177; x_wconf 92' lang='lat'><strong>!</strong></span> <span class='ocrx_word' id='word_1_172' title='bbox 509 3106 866 3182; x_wconf 87' lang='lat' dir='ltr'>difficilius</span> <span class='ocrx_word' id='word_1_173' title='bbox 878 3167 898 3199; x_wconf 88' lang='lat'>,</span> <span class='ocrx_word' id='word_1_174' title='bbox 915 3110 972 3183; x_wconf 89' lang='lat' dir='ltr'>si</span> <span class='ocrx_word' id='word_1_175' title='bbox 989 3133 1378 3209; x_wconf 83' lang='lat' dir='ltr'>patraretur</span> <span class='ocrx_word' id='word_1_176' title='bbox 1397 3112 1545 3185; x_wconf 89' lang='lat' dir='ltr'>sine</span> <span class='ocrx_word' id='word_1_177' title='bbox 1563 3112 1835 3186; x_wconf 86' lang='lat' dir='ltr'>conscio</span> <span class='ocrx_word' id='word_1_178' title='bbox 1850 3166 1870 3200; x_wconf 86' lang='lat'>,</span> <span class='ocrx_word' id='word_1_179' title='bbox 1891 3111 2038 3183; x_wconf 90' lang='lat' dir='ltr'>sine</span> <span class='ocrx_word' id='word_1_180' title='bbox 2052 3109 2408 3199; x_wconf 83' lang='lat' dir='ltr'>ministro,</span> 
     </span>
     <span class='ocr_line' id='line_1_24' title="bbox 311 3221 2412 3328; baseline 0.001 -38"><span class='ocrx_word' id='word_1_181' title='bbox 311 3239 677 3321; x_wconf 86' lang='lat' dir='ltr'>totumque</span> <span class='ocrx_word' id='word_1_182' title='bbox 716 3225 987 3297; x_wconf 82' lang='lat' dir='ltr'>facinus</span> <span class='ocrx_word' id='word_1_183' title='bbox 1029 3247 1101 3298; x_wconf 90' lang='lat' dir='ltr'>et</span> <span class='ocrx_word' id='word_1_184' title='bbox 1145 3228 1467 3300; x_wconf 90' lang='lat' dir='ltr'>animum</span> <span class='ocrx_word' id='word_1_185' title='bbox 1517 3229 1647 3300; x_wconf 86' lang='lat' dir='ltr'>filii</span> <span class='ocrx_word' id='word_1_186' title='bbox 1693 3248 1963 3328; x_wconf 86' lang='lat' dir='ltr'>poscat,</span> <span class='ocrx_word' id='word_1_187' title='bbox 2004 3247 2073 3298; x_wconf 88' lang='lat' dir='ltr'>et</span> <span class='ocrx_word' id='word_1_188' title='bbox 2118 3221 2412 3296; x_wconf 86' lang='lat' dir='ltr'>manus?</span> 
     </span>
     <span class='ocr_line' id='line_1_25' title="bbox 311 3336 2407 3442; baseline 0.006 -38"><span class='ocrx_word' id='word_1_189' title='bbox 311 3336 673 3408; x_wconf 89' lang='lat' dir='ltr'>Memento</span> <span class='ocrx_word' id='word_1_190' title='bbox 697 3341 897 3441; x_wconf 86' lang='lat' dir='ltr'>cujus</span> <span class='ocrx_word' id='word_1_191' title='bbox 922 3341 1205 3442; x_wconf 90' lang='lat' dir='ltr'>objicias</span> <span class='ocrx_word' id='word_1_192' title='bbox 1231 3344 1688 3417; x_wconf 86' lang='lat' dir='ltr'>immanitatis</span> <span class='ocrx_word' id='word_1_193' title='bbox 1712 3344 2072 3416; x_wconf 86' lang='lat' dir='ltr'>horrorem</span> <span class='ocrx_word' id='word_1_194' title='bbox 2090 3398 2109 3432; x_wconf 90' lang='lat'>‚</span> <span class='ocrx_word' id='word_1_195' title='bbox 2141 3359 2407 3438; x_wconf 86' lang='lat' dir='ltr'>patrem</span> 
     </span>
    </p>
   </div>
   <div class='ocr_carea' id='block_1_3' title="bbox 313 3494 2409 3893">
    <p class='ocr_par' dir='ltr' id='par_1_4' title="bbox 313 3494 2409 3893">
     <span class='ocr_line' id='line_1_26' title="bbox 395 3494 2409 3557; baseline 0 -14"><span class='ocrx_word' id='word_1_196' title='bbox 395 3494 597 3546; x_wconf 82' lang='lat' dir='ltr'>1.Tam</span> <span class='ocrx_word' id='word_1_197' title='bbox 631 3497 941 3552; x_wconf 76' lang='lat' dir='ltr'>notabiliter.</span> <span class='ocrx_word' id='word_1_198' title='bbox 972 3498 1106 3551; x_wconf 85' lang='lat' dir='ltr'>Tam</span> <span class='ocrx_word' id='word_1_199' title='bbox 1133 3501 1319 3554; x_wconf 81' lang='lat' dir='ltr'>nobili·</span> <span class='ocrx_word' id='word_1_200' title='bbox 1470 3502 1520 3554; x_wconf 82' lang='lat'>3.</span> <span class='ocrx_word' id='word_1_201' title='bbox 1539 3503 1643 3557; x_wconf 83' lang='lat' dir='ltr'>Vos</span> <span class='ocrx_word' id='word_1_202' title='bbox 1656 3500 1846 3555; x_wconf 79' lang='lat' dir='ltr'>adhuc.</span> <span class='ocrx_word' id='word_1_203' title='bbox 1868 3496 2006 3551; x_wconf 79' lang='lat' dir='ltr'>Illud</span> <span class='ocrx_word' id='word_1_204' title='bbox 2019 3494 2409 3549; x_wconf 75' lang='lat' dir='ltr'>adhucincom-</span> 
     </span>
     <span class='ocr_line' id='line_1_27' title="bbox 313 3572 2405 3646; baseline 0 -18"><span class='ocrx_word' id='word_1_205' title='bbox 313 3583 402 3623; x_wconf 77' lang='lat' dir='ltr'>ter</span> <span class='ocrx_word' id='word_1_206' title='bbox 421 3572 573 3626; x_wconf 81' lang='lat' dir='ltr'>Voss.</span> <span class='ocrx_word' id='word_1_207' title='bbox 595 3593 699 3627; x_wconf 84' lang='lat' dir='ltr'>sec.</span> <span class='ocrx_word' id='word_1_208' title='bbox 720 3579 881 3629; x_wconf 86' lang='lat' dir='ltr'>Forte</span> <span class='ocrx_word' id='word_1_209' title='bbox 899 3580 1123 3631; x_wconf 83' lang='lat' dir='ltr'>rectius.</span> <span class='ocrx_word' id='word_1_210' title='bbox 1145 3579 1318 3632; x_wconf 81' lang='lat' dir='ltr'>tribus</span> <span class='ocrx_word' id='word_1_211' title='bbox 1398 3583 1621 3636; x_wconf 82' lang='lat' dir='ltr'>modum</span> <span class='ocrx_word' id='word_1_212' title='bbox 1663 3598 1774 3646; x_wconf 78' lang='lat' dir='ltr'>est3</span> <span class='ocrx_word' id='word_1_213' title='bbox 1812 3595 1990 3635; x_wconf 79' lang='lat' dir='ltr'>autem</span> <span class='ocrx_word' id='word_1_214' title='bbox 2037 3577 2405 3632; x_wconf 85' lang='lat' dir='ltr'>commodius.</span> 
     </span>
     <span class='ocr_line' id='line_1_28' title="bbox 313 3653 2405 3734; baseline 0.006 -32"><span class='ocrx_word' id='word_1_215' title='bbox 313 3654 450 3703; x_wconf 87' lang='lat' dir='ltr'>enim</span> <span class='ocrx_word' id='word_1_216' title='bbox 472 3653 687 3723; x_wconf 83' lang='lat' dir='ltr'>judiciis</span> <span class='ocrx_word' id='word_1_217' title='bbox 710 3658 1048 3710; x_wconf 83' lang='lat' dir='ltr'>nobilitatum</span> <span class='ocrx_word' id='word_1_218' title='bbox 1073 3675 1183 3713; x_wconf 86' lang='lat' dir='ltr'>erat</span> <span class='ocrx_word' id='word_1_219' title='bbox 1209 3661 1314 3714; x_wconf 87' lang='lat' dir='ltr'>hoc</span> <span class='ocrx_word' id='word_1_220' title='bbox 1395 3661 1524 3734; x_wconf 85' lang='lat' dir='ltr'>quid</span> <span class='ocrx_word' id='word_1_221' title='bbox 1547 3663 1626 3730; x_wconf 83' lang='lat' dir='ltr'>si,</span> <span class='ocrx_word' id='word_1_222' title='bbox 1651 3661 1906 3714; x_wconf 78' lang='lat' dir='ltr'>audacter</span> <span class='ocrx_word' id='word_1_223' title='bbox 1923 3675 2099 3713; x_wconf 87' lang='lat' dir='ltr'>tamen</span> <span class='ocrx_word' id='word_1_224' title='bbox 2121 3661 2280 3723; x_wconf 83' lang='lat' dir='ltr'>satis,</span> <span class='ocrx_word' id='word_1_225' title='bbox 2300 3657 2357 3712; x_wconf 83' lang='lat' dir='ltr'><em>V</em></span> <span class='ocrx_word' id='word_1_226' title='bbox 2350 3677 2405 3714; x_wconf 77' lang='lat' dir='ltr'>os</span> 
     </span>
     <span class='ocr_line' id='line_1_29' title="bbox 314 3729 2406 3815; baseline 0.005 -34"><span class='ocrx_word' id='word_1_227' title='bbox 314 3729 511 3782; x_wconf 87' lang='lat' dir='ltr'>odium.</span> <span class='ocrx_word' id='word_1_228' title='bbox 529 3734 823 3789; x_wconf 86' lang='lat' dir='ltr'>Retinenda</span> <span class='ocrx_word' id='word_1_229' title='bbox 842 3753 920 3789; x_wconf 84' lang='lat' dir='ltr'>est</span> <span class='ocrx_word' id='word_1_230' title='bbox 941 3741 1158 3791; x_wconf 86' lang='lat' dir='ltr'>omnino</span> <span class='ocrx_word' id='word_1_231' title='bbox 1174 3739 1314 3810; x_wconf 78' lang='lat' dir='ltr'>vulg.</span> <span class='ocrx_word' id='word_1_232' title='bbox 1392 3743 1646 3796; x_wconf 80' lang='lat' dir='ltr'>adducit&#39;</span> <span class='ocrx_word' id='word_1_233' title='bbox 1626 3763 1682 3796; x_wconf 81' lang='lat' dir='ltr'>m</span> <span class='ocrx_word' id='word_1_234' title='bbox 1709 3762 1946 3815; x_wconf 79' lang='lat' dir='ltr'>suprema</span> <span class='ocrx_word' id='word_1_235' title='bbox 1970 3752 2172 3808; x_wconf 80' lang='lat' dir='ltr'>nostra,</span> <span class='ocrx_word' id='word_1_236' title='bbox 2198 3751 2249 3792; x_wconf 84' lang='lat' dir='ltr'>et</span> <span class='ocrx_word' id='word_1_237' title='bbox 2265 3758 2406 3812; x_wconf 85' lang='lat' dir='ltr'>proe-</span> 
     </span>
     <span class='ocr_line' id='line_1_30' title="bbox 314 3810 2406 3893; baseline 0.004 -31"><span class='ocrx_word' id='word_1_238' title='bbox 314 3810 514 3880; x_wconf 88' lang='lat' dir='ltr'>quippe</span> <span class='ocrx_word' id='word_1_239' title='bbox 536 3811 668 3864; x_wconf 87' lang='lat' dir='ltr'>dura</span> <span class='ocrx_word' id='word_1_240' title='bbox 692 3828 745 3866; x_wconf 92' lang='lat' dir='ltr'>et</span> <span class='ocrx_word' id='word_1_241' title='bbox 767 3830 987 3884; x_wconf 83' lang='lat' dir='ltr'>coacta,</span> <span class='ocrx_word' id='word_1_242' title='bbox 1017 3821 1060 3871; x_wconf 85' lang='lat' dir='ltr'>si</span> <span class='ocrx_word' id='word_1_243' title='bbox 1085 3838 1192 3871; x_wconf 88' lang='lat' dir='ltr'>non</span> <span class='ocrx_word' id='word_1_244' title='bbox 1218 3819 1314 3871; x_wconf 83' lang='lat' dir='ltr'>ab·</span> <span class='ocrx_word' id='word_1_245' title='bbox 1392 3823 1575 3893; x_wconf 81' lang='lat' dir='ltr'>cipitat</span> <span class='ocrx_word' id='word_1_246' title='bbox 1593 3823 1887 3875; x_wconf 78' lang='lat' dir='ltr'>auctoritas.</span> <span class='ocrx_word' id='word_1_247' title='bbox 1911 3821 2205 3873; x_wconf 78' lang='lat' dir='ltr'>Auctoritas</span> <span class='ocrx_word' id='word_1_248' title='bbox 2222 3831 2302 3872; x_wconf 85' lang='lat' dir='ltr'>est</span> <span class='ocrx_word' id='word_1_249' title='bbox 2313 3822 2406 3889; x_wconf 81' lang='lat' dir='ltr'>jus</span> 
     </span>
    </p>
   </div>
   <div class='ocr_carea' id='block_1_4' title="bbox 309 3889 2406 4041">
    <p class='ocr_par' dir='ltr' id='par_1_5' title="bbox 309 3889 2406 4041">
     <span class='ocr_line' id='line_1_31' title="bbox 313 3889 2406 3973; baseline 0.005 -33"><span class='ocrx_word' id='word_1_250' title='bbox 313 3889 504 3954; x_wconf 80' lang='lat' dir='ltr'>surda,</span> <span class='ocrx_word' id='word_1_251' title='bbox 526 3890 733 3943; x_wconf 83' lang='lat' dir='ltr'>videtur</span> <span class='ocrx_word' id='word_1_252' title='bbox 763 3893 875 3946; x_wconf 64' lang='lat' dir='ltr'>hee</span> <span class='ocrx_word' id='word_1_253' title='bbox 912 3896 1019 3948; x_wconf 80' lang='lat' dir='ltr'>odii</span> <span class='ocrx_word' id='word_1_254' title='bbox 1051 3898 1316 3951; x_wconf 75' lang='lat' dir='ltr'>nobilitati</span> <span class='ocrx_word' id='word_1_255' title='bbox 1390 3902 2141 3973; x_wconf 66' lang='lat' dir='ltr'>patrioepotestatis.Supv-ema</span> <span class='ocrx_word' id='word_1_256' title='bbox 2153 3911 2406 3964; x_wconf 87' lang='lat' dir='ltr'>estmors,</span> 
     </span>
     <span class='ocr_line' id='line_1_32' title="bbox 309 3972 2404 4041; baseline 0.005 -24"><span class='ocrx_word' id='word_1_257' title='bbox 309 3972 585 4021; x_wconf 80' lang='lat' dir='ltr'>sententia.</span> <span class='ocrx_word' id='word_1_258' title='bbox 611 3972 704 4021; x_wconf 80' lang='lat' dir='ltr'>En.</span> <span class='ocrx_word' id='word_1_259' title='bbox 1397 3978 1668 4030; x_wconf 78' lang='lat' dir='ltr'>abdicatio</span> <span class='ocrx_word' id='word_1_260' title='bbox 1701 3993 1753 4031; x_wconf 89' lang='lat' dir='ltr'>et</span> <span class='ocrx_word' id='word_1_261' title='bbox 1789 3979 1993 4032; x_wconf 76' lang='lat' dir='ltr'>similia.</span> <span class='ocrx_word' id='word_1_262' title='bbox 2030 3975 2125 4028; x_wconf 83' lang='lat' dir='ltr'>Vel</span> <span class='ocrx_word' id='word_1_263' title='bbox 2159 3977 2229 4027; x_wconf 79' lang='lat' dir='ltr'>ad</span> <span class='ocrx_word' id='word_1_264' title='bbox 2262 3976 2404 4041; x_wconf 75' lang='lat' dir='ltr'>hoec,</span> 
     </span>
    </p>
   </div>
   <div class='ocr_carea' id='block_1_5' title="bbox 308 4049 2405 4364">
    <p class='ocr_par' dir='ltr' id='par_1_6' title="bbox 308 4049 2405 4364">
     <span class='ocr_line' id='line_1_33' title="bbox 382 4049 2404 4128; baseline 0.003 -29"><span class='ocrx_word' id='word_1_265' title='bbox 382 4065 432 4099; x_wconf 71' lang='grc' dir='ltr'>α.</span> <span class='ocrx_word' id='word_1_266' title='bbox 456 4049 580 4100; x_wconf 79' lang='lat' dir='ltr'>Non</span> <span class='ocrx_word' id='word_1_267' title='bbox 620 4049 777 4102; x_wconf 75' lang='lat' dir='ltr'>habeo</span> <span class='ocrx_word' id='word_1_268' title='bbox 810 4069 908 4103; x_wconf 77' lang='lat' dir='ltr'>cur</span> <span class='ocrx_word' id='word_1_269' title='bbox 937 4051 1094 4106; x_wconf 75' lang='lat' dir='ltr'>velim</span> <span class='ocrx_word' id='word_1_270' title='bbox 1133 4056 1311 4122; x_wconf 75' lang='lat' dir='ltr'>redire,</span> <span class='ocrx_word' id='word_1_271' title='bbox 1393 4057 1449 4109; x_wconf 86' lang='lat' dir='ltr'>id</span> <span class='ocrx_word' id='word_1_272' title='bbox 1472 4072 1581 4124; x_wconf 84' lang='lat' dir='ltr'>est,</span> <span class='ocrx_word' id='word_1_273' title='bbox 1606 4071 1793 4128; x_wconf 66' lang='lat' dir='ltr'>prater</span> <span class='ocrx_word' id='word_1_274' title='bbox 1813 4074 2028 4122; x_wconf 70' lang='lat' dir='ltr'>causas,</span> <span class='ocrx_word' id='word_1_275' title='bbox 2050 4055 2245 4127; x_wconf 82' lang='lat' dir='ltr'>quibus</span> <span class='ocrx_word' id='word_1_276' title='bbox 2269 4055 2404 4106; x_wconf 82' lang='lat' dir='ltr'>filio-</span> 
     </span>
     <span class='ocr_line' id='line_1_34' title="bbox 308 4127 2405 4211; baseline 0.003 -32"><span class='ocrx_word' id='word_1_277' title='bbox 308 4127 354 4179; x_wconf 73' lang='lat' dir='ltr'>si</span> <span class='ocrx_word' id='word_1_278' title='bbox 380 4147 486 4181; x_wconf 80' lang='lat' dir='ltr'>non</span> <span class='ocrx_word' id='word_1_279' title='bbox 516 4148 680 4182; x_wconf 81' lang='lat' dir='ltr'>amor.</span> <span class='ocrx_word' id='word_1_280' title='bbox 725 4132 919 4199; x_wconf 78' lang='lat' dir='ltr'>humo,</span> <span class='ocrx_word' id='word_1_281' title='bbox 953 4135 998 4186; x_wconf 82' lang='lat' dir='ltr'>si</span> <span class='ocrx_word' id='word_1_282' title='bbox 1030 4155 1136 4189; x_wconf 77' lang='lat' dir='ltr'>non</span> <span class='ocrx_word' id='word_1_283' title='bbox 1171 4157 1313 4190; x_wconf 83' lang='lat' dir='ltr'>amo.</span> <span class='ocrx_word' id='word_1_284' title='bbox 1393 4158 1513 4191; x_wconf 81' lang='lat' dir='ltr'>mm</span> <span class='ocrx_word' id='word_1_285' title='bbox 1539 4142 1591 4190; x_wconf 86' lang='lat' dir='ltr'>iu</span> <span class='ocrx_word' id='word_1_286' title='bbox 1626 4157 1812 4192; x_wconf 82' lang='lat' dir='ltr'>necem</span> <span class='ocrx_word' id='word_1_287' title='bbox 1842 4150 2090 4211; x_wconf 78' lang='lat' dir='ltr'>parentes</span> <span class='ocrx_word' id='word_1_288' title='bbox 2120 4148 2405 4201; x_wconf 80' lang='lat' dir='ltr'>armentur,</span> 
     </span>
     <span class='ocr_line' id='line_1_35' title="bbox 309 4211 2404 4291; baseline 0.003 -29"><span class='ocrx_word' id='word_1_289' title='bbox 309 4211 431 4263; x_wconf 84' lang='lat' dir='ltr'>Sese</span> <span class='ocrx_word' id='word_1_290' title='bbox 442 4214 583 4263; x_wconf 86' lang='lat' dir='ltr'>enim</span> <span class='ocrx_word' id='word_1_291' title='bbox 595 4212 797 4266; x_wconf 82' lang='lat' dir='ltr'>bonum</span> <span class='ocrx_word' id='word_1_292' title='bbox 811 4214 980 4268; x_wconf 80' lang='lat' dir='ltr'>filium</span> <span class='ocrx_word' id='word_1_293' title='bbox 991 4217 1320 4291; x_wconf 55' lang='lat' dir='ltr'>faeiuwam·</span> <span class='ocrx_word' id='word_1_294' title='bbox 1392 4220 1545 4274; x_wconf 79' lang='lat' dir='ltr'>vobis</span> <span class='ocrx_word' id='word_1_295' title='bbox 1564 4234 1642 4273; x_wconf 85' lang='lat' dir='ltr'>est</span> <span class='ocrx_word' id='word_1_296' title='bbox 1664 4222 1910 4275; x_wconf 67' lang='lat' dir='ltr'>atrocitas</span> <span class='ocrx_word' id='word_1_297' title='bbox 1935 4233 1989 4274; x_wconf 86' lang='lat' dir='ltr'>et</span> <span class='ocrx_word' id='word_1_298' title='bbox 2006 4218 2206 4284; x_wconf 79' lang='lat' dir='ltr'>abusus</span> <span class='ocrx_word' id='word_1_299' title='bbox 2222 4230 2404 4289; x_wconf 85' lang='lat' dir='ltr'>potes-</span> 
     </span>
     <span class='ocr_line' id='line_1_36' title="bbox 309 4290 1782 4364; baseline 0.01 -24"><span class='ocrx_word' id='word_1_300' title='bbox 309 4290 384 4342; x_wconf 83' lang='lat' dir='ltr'>vis</span> <span class='ocrx_word' id='word_1_301' title='bbox 409 4290 528 4343; x_wconf 88' lang='lat' dir='ltr'>mali</span> <span class='ocrx_word' id='word_1_302' title='bbox 552 4295 733 4364; x_wconf 77' lang='lat' dir='ltr'>patris.</span> <span class='ocrx_word' id='word_1_303' title='bbox 751 4293 984 4348; x_wconf 69' lang='lat' dir='ltr'>Gnosov.</span> <span class='ocrx_word' id='word_1_304' title='bbox 1394 4303 1530 4353; x_wconf 80' lang='lat' dir='ltr'>tatis.</span> <span class='ocrx_word' id='word_1_305' title='bbox 1558 4303 1782 4353; x_wconf 67' lang='lat' dir='ltr'>Senon.</span> 
     </span>
    </p>
   </div>
  </div>
 </body>
</html>
