3200 5117
1041 613 1555 686 EXCERPTA.
2210 625 2328 704 451

268 742 435 836 bus,
480 774 593 818 me
630 745 902 847 judice,
951 745 1154 817 rebus
1195 744 1619 843 praeferenda
1658 765 1723 815 et
1762 745 2062 818 tenenda
2103 767 2220 819 est,
2245 792 2340 802 —

271 859 375 931 M.
412 861 480 933 Si
510 861 838 933 omnibus
873 882 937 933 et
969 861 1043 932 in
1077 887 1360 931 omnes:
1397 859 1563 930 hinc
1597 858 1866 949 liberis,
1908 871 1974 932 e't
2000 863 2343 961 praecipue

273 975 347 1045 in
378 998 713 1074 parentes.
733 979 927 1047 -E
959 974 1457 1048 Admirabilior
1484 993 1585 1046 est
1614 975 1888 1066 caritas,
1916 976 1989 1046 in
2022 1003 2161 1075 qua
2191 1004 2350 1075 pro-

274 1091 441 1190 priis
486 1094 755 1164 coimus
807 1093 1066 1163 viribus
1096 1120 1109 1163 :
1160 1112 1417 1188 quanto
1461 1091 1697 1164 minus
1745 1091 1818 1163 in
1866 1119 2070 1163 causa
2095 1152 2114 1183 ,
2164 1114 2350 1167 tanto

277 1206 494 1303 magis
520 1206 591 1276 in
614 1207 864 1277 affectu
886 1220 903 1250 ¹
931 1227 1050 1277 est.
1072 1206 1311 1278 Minus
1336 1205 1400 1276 ei
1429 1203 1747 1295 debetur,
1773 1206 1894 1304 qui
1918 1226 2138 1297 amat,
2164 1208 2357 1304 quod

279 1346 551 1391 necesse
573 1322 892 1392 est.—M.
928 1320 1250 1391 Amicitia
1279 1341 1493 1393 vestra
1519 1321 1677 1391 satis
1701 1321 2036 1394 hactenus
2068 1324 2363 1421 probata

283 1457 400 1507 est.
423 1480 519 1490 -
537 1435 617 1508 F.
651 1438 912 1510 Caetera
943 1431 1249 1510 laudavit
1271 1435 1680 1537 prosperitas
1706 1464 1721 1507 ε
1763 1464 1982 1529 nunc,
2024 1464 2214 1509 nunc
2235 1465 2361 1511 nos

283 1552 430 1650 ipsa
459 1552 765 1623 amicitia
803 1571 1016 1624 tentat
1048 1579 1063 1623 ε
1100 1552 1158 1623 si
1204 1552 1352 1624 vitae
1408 1551 1651 1623 omnia
1684 1550 2007 1652 jucunda
2052 1572 2361 1650 praest8S‚

284 1664 548 1738 amicus
594 1665 810 1737 otiosa
850 1689 956 1737 res
987 1683 1104 1737 est.
1140 1703 1237 1720 ·--·
1267 1668 1370 1737 M.
1411 1665 2013 1764 Quandoquidem
2060 1666 2168 1737 his
2217 1693 2364 1740 non

285 1808 437 1879 ago,
461 1808 587 1879 ego
607 1801 671 1852 te
692 1782 839 1879 lege
861 1781 1337 1853 detineo.—F.
1364 1782 1670 1853 Pessima
1685 1838 1703 1870 ,
1726 1801 1947 1879 patres
1969 1781 2369 1881 conscripti,

288 1894 522 1964 matris
552 1921 753 1966 causa
778 1915 873 1966 est
889 1953 908 1985 ,
945 1895 1016 1965 in
1045 1922 1186 1991 qua
1209 1894 1314 1966 lex
1337 1895 1725 1993 plurimum
1747 1916 1989 1993 potest.
2011 1939 2107 1949 --
2128 1898 2230 1967 M.
2254 1895 2373 1966 Li-

287 2008 435 2078 beri
457 2030 769 2107 parentes
795 2010 868 2080 in
894 2010 1279 2082 calamitate
1309 2035 1453 2083 non
1484 2009 1821 2082 deserant.
1843 2052 1940 2065 —-
1962 2009 2042 2081 F.
2074 2010 2371 2081 Facinus

292 2144 389 2196 est
421 2124 553 2196 hoc
596 2125 866 2198 homini
903 2145 1166 2198 reverso
1201 2123 1363 2198 dici.
1385 2121 1605 2198 -Μ,
1652 2125 1807 2198 Suis
1840 2143 2133 2198 matrem
2166 2123 2378 2196 relin-

291 2263 500 2337 quere
521 2242 786 2312 facinus
809 2239 1106 2313 εει-47.
1131 2245 1335 2315 Recte
1368 2270 1493 2342 pro
1520 2242 1873 2341 symboliS‚
1897 2269 2020 2341 pro
2038 2241 2278 2332 lucris,
2302 2262 2378 2312 ut

291 2351 562 2424 facinus
590 2354 718 2426 sit:
757 2354 990 2427 relicta
1022 2376 1238 2428 mater
1265 2356 1728 2428 causamfacit
1756 2353 2228 2454 relinquendae
2255 2383 2269 2425 :
2303 2376 2380 2426 tu

295 2466 507 2565 igitur
525 2468 674 2539 vale·
700 2495 715 2538 ε
744 2495 872 2565 ego
895 2495 1037 2542 non
1069 2471 1386 2566 relinquo
1405 2529 1424 2559 ,
1451 2471 1569 2542 sed
1592 2470 1923 2541 remittor.
1944 2513 2042 2525 ——
2059 2470 2162 2540 M.
2184 2469 2377 2560 Quid

296 2579 548 2651 miser?
617 2580 976 2650 nullamne
1035 2581 1311 2651 timebis
1364 2581 1589 2677 legem
1616 2638 1635 2668 ,
1711 2603 1798 2651 ne
1859 2581 2249 2679 relinquar?
2283 2625 2379 2635 —-

297 2696 375 2765 F.
401 2677 682 2764 Nullam
705 2695 936 2764 timuit
954 2694 1220 2765 amicus
1238 2750 1256 2782 ‚
1284 2717 1372 2765 ne
1396 2693 2123 2789 relinqueretur.—M.
2147 2693 2377 2787 Quid,

300 2811 760 2910 perditissime
780 2868 799 2901 ‚
821 2811 876 2881 si
900 2811 973 2882 in
995 2807 1238 2883 itin'ere
1261 2807 1587 2909 perieris?
1606 2853 1703 2863 —
1726 2811 1803 2881 F.
1835 2811 2058 2883 Mater
2077 2811 2165 2883 ad
2186 2812 2373 2884 diem

302 2946 443 2998 eat:
476 2925 607 2998 hoe
644 2927 744 2998 illi
776 2926 1014 3018 debes,
1051 2927 1172 3023 qui
1208 2951 1319 2998 me
1354 2926 1479 2997 tibi
1511 2926 1796 2997 remisit.

379 3128 422 3164 ι.
447 3113 515 3164 In
537 3112 757 3185 affectu.
777 3113 844 3166 In
869 3112 1125 3186 affectum
1140 3148 1162 3179 ,
1182 3111 1330 3165 MSS.
1351 3112 1490 3164 forte
1504 3149 1523 3180 ‚
1546 3114 1602 3162 in
1623 3110 1834 3183 effectu.

2062 4424 2142 4475 29.
