3200 5117
784 540 907 625 298
1287 535 1380 598 Μ.
1427 533 1677 599 FABII
1722 533 2365 617 QUINTILIAM

783 684 1054 749 nectus,
1097 687 1350 758 magna
1399 687 1557 758 pars
1609 660 1883 746 mortis,
1928 657 2109 727 nihil
2151 656 2328 727 mihi
2371 658 2689 757 reliquit,
2725 662 2865 733 nisi

783 776 1217 874 diligentiam
1242 787 1287 843 ¹.

875 894 992 962 111.
1040 887 1645 986 Circumspicienti
1688 886 1877 983 quod
1916 887 2308 958 conveniret
2342 913 2517 985 opus
2556 889 2869 963 invalidae

779 1006 1143 1076 senectutis
1165 1026 1343 1075 curae
1358 1060 1378 1092 ‚
1397 1001 1834 1074 succurrebat
1850 1002 2044 1100 sequi
2071 1027 2319 1100 pecora
2336 1059 2355 1089 ,
2384 1002 2694 1101 foetuque
2722 1005 2869 1104 pla·

780 1120 916 1192 cidi
939 1120 1164 1218 gregis
1185 1137 1661 1217 paupertatem
1680 1116 1892 1187 tueri:
1920 1115 2038 1187 sed
2061 1142 2139 1187 ex
2156 1115 2349 1186 omni
2370 1137 2557 1213 parte
2580 1117 2866 1190 circum·

772 1237 996 1339 jectus
1026 1236 1253 1307 divitis
1277 1261 1438 1332 ager
1455 1235 1561 1304 vix
1585 1255 1867 1304 tenuem
1898 1232 1984 1303 ad
2007 1259 2271 1329 gressus
2291 1259 2479 1304 meos
2496 1247 2519 1276 ²
2550 1235 2865 1306 semitam

781 1355 1010 1427 dabat.
1026 1354 1220 1444 Quid
1241 1352 1514 1450 agimus
1529 1349 1595 1420 3?
1617 1351 1939 1447 inquam:
1958 1350 2272 1449 undique
2284 1349 2459 1421 vallo
2472 1350 2864 1423 divitiarum

781 1470 992 1542 clausi
1029 1494 1269 1541 sumus
1299 1495 1312 1536 ε
1350 1467 1513 1538 hinc
1544 1465 1805 1537 hortuli
1847 1463 2247 1564 locupletis,
2280 1463 2446 1535 hinc
2475 1491 2669 1554 arva,
2706 1464 2865 1537 inde

779 1586 1040 1674 vineta,
1074 1584 1240 1655 hinc
1278 1583 1524 1672 saltus,
1559 1581 1797 1654 nullus
1832 1602 2020 1651 terrae
2057 1580 2258 1651 datur
2290 1581 2529 1651 exitus.
2574 1581 2863 1670 Quaera-

783 1726 938 1771 mus
965 1697 1263 1786 animal,
1291 1696 1480 1794 quod
1513 1696 1734 1782 volet3
1766 1722 1932 1766 nam
1962 1695 2133 1791 quid
2165 1694 2415 1793 apibus
2448 1695 2709 1766 invenit
2739 1721 2868 1766 na·

781 1838 935 1887 tura
971 1813 1443 1915 praestantius?
1485 1840 1740 1914 parcae‚
1778 1813 2052 1901 fideles,
2086 1812 2476 1884 laboriosae:
2519 1838 2562 1883 o
2600 1811 2865 1884 animal

779 1931 1008 2003 simile
1037 1929 1490 2030 pauperibus!
1518 1932 1608 2001 Et
1630 1955 1793 2000 sane
1825 1927 2035 1999 dabat
2061 1926 2499 1998 occasionem
2529 1925 2703 1997 mihi
2732 1952 2866 2024 op-

780 2047 1158 2145 portunitas
1184 2045 1437 2118 bortuli
1459 2046 1597 2116 mei
1619 2077 1636 2134 ;
1660 2066 1758 2116 est
1777 2070 2084 2140 namque
2111 2043 2373 2143 positus
2390 2043 2476 2114 ad
2501 2063 2688 2115 ortus
2709 2043 2866 2115 solis

778 2162 1124 2253 hiber-nik,
1173 2164 1481 2262 apricus,
1533 2162 1860 2234 omnibus
1913 2161 2130 2232 ventis
2182 2159 2494 2232 medius:
2546 2161 2746 2232 fusus
2786 2187 2867 2232 ex

781 2279 1095 2376 proximo
1114 2280 1305 2350 fonte
1328 2279 1509 2350 rivus
1527 2276 1578 2367 ⁵,
1611 2277 2118 2374 trepidantibus
2147 2276 2327 2348 inter
2353 2276 2699 2348 radiantes
2721 2276 2865 2348 cal-

781 2393 970 2465 culos
994 2395 1194 2490 aquis
1213 2452 1231 2484 ,
1259 2397 1589 2491 utrinque
1612 2397 1760 2493 ripa
1784 2395 2038 2465 virente
2055 2392 2493 2494 praeterfluit:
2523 2394 2683 2466 satis
2705 2419 2866 2466 oon-

783 2506 895 2579 siti
927 2507 1128 2608 flores
1144 2566 1164 2597 ‚
1190 2529 1257 2579 et
1273 2507 1508 2580 viridis
1533 2508 1847 2606 quamvis
1877 2534 2257 2606 paucarum
2282 2508 2608 2579 arborum
2636 2534 2864 2598 coma,

780 2622 1222 2694 nascentibus
1264 2623 1540 2721 populis
1575 2624 1803 2721 prima
1830 2623 2056 2713 sedes,
2089 2622 2278 2694 unde
2313 2649 2439 2720 ego
2475 2624 2865 2718 frequenter

784 2758 1176 2808 consertum
1226 2764 1415 2809 novae
1455 2739 1841 2839 juventutis
1898 2766 2150 2838 agmen
2201 2764 2390 2811 ramo
2436 2757 2867 2836 gravescente

779 2852 1067 2951 suscepi.
1098 2855 1242 2924 Nec
1269 2880 1382 2925 me
1413 2876 1610 2927 tanta
1641 2854 1949 2954 capiebat
1976 2854 2326 2953 voluptas,
2361 2852 2549 2951 quod
2581 2852 2867 2925 fluentia

779 2964 949 3037 ceris
986 2965 1196 3037 mella
1223 2968 1629 3060 conderem,
1662 2969 1851 3066 quod
1877 2968 1964 3041 ad
1989 2967 2421 3041 sustinendas
2449 2965 2865 3066 paupertatis

781 3079 1131 3180 impensas
1161 3081 1547 3156 deferrem⁶
1581 3085 1656 3155 in
1696 3084 1975 3173 urbem,
2016 3084 2205 3182 quod
2241 3083 2480 3155 divites
2514 3099 2860 3170 emerent,

856 3302 899 3337 ι.
925 3287 1042 3339 Nisi
1077 3287 1421 3360 diliyentiam.
1457 3288 1517 3340 ld
1555 3302 1639 3362 est·
1666 3301 1781 3340 stu-

777 3363 922 3415 dium
958 3365 1163 3417 tuendoe
1199 3369 1276 3417 rei
1317 3366 1616 3432 familiaris,
1660 3366 1783 3417 licet

778 3445 977 3508 tenuis,
1002 3458 1054 3496 et
1077 3442 1324 3495 modice:
1347 3445 1467 3497 vide
1488 3445 1554 3497 ad
1567 3448 1778 3497 Petrou.

777 3539 895 3593 cup.
923 3522 1124 3575 LXVII.
1151 3525 1316 3575 Bm.

851 3620 899 3654 2.
933 3600 1042 3654 Vix
1071 3618 1276 3655 tenuem
1301 3606 1372 3656 ad
1394 3623 1588 3676 greum
1620 3624 1774 3658 meos.

779 3683 978 3750 Scribo,
993 3684 1062 3734 ad
1075 3702 1295 3755 eyn-ersus
1309 3704 1460 3738 meos.
1474 3687 1556 3738 sie
1570 3686 1776 3755 Tacite,

778 3765 1000 3820 duorum
1027 3782 1246 3838 egressus
1270 3766 1387 3818 soli.
1413 3769 1647 3819 Gnonov.

847 3845 898 3898 3.
930 3844 1068 3916 Quid
1097 3845 1334 3920 aqimus?
1353 3847 1598 3901 Pon-mula
1638 3850 1779 3902 solli—

778 3924 868 3975 citi
889 3936 940 3975 et
963 3925 1136 3997 inopis
1160 3924 1365 3978 consilii
1387 3923 1635 3980 bominis.

847 4002 898 4067 4.
925 4003 1160 4057 Adortus
1188 4003 1309 4057 solis
1328 4004 1544 4056 hiberni.
1563 4005 1641 4060 Ita
1658 4024 1783 4079 proe·

777 4082 905 4153 cipit
929 4095 980 4134 et
1002 4081 1298 4136 Columella
1321 4082 1414 4136 lib.
1440 4083 1514 4135 lx
1529 4124 1547 4152 ,
1568 4104 1687 4158 cap.
1716 4100 1745 4154 7
1766 4109 1780 4149 ς

777 4157 954 4213 alveo·
986 4159 1255 4214 collocari.
1296 4161 1434 4214 Illud
1467 4181 1594 4215 vero
1634 4163 1782 4236 quod

778 4242 1040 4310 sequitur,
1078 4240 1316 4292 omnibus
1359 4242 1522 4294 ventis
1554 4241 1779 4308 medina,

1860 3292 1944 3340 vix
1963 3289 2136 3360 capio.
2155 3288 2346 3341 Badius
2366 3287 2608 3360 exponit,
2623 3285 2690 3339 ad
2703 3302 2865 3358 quem

1860 3383 2083 3441 possunt
2108 3388 2292 3422 omnes
2309 3370 2453 3421 venti
2475 3366 2749 3433 accedam,
2772 3365 2865 3419 sed

1860 3450 2163 3519 temperati,
2192 3467 2301 3500 non
2334 3447 2656 3519 importuni,
2686 3459 2748 3497 ut
2778 3462 2864 3496 so·

1861 3529 1931 3582 let
1960 3531 2014 3581 iu
2038 3528 2372 3600 regionibus,
2396 3528 2490 3581 ubi
2517 3544 2655 3580 uuus
2678 3538 2864 3580 ventus

1860 3621 2058 3679 regnat.
2085 3606 2187 3659 Sed
2209 3625 2332 3658 eum
2354 3606 2542 3679 virgil.
2560 3606 2751 3676 Geor-g.
2776 3607 2863 3669 w,

1860 3690 1891 3742 8
1906 3711 1921 3751 ;
1937 3689 2087 3741 sedes
2104 3702 2153 3739 et
2174 3691 2457 3741 stationem
2473 3687 2584 3740 vult
2599 3687 2747 3759 poni,
2761 3703 2862 3759 quo

1862 3789 2029 3841 neque
2049 3771 2118 3821 sit
2138 3773 2301 3822 ventis
2322 3769 2507 3823 aditus.

1933 3849 1981 3901 5.
2008 3848 2170 3900 Fusus
2191 3865 2256 3898 ex
2273 3847 2513 3919 proximo
2526 3844 2686 3915 fonte
2708 3843 2857 3895 rivus.

1862 3940 1914 3981 et
1963 3928 2096 3995 hoc,
2147 3941 2206 3981 ut
2238 3928 2465 4001 plurima
2481 3966 2498 3994 .,
2557 3945 2618 3978 ex
2660 3923 2862 3996 Virgilii

1858 4006 2053 4078 (ὅροι-6.
2095 4009 2179 4074 w,
2223 4007 2316 4068 18;
2353 4021 2407 4059 et
2447 4005 2670 4057 aliorum
2705 4003 2861 4056 disei-

1859 4085 2025 4159 pliua.
2051 4087 2220 4138 Bunu.

1929 4164 1981 4216 6.
1992 4164 2261 4236 Deferrem
2270 4202 2282 4215 .
2292 4163 2579 4236 Differam.
2590 4163 2738 4213 Voss.
2750 4177 2859 4213 sec.

1861 4242 1934 4294 nil
1956 4255 2132 4294 muta:
2166 4256 2245 4295 est
2278 4243 2419 4294 euim
2440 4242 2719 4313 proprium
2742 4255 2865 4290 ver-
