3200 5117
788 544 1059 608 DECL.
1108 543 1298 607 XIV.
1347 543 1562 609 ODII
1612 543 1927 610 POTIO‘
1958 546 2008 608 Ῑ.
2076 557 2083 566 ’
2314 547 2439 613 325

364 665 593 764 grinas
622 662 1088 763 expeditiones
1116 663 1336 762 patria
1364 663 1698 753 dimittat,
1731 685 1798 736 te
1829 686 2063 736 tamen
2092 665 2445 764 cogitatio—

363 807 485 853 nes
514 806 1003 878 sermonesque
1030 778 1417 877 respicient.
1438 778 1635 867 Quid
1663 778 1966 869 interest,
1997 779 2445 879 quemadmo-

364 897 534 968 dum
559 895 942 997 possederis
963 895 1298 992 animum·
1318 894 1604 966 meum?
1637 895 2236 991 quemadmodum
2266 897 2444 969 mihi

362 1039 404 1084 a
425 1033 489 1084 te
509 1040 651 1085 non
680 1012 881 1083 liceat
903 1011 1119 1100 abire,
1142 1008 1532 1082 discedere?
1553 1010 1798 1101 fecisti,
1820 1033 1900 1084 ut
1917 1032 1981 1084 te
2004 1012 2271 1112 ubique
2292 1039 2448 1113 per-

364 1155 645 1227 sequar,
673 1148 748 1199 ut
771 1126 1271 1199 meis-fortassis
1295 1125 1623 1197 manibus
1649 1125 1973 1197 invadam
1990 1183 2010 1217 ,
2038 1126 2248 1199 velim
2283 1126 2446 1201 dare

363 1269 755 1316 venenum:
796 1241 919 1340 qui
957 1240 1389 1314 meretricem
1427 1240 1654 1312 odisse
1689 1267 1839 1312 non<
1864 1240 2150 1331 desinit,
2183 1262 2449 1314 amator

367 1375 484 1428 est.
521 1355 655 1427 Sed
690 1356 963 1446 infelix,
997 1355 1335 1428 misereris
1367 1355 1550 1427 mei:
1591 1354 1764 1452 quid
1798 1382 1957 1453 ergo
1991 1355 2274 1428 sanitate
2308 1376 2448 1427 tam

369 1470 632 1569 rigida?
666 1472 1004 1571 paulatim
1039 1472 1267 1572 potius
1302 1472 1563 1544 ratione
1607 1498 2009 1570 compesce,
2035 1472 2453 1545 misceantur

370 1586 654 1659 consilia
673 1645 690 1676 ,
720 1586 1075 1661 blanditiis
1100 1588 1339 1659 veritas
1359 1602 1377 1632 ¹
1408 1606 1866 1686 temperetur:
1897 1586 2155 1684 alioqui
2185 1613 2327 1658 non
2353 1607 2453 1659 est

371 1701 558 1801 quod
588 1702 858 1801 abigas,
889 1702 1078 1799 quod
1107 1702 1434 1801 expellas:
1465 1722 1864 1800 exasperant
1893 1701 2356 1793 necessitates,
2382 1722 2454 1773 et

373 1815 446 1886 in
480 1842 714 1887 amore
757 1817 1109 1889 contentio
1147 1842 1422 1914 semper
1454 1816 1788 1888 accendit.
1831 1815 2206 1916 Adjuvabit
2240 1837 2302 1887 te
2337 1814 2455 1886 in-

373 1929 574 2000 terim
605 1929 876 2002 lihertas
905 1932 1049 2031 ipsa
1067 1988 1088 2022 ,
1115 1958 1257 2029 qua
1284 1932 1511 2022 fruar,
1540 1953 1818 2031 tempus
1837 1989 1856 2021 ,
1883 1930 2188 2020 satietas,
2220 1951 2284 2001 et
2316 1930 2456 2001 for-

373 2065 546 2116 tasse
579 2067 841 2117 amator
867 2045 1042 2117 alius
1068 2046 1454 2118 admonens
1488 2045 1941 2118 conditionis:
1979 2044 2100 2117 sed
2131 2047 2308 2116 inter
2340 2072 2455 2116 os-

374 2159 567 2249 cula,
604 2159 785 2232 inter
811 2162 1204 2260 amplexus,
1235 2181 1708 2260 paupertatem
1727 2216 1747 2249 ,
1777 2187 1918 2231 non
1949 2181 2307 2257 tamquam
2338 2185 2456 2231 ex-

375 2272 681 2371 ploratis,
711 2272 828 2345 sed
860 2294 1246 2373 tamquam,
1281 2273 1672 2345 miserearis
1690 2332 1709 2362 ,
1736 2273 1997 2370 allega:
2023 2299 2454 2372 quamquam

376 2390 545 2487 quid
591 2417 765 2489 opus
815 2389 994 2462 fide?
1030 2390 1179 2463 sine
1229 2417 1447 2480 curer,
1490 2411 1566 2461 ut
1611 2389 1965 2479 desinam,
2010 2388 2065 2459 si
2115 2409 2457 2486 quantum

376 2504 722 2593 affirmas,
757 2503 1056 2575 invitum
1086 2503 1429 2576 misereris
1459 2529 1538 2573 ac
1573 2500 1824 2599 diligis.
1853 2502 2200 2574 Amatoris
2233 2529 2457 2574 unum

379 2617 766 2688 remedium
788 2636 909 2707 est,
933 2618 1147 2689 amari
1169 2618 1258 2689 :si
1281 2638 1515 2688 tamen
1535 2618 1989 2689 necessariam
2008 2638 2209 2717 putas
2231 2643 2461 2688 emen·

382 2732 775 2823 dationem,
814 2758 1027 2830 quam
1070 2731 1289 2802 multa
1327 2751 1490 2802 sunt
1528 2731 1917 2803 amantium
1956 2731 2260 2804 remedia
2296 2733 2465 2804 citra

380 2846 781 2922 venenum?
814 2846 1134 2936 exclude,
1171 2845 1477 2918 dimitte:
1520 2845 1880 2918 fastidium
1914 2867 2137 2944 posset
2153 2861 2207 2935 ²,
2246 2874 2463 2945 quan-

381 2985 533 3037 tum
576 2990 719 3037 non
761 2984 994 3064 posset
1038 2983 1350 3063 praestare
1388 2983 1795 3061 paupertas:
1834 2963 1941 3032 fac
1972 2981 2050 3032 ut
2089 2987 2202 3032 me
2236 2962 2465 3059 potius

386 3080 532 3178 ipse
566 3079 892 3179 castigem
914 3137 933 3169 ,
969 3098 1047 3151 ut
1074 3077 1509 3168 erubescam,
1544 3097 1624 3149 ut
1655 3074 2031 3176 aliquando
2064 3074 2461 3175 desperem:

387 3194 445 3263 is
460 3215 729 3266 tantum
748 3195 821 3266 in
837 3221 1070 3268 amore
1087 3213 1391 3283 sanatur,
1409 3191 1563 3291 qui,
1581 3190 1771 3288 quod
1786 3188 2044 3261 desinit
2056 3245 2076 3281 ,
2091 3187 2225 3260 sibi
2243 3187 2462 3259 debet.

487 3309 575 3377 X.
614 3311 846 3378 Homo
884 3309 1123 3405 igitur,
1159 3308 1279 3408 qui
1313 3307 1555 3379 merito
1590 3305 2019 3403 indignarer,
2058 3301 2116 3373 si
2152 3299 2283 3373 hoc
2316 3322 2469 3374 tan-

395 3443 543 3493 tum
566 3422 836 3494 fecisset
857 3421 1107 3520 aliquis
1124 3480 1144 3513 ,
1166 3442 1244 3494 ut
1266 3421 1467 3520 diligi
1488 3419 1876 3493 desinerem
1892 3475 1912 3506 ‚
1938 3437 2196 3516 quanto
2217 3415 2472 3516 justius

396 3566 668 3638 queror,
684 3540 900 3611 factus
917 3565 1138 3637 quum
1150 3536 1297 3638 jam
1316 3565 1475 3610 sum
1495 3537 1672 3610 alius
1688 3593 1707 3624 ‚
1723 3535 1993 3623 infelix,
2015 3533 2151 3606 alia
2169 3529 2476 3632 patiens?

399 3654 754 3755 decipiunt
791 3682 921 3728 nos
958 3653 1189 3728 reru'm
1231 3652 1623 3751 falluntque
1666 3650 1995 3724 nomina:
2041 3668 2111 3720 et
2152 3647 2305 3738 ille,
2350 3647 2470 3746 qui

470 3859 511 3910 1.
531 3858 746 3912 Veritas.
770 3861 935 3911 Immo
960 3860 1208 3911 severitas.
1228 3859 1392 3912 cnon.
1550 3875 1597 3909 2.
1616 3856 1902 3909 Fastidium
1919 3860 2100 3924 posset.
2122 3848 2348 3901 Fastidio
2366 3867 2479 3921 pos-

399 3938 623 3989 Retineo
674 3939 857 3989 veritas
896 3956 960 3989 ex
993 3939 1100 3990 MS.
1141 3955 1262 3988 nam
1298 3939 1397 3989 ista
1477 3954 1564 3990 ses.
1594 3937 1686 3986 W.
1720 3932 1864 3986 Leid.
1904 3950 1987 4002 pr.
2026 3930 2214 3981 Lucas.
2253 3926 2476 3978 Fastidio

400 4034 497 4087 per
519 4034 573 4068 se
586 4014 792 4068 videtur
806 4033 1009 4080 severa,
1030 4028 1082 4067 et
1099 4014 1253 4066 facile
1271 4013 1396 4064 hinc
1472 4026 1640 4090 posset
1649 4026 1888 4086 pastore
1901 4020 2187 4084 paupertas.
2202 4010 2353 4060 Voss.
2372 4025 2475 4060 sec.

403 4097 583 4149 odium
598 4098 738 4168 parit
750 4133 769 4163 ,
789 4097 888 4148 nisi
905 4109 1226 4167 temperetur
1245 4093 1401 4146 blan-
1474 4097 1635 4148 Forte
1650 4131 1666 4159 ‚
1678 4090 1959 4165 fastidium
1973 4096 2200 4159 praestet,
2223 4097 2474 4156 quantum

401 4176 571 4240 ditiis,
596 4173 739 4249 quod
762 4173 920 4227 aulici
943 4186 1141 4226 norunt
1168 4186 1222 4226 et
1241 4190 1402 4226 mere·
1479 4193 1586 4228 non
1606 4181 1773 4245 posset
1785 4189 1868 4242 pr.
1889 4177 2179 4240 paupertas.
2197 4166 2318 4218 Non
2343 4180 2482 4234 opus

404 4259 575 4310 trices.
600 4257 819 4311 Senum.
1478 4251 1562 4308 his
1585 4263 1773 4306 mutat.
1798 4264 1982 4302 sensus
2005 4248 2142 4302 enim
2164 4255 2326 4316 patet.
2350 4243 2449 4297 Eu.
