3200 5117
1097 585 1614 651 EXCERPTA.
1870 565 1876 571 ’
2275 580 2396 667 425

325 732 400 782 tu
433 703 634 781 ludos
667 709 999 807 negabas,
1043 735 1171 806 ego
1210 707 1559 807 patiebar:
1605 728 1682 780 tu
1715 705 2045 798 cedebas,
2074 732 2202 806 ego
2242 736 2403 809 pro-

322 827 674 923 tegebam:
723 845 797 896 tu
845 824 1230 925 impensam
1274 823 1683 922 stringebas,
1731 849 1857 921 ego
1898 822 2271 895 solvebam.
2305 867 2401 878 —-

321 941 401 1009 P.
439 939 668 1039 Majus
698 960 798 1010 est
823 965 1047 1009 mores
1077 938 1524 1026 constituere,
1559 964 1772 1036 quam
1793 964 2263 1038 corrumpere3
2295 965 2404 1010 ac·

322 1055 623 1152 quirere,
675 1082 890 1155 quam
947 1054 1203 1127 solvere
1238 1081 1253 1125 ε
1312 1053 1374 1125 ei
1429 1053 1637 1125 etiam
1688 1055 2114 1154 acquirendo
2163 1075 2402 1155 captus

319 1198 498 1242 sum.
530 1213 627 1224 -—
660 1171 762 1240 M.
802 1168 996 1260 Quid
1027 1167 1217 1268 quod
1251 1194 1427 1240 caeca
1454 1168 1738 1241 dimissa
1769 1169 1977 1241 sum?
2004 1190 2106 1242 est
2140 1169 2402 1269 aliquid

321 1285 467 1381 ipsa
496 1283 792 1356 caecitate
822 1282 1378 1356 formidolosius?
1419 1309 1658 1355 nonne
1692 1283 1814 1381 qui
1859 1282 1989 1355 hoc
2021 1310 2223 1355 sensu
2263 1283 2406 1384 pri-

325 1421 516 1471 vatus
551 1420 679 1491 est,
723 1399 970 1471 caeteris
1012 1398 1339 1471 omnibus
1378 1399 1579 1471 laesus
1613 1397 1755 1470 est?
1778 1400 1976 1469 -Ρ,
2026 1402 2227 1471 Hanc
2265 1399 2404 1471 for-

326 1515 665 1587 midinem
707 1541 940 1587 rerum
975 1541 1225 1616 parum
1249 1528 1266 1559 ¹
1307 1514 1770 1604 consuetudo,
1803 1514 1996 1586 locus
2030 1535 2099 1587 et
2131 1514 2405 1588 familia

325 1632 719 1703 removebat
753 1660 766 1702 :
815 1631 1098 1703 videndi
1133 1657 1291 1703 vero
1334 1630 1727 1714 damnum²¹
1774 1628 2197 1730 reliquorum
2248 1653 2408 1702 sen-

325 1772 532 1818 suum
573 1748 953 1846 voluptates
995 1747 1335 1820 sarciunt:
1395 1774 1520 1847 ego
1568 1745 1903 1818 omnibus
1951 1745 2059 1818 his
2108 1745 2405 1844 privatus

325 1886 514 1931 eram
562 1889 576 1932 :
634 1861 899 1962 litigare
946 1863 1103 1934 caeci
1161 1882 1453 1961 possunt
1478 1919 1498 1952 ,
1546 1861 1798 1961 captivi
1840 1887 1975 1933 nec
2025 1861 2268 1932 vivere.
2308 1904 2406 1916 —

324 1976 427 2044 M.
472 1974 667 2065 Quid
700 1975 886 2075 quod
930 2002 1106 2048 anus
1138 1976 1381 2048 solatio
1411 1975 1730 2048 destituta
1760 1974 1959 2047 sum?
1995 1973 2171 2046 nihil
2200 1973 2409 2048 habet

325 2111 575 2161 natura
595 2111 943 2164 senectute
968 2091 1323 2163 miserius:
1354 2092 1501 2164 haec
1527 2092 1787 2163 etenim
1813 2117 1939 2162 nec
1965 2110 2152 2162 amat
2174 2116 2409 2189 quem-

324 2229 570 2299 quam,
603 2231 728 2277 nec
757 2225 1028 2276 amatur
1055 2204 1141 2277 ab
1170 2205 1339 2277 ullo.
1364 2248 1462 2260 -
1482 2208 1563 2276 P.
1596 2204 1941 2277 Invidiosa
1969 2204 2181 2303 igitur
2203 2224 2337 2274 est:
2365 2231 2405 2275 a

315 2317 577 2416 juniori
621 2318 849 2415 itaque
890 2319 1225 2391 consolari
1267 2344 1412 2389 non
1455 2340 1728 2417 potest:
1780 2345 1905 2417 pro
1948 2345 2028 2390 eo
2063 2345 2202 2391 aevo
2236 2344 2410 2389 eun-

326 2428 495 2502 dum
522 2435 877 2503 est.—-M.
914 2432 1127 2522 Vide,
1158 2460 1370 2531 quam
1401 2460 1543 2506 non
1575 2434 1940 2506 amaverit:
1967 2459 2259 2533 praesens
2282 2460 2407 2532 pro

327 2545 605 2619 absente
640 2547 951 2647 neglecta
975 2575 1132 2618 sum
1159 2577 1173 2620 :
1210 2549 1537 2621 omnibus
1565 2549 1877 2622 sensibus
1902 2576 2066 2621 eum
2088 2548 2404 2648 praetulit.

325 2661 524 2730 --P.
567 2661 723 2731 Non
759 2661 891 2732 fuit
924 2688 1065 2732 non
1104 2688 1368 2749 amare3
1413 2687 1553 2733 non
1586 2665 1939 2761 praeferre,
1975 2689 2119 2736 nou
2156 2662 2225 2734 id
2260 2688 2409 2761 ege-

327 2772 450 2861 rit,
486 2793 551 2844 et
572 2795 972 2872 praesentem
997 2796 1068 2847 et
1085 2774 1439 2846 absentem
1467 2776 1723 2847 amisit.
1745 2819 1841 2830 —
1859 2779 1963 2847 M.
1992 2776 2190 2866 Quid
2217 2776 2407 2876 quod

328 2914 453 2985 ego
497 2888 856 2986 rogabam,
911 2888 1025 2961 ille
1068 2888 1364 2960 sciebat?
1394 2932 1492 2944 —
1523 2893 1606 2961 P.
1654 2888 1866 2962 Nullo
1918 2890 2129 2962 modo
2190 2893 2408 2991 magis

326 3003 730 3103 exprimitur
769 3005 1090 3094 affectus,
1133 3032 1350 3104 quam
1390 3004 1658 3076 literam
1683 3001 1750 3074 ³:
1783 3005 1997 3095 visus,
2033 3033 2247 3103 quam
2286 3032 2411 3077 au-

328 3119 541 3211 ditus,
577 3120 786 3194 altius
825 3121 1204 3220 imprimit:
1242 3122 1389 3221 ipsa
1417 3121 1720 3210 videtur3
1751 3120 1895 3221 ipsa
1921 3122 2283 3220 relegetur.
2312 3164 2409 3174 —-

325 3237 430 3306 M.
475 3238 639 3308 Haec
674 3238 909 3309 omnia
938 3258 1303 3336 praetereo:
1337 3237 1425 3309 ad
1461 3238 1533 3310 id
1562 3235 1798 3326 venio,
1836 3238 2025 3335 quod
2057 3258 2278 3310 mater
2306 3265 2411 3311 re-

328 3350 488 3422 licta
537 3356 877 3424 est.—P.
925 3355 1118 3425 Adde
1160 3381 1284 3454 pro
1330 3374 1550 3453 patre,
1598 3374 1669 3426 et
1708 3354 1886 3428 nihil
1919 3354 2250 3426 delictum
2285 3374 2405 3427 est.

325 3510 420 3521 ——
445 3468 547 3538 M.
574 3468 811 3558 Quid?
834 3496 1069 3541 nonne
1098 3498 1224 3570 ego
1250 3472 1475 3570 magis
1503 3470 1807 3543 contuli?
1835 3498 2071 3543 nonne
2094 3470 2407 3544 animam

328 3582 534 3653 dedi?
569 3610 819 3655 novem
857 3585 1215 3658 mensibus
1247 3586 1430 3658 fovi?
1464 3631 1562 3643 -
1594 3589 1678 3658 P.
1716 3586 1929 3685 Atqui
1976 3613 2102 3686 ego
2148 3587 2361 3684 genui
2390 3615 2405 3658 :

324 3696 449 3767 tibi
478 3700 792 3771 commisi
819 3727 833 3772 :
876 3727 1114 3771 meum
1142 3700 1420 3773 reddisti
1439 3699 1491 3772 4.
1519 3704 1741 3774 -Μ,
1773 3701 2015 3774 Noluit
2042 3701 2219 3773 mihi
2251 3728 2410 3773 ocu-

324 3807 427 3881 los
450 3813 990 3885 reservari—P.
1024 3814 1234 3913 Atqui
1260 3813 1478 3887 voluit
1501 3815 1718 3888 oculis
1747 3817 2079 3890 cariorem
2100 3816 2403 3887 reddere.

369 4058 1319 4137 1.Parum.Putofnisseffln‘vatarum.
1475 4065 1525 4116 3.
1566 4065 1733 4134 Quam
1767 4061 1989 4115 licen-am.
2026 4064 2211 4128 Forte,
2251 4078 2406 4132 quam

365 4157 411 4193 2.
443 4141 766 4215 Dampnum.
801 4144 938 4196 Edit.
976 4146 1086 4218 Rip.
1114 4144 1325 4197 exhibet
1399 4144 1755 4219 perlitteram.

324 4221 574 4273 damnum
595 4238 755 4275 recte.
779 4252 844 4262 -
868 4225 918 4278 V
918 4224 1106 4276 iamai.
1127 4227 1326 4277 Praetn-
1477 4226 1528 4291 4.
1564 4223 1810 4276 Reddisti.
1853 4226 1949 4276 Per
1989 4223 2409 4275 contractionem

323 4297 478 4353 limus
503 4301 726 4354 videndi.
750 4303 842 4354 Eo.
1407 4301 1464 4353 fit
1488 4322 1517 4353 e
1537 4301 1816 4354 reddidisti.
1838 4300 1931 4353 Ed.
