3200 5117
1098 525 1281 589 EXC
1294 525 1346 588 E
1360 526 1414 590 R
1427 526 1618 592 PTA.
2268 530 2306 606 4
2317 530 2350 592 5
2360 528 2393 594 5

319 691 419 704 --
432 647 512 720 P.
533 649 635 722 Eo
656 648 842 745 quod
860 645 1179 722 abdicare
1196 645 1410 720 volui.
1426 649 1601 720 -F
1598 703 1615 722 .
1637 648 1726 720 At
1744 647 1866 744 qui
1889 674 2084 746 posse
2103 649 2394 726 desiisti:

323 790 468 836 non
509 763 849 860 sequitur,
899 783 1119 862 pater,
1163 783 1243 836 ut
1284 789 1400 838 me
1441 762 1580 838 tuis
1624 788 1899 838 accuses
1940 763 2398 844 criminibus:

319 905 495 975 quas
521 878 867 978 parricidii
899 878 1196 977 praemisi
1218 878 1457 951 notas?
1483 877 1749 952 nullius
1772 879 2045 952 sceleris
2068 881 2406 978 precessit

323 995 754 1094 malignitas:
789 995 1202 1086 aestimetur,
1235 993 1425 1068 unde
1455 994 1783 1068 facinoris
1818 1015 1958 1068 tam
1993 995 2253 1070 subitas
2290 996 2407 1068 ‹in-

324 1109 596 1182 duerim
641 1138 914 1186 causas:
968 1111 1183 1186 fidem
1223 1136 1371 1186 non
1399 1111 1617 1210 capit,
1654 1132 1731 1186 ut
1768 1132 1899 1184 tres
1939 1111 2406 1188 absolutiones

327 1247 393 1299 et
433 1226 877 1301 innocentem
920 1249 988 1302 et
1024 1226 1436 1327 parricidam
1478 1227 1826 1301 afficiant:
1872 1253 2026 1317 cur,
2070 1225 2361 1324 induam
2386 1284 2406 1315 ,

326 1340 546 1439 potuit
575 1341 771 1416 fieri?
805 1386 904 1402 --
935 1345 1017 1416 P.
1053 1341 1266 1433 Quod
1299 1342 1386 1416 de
1426 1362 1833 1422 testamento
1872 1341 2137 1441 aliquid
2177 1369 2411 1441 spera-

327 1456 671 1530 bas.—F.
704 1457 902 1549 Quid
921 1484 1229 1556 sperem,
1259 1479 1481 1557 patres
1505 1458 1910 1557 conscripti,
1940 1458 2026 1531 de
2051 1457 2413 1555 parricidio

323 1596 484 1642 meo
512 1572 761 1646 totiens
781 1587 798 1618 ¹
839 1572 1103 1658 delatus
1123 1631 1142 1664 ,
1165 1575 1415 1648 totiens
1443 1594 1725 1673 paterna
1747 1572 2241 1670 conquestione
2266 1599 2414 1672 per-

328 1684 550 1774 ditus,
582 1685 872 1762 defendi
907 1707 1051 1762 non
1094 1710 1438 1788 poteram,
1488 1690 1543 1760 si
1577 1689 1865 1762 bibisses
1898 1710 1974 1761 tu
2013 1714 2363 1762 venenum
2394 1714 2411 1759 :

327 1799 514 1897 finge
537 1822 771 1875 tamen
796 1830 1065 1891 causas;
1094 1805 1281 1903 finge
1308 1804 1716 1880 utilitatem:
1745 1830 1934 1880 nunc
1960 1802 2414 1899 quaerendum

324 1935 457 2004 est,
495 1918 852 2011 quomodo
885 1918 1034 1991 fieri
1067 1920 1314 2017 potuit.
1345 1920 1756 1996 Ministrum
1790 1945 1933 1992 non
1966 1919 2226 2006 habeo,
2256 1943 2418 1988 cou-

325 2030 552 2103 scium
599 2057 744 2106 non
788 2034 1108 2108 invenio:
1146 2036 1503 2134 quomodo
1537 2037 1685 2112 fieri
1724 2034 2201 2134 potuitP--R
2243 2034 2420 2131 Spe-

329 2143 533 2220 rabas
563 2145 709 2244 ipse
743 2148 1112 2246 porrigere.
1132 2152 1325 2222 --F.
1363 2150 1430 2224 O
1457 2173 1672 2248 quam
1695 2147 1921 2220 facilis
1950 2147 2129 2220 mihi
2156 2146 2243 2220 ad
2270 2168 2421 2219 tuos

329 2259 680 2333 convictus
706 2289 1044 2352 accessus;
1077 2263 1469 2359 quomodo,
1505 2264 1834 2360 inquam,
1866 2263 2016 2338 fieri
2044 2263 2271 2370 potuit
2289 2261 2422 2333 ?—-

328 2377 409 2446 P.
446 2375 892 2474 Quandoque
926 2379 1559 2482 pervenires—,R
1601 2380 1798 2467 Esto,
1844 2399 2197 2452 venenum
2238 2398 2419 2449 certe

332 2491 639 2587 putabit,
695 2493 1043 2590 quidquid
1088 2493 1192 2564 hae
1237 2495 1667 2592 porrexerint
1700 2519 1958 2566 manus
1994 2521 2009 2567 :
2066 2492 2422 2592 quomodo

335 2603 480 2675 fieri
507 2604 977 2702 potuit?--P.
1004 2605 1452 2702 Quandoque
1478 2607 1943 2704 persuaderes,
1962 2651 2061 2664 -
2080 2607 2158 2680 F.
2191 2607 2416 2681 Cedo:

332 2718 525 2817 atqui
557 2745 764 2794 omne
795 2718 979 2792 virus
1008 2718 1242 2794 subito
1257 2709 1659 2819 corrumpit,
1688 2742 1809 2796 aut
1835 2721 2022 2794 lenta
2043 2748 2239 2796 mora
2256 2748 2424 2794 cou-

334 2832 590 2908 sumit²
621 2861 636 2908 :
674 2833 732 2906 si
765 2833 1074 2932 primum
1100 2831 1379 2924 dedero,
1403 2833 1637 2917 statim
1665 2833 2183 2932 deprehendor:
2218 2835 2277 2906 si
2312 2859 2423 2905 se-

336 2948 650 3026 cund-um
677 3005 696 3039 ‚
758 2975 872 3022 me
918 2974 1052 3047 prae
1099 2947 1354 3028 caeteris
1400 2947 1687 3032 deferes.
1746 2948 2104 3022 Attendite
2131 3006 2151 3037 ‚
2198 2967 2422 3046 patres

337 3063 699 3162 conscripti
725 3120 743 3152 ‚
780 3062 1143 3152 attendite,
1189 3062 1309 3160 qui
1340 3062 1517 3135 mori
1547 3089 1690 3136 non
1720 3060 2235 3161 deprehendar,
2278 3086 2423 3134 non

338 3202 651 3273 possum,
679 3177 791 3247 cui
821 3203 1057 3276 parare
1086 3203 1435 3249 venenum
1467 3203 1609 3248 non
1640 3174 2012 3277 possum-²¹?
2038 3180 2194 3248 Jam
2224 3175 2420 3247 silet:

329 3293 479 3393 jam
515 3318 662 3368 non
689 3294 945 3367 sufficit
971 3321 1012 3366 a
1039 3322 1152 3366 me
1183 3293 1558 3393 depulsum
1595 3321 1735 3367 esse
1769 3291 2021 3384 scelus,
2051 3292 2173 3365 ubi
2206 3313 2271 3364 et
2298 3291 2422 3366 tibi

338 3406 754 3505 assignetur:
796 3428 871 3478 tu
915 3434 1075 3505 ergo
1118 3436 1241 3480 cur
1280 3436 1423 3481 non
1469 3407 1946 3480 effudisti?-—
1971 3410 2056 3479 P.
2100 3406 2313 3497 Quod
2357 3427 2422 3477 te

338 3520 511 3594 velle
535 3521 709 3592 mori
735 3548 878 3592 non
904 3520 1192 3593 credidi.
1209 3563 1306 3576 —-
1323 3525 1403 3594 F.
1437 3526 1595 3595 Non
1631 3520 1974 3593 credidisti
2005 3541 2074 3592 et
2100 3519 2382 3591 noluisti
2399 3577 2419 3610 ,

417 3690 460 3723 1.
509 3671 737 3724 Totiens.
773 3671 907 3723 Edit.
943 3673 1152 3744 Bipont.
1193 3672 1338 3724 toties
1487 3674 1541 3725 3.
1577 3671 1846 3724 Venenum
1896 3690 2003 3724 non
2035 3688 2258 3743 possum.
2301 3671 2421 3721 Haee

342 3749 582 3801 exhibet:
621 3769 732 3801 non
770 3749 1005 3803 insolens
1049 3763 1224 3803 tamen
1261 3763 1338 3803 ω·
1413 3752 1704 3806 admodum
1736 3754 1978 3804 intricata
2001 3766 2125 3805 sunt
2150 3770 2246 3823 per
2267 3749 2422 3821 ellip-

343 3833 485 3884 τίθης.
512 3833 604 3882 Eu.
893 3855 908 3866 ν
1419 3837 1547 3887 sim:
1581 3852 1766 3887 sensus
1813 3849 1986 3886 tamen
2032 3831 2273 3885 videtur:
2321 3849 2420 3901 ego

413 3926 462 3960 α,
489 3907 808 3980 Corrumpit,
833 3919 928 3959 aut
947 3909 1091 3960 lenta
1107 3910 1201 3980 p'r-a'
1212 3927 1339 3960 con·
1421 3916 1464 3967 si
1495 3933 1602 3966 non
1640 3911 2013 3986 deprehendet
2043 3915 2176 3964 mori
2202 3911 2386 3964 volens
2400 3934 2419 3973 ;

340 3987 509 4040 sumit·
548 3987 761 4053 Malim,
799 3987 1036 4059 corripit,
1072 3999 1163 4039 aut
1199 3986 1340 4038 lenta
1418 4011 1526 4045 non
1574 4010 1792 4062 possum
1838 3989 2169 4060 deprehendi
2225 4009 2422 4061 parans

343 4079 486 4120 mora
514 4067 789 4120 consumit.
815 4069 1026 4139 Bipont.
1052 4070 1139 4120 cui
1161 4084 1338 4120 assen-
1416 4088 1681 4123 venenum
1698 4069 2051 4140 patrquuum
2074 4087 2332 4121 venenum
2354 4069 2422 4120 sit

343 4149 518 4212 timur,
557 4147 756 4217 recepit
788 4164 959 4211 mora,
987 4159 1040 4198 at
1062 4145 1342 4217 corrumpit
1419 4150 1555 4201 ratio
1589 4147 1776 4198 mortis
1811 4146 1918 4197 sive
1942 4146 2279 4213 voluntariae,
2313 4147 2422 4197 sive

343 4246 570 4280 servans.
596 4230 687 4281 En.
1421 4226 1563 4297 patri
1580 4221 1882 4277 inferendae.
1904 4225 1997 4274 En.
