3200 5117
756 561 861 651 xvj
1299 555 1765 624 EanomS
1813 553 2302 619 PnAEFATm

756 683 1203 751 Scholasticum
1227 681 1503 746 Lexicon
1539 678 2182 767 latino-qermanicum
2214 678 2484 766 scripsit,
2516 697 2581 738 se
2607 674 2845 765 aliquot

757 803 1044 855 centenas
1066 788 1433 875 Quintiliani
1453 786 1953 851 Declamationes
1977 783 2288 858 habuisse,
2316 804 2541 870 easque
2570 779 2843 872 Oporino

758 895 1149 962 excudendas
1175 894 1437 972 dedisse,
1470 894 1682 958 scribit
1706 897 1768 957 in
1795 892 2164 980 Quintiliani
2189 891 2783 953 commemoratione.

848 1006 1370 1070 Declamationes
1394 1002 1775 1087 Quintiliani
1809 999 2304 1087 distinguuntur
2327 999 2393 1060 in
2420 996 2750 1070 coloratas,
2780 1012 2845 1060 et

762 1122 1072 1175 tractatas
1118 1114 1218 1173 An
1262 1120 1570 1184 tractatoe,
1623 1128 1770 1196 quae
1817 1104 2163 1194 aliquoties
2208 1117 2494 1166 tractatae
2539 1103 2733 1166 sunt?
2774 1115 2846 1164 ut

762 1220 1119 1284 Declamat.
1153 1217 1299 1295 2613
1333 1215 1618 1280 coloratoe
1653 1235 1839 1288 vero,
1877 1234 2152 1300 quarum
2189 1210 2408 1273 thema
2444 1208 2699 1294 abipso
2729 1205 2846 1271 de-

757 1327 1112 1391 clamatore
1144 1326 1429 1412 primum
1462 1322 1772 1408 fingitur?
1805 1322 1901 1382 Ita
1929 1318 2210 1408 conjecit
2241 1315 2552 1379 Pithoeus,
2583 1312 2712 1380 Sed
2741 1315 2846 1378 vix

759 1430 889 1496 hoc
922 1454 1073 1494 cum
1103 1430 1419 1492 latinitate
1454 1428 1818 1492 consentit:
1860 1444 2058 1487 causce
2095 1434 2368 1485 tractatae
2400 1422 2492 1483 sic
2526 1418 2656 1484 dici
2695 1442 2847 1506 pos·

759 1537 920 1613 sint,
949 1558 1081 1599 non
1108 1533 1651 1598 Declamationes.
1679 1530 1973 1595 Arbitror
1997 1540 2289 1590 tractatas
2313 1549 2484 1605 esse,
2515 1526 2580 1587 in
2606 1524 2849 1614 quibus

758 1659 1016 1706 tantum
1047 1665 1237 1706 causa
1267 1642 1613 1729 perspicue
1642 1662 1793 1703 cum
1818 1636 2219 1725 argumentis
2251 1635 2638 1722 explicatur,
2669 1631 2850 1695 nulla

762 1766 1147 1815 ornamenta
1199 1766 1314 1814 aut
1362 1749 1642 1812 affectus
1688 1761 2140 1821 assumuntur,
2188 1743 2426 1830 quibus
2474 1737 2853 1805 colorantur

763 1857 1127 1920 orationes:
1171 1853 1350 1943 quod
1397 1856 1593 1916 etiam
1640 1852 1968 1914 minorum
2010 1865 2077 1911 et
2121 1848 2444 1936 majorum
2496 1845 2852 1910 discrimen

759 1963 1010 2026 notavit
1040 1964 1331 2025 Joannes
1370 1962 1741 2046 Campanus
1782 1959 1945 2043 Epp.
1983 1978 2125 2042 pag.
2165 1957 2325 2033 540,
2362 1952 2465 2017 ed.
2505 1954 2678 2042 Lips.
2711 1955 2850 2017 Cae-

758 2086 979 2133 terum
1014 2094 1146 2132 non
1182 2069 1400 2131 omnia
1442 2070 1504 2128 in
1545 2066 1670 2129 illis
1707 2063 2295 2128 declamationibus
2339 2064 2654 2128 conficta:
2695 2062 2851 2128 vide

763 2174 1210 2263 disputantem
1243 2175 1383 2234 Nic.
1423 2170 1697 2237 Hieron.
1733 2167 2207 2257 Gundlingium
2249 2173 2313 2233 in
2348 2170 2852 2257 Gundlingianis

761 2297 948 2371 parte
980 2281 1211 2356 xxw,
1242 2301 1306 2364 p.
1347 2278 1470 2357 354
1505 2299 1640 2364 seq.
1677 2274 1804 2340 Sed
1838 2274 1905 2338 id
1942 2274 2491 2341 declamationum
2528 2276 2666 2340 fere
2698 2299 2852 2363 pro-

764 2387 984 2473 prium
1016 2402 1145 2461 est,
1184 2405 1305 2446 nec
1345 2379 1682 2467 indigebat
1713 2381 1908 2467 longa
1941 2378 2405 2468 disputatione.

851 2495 935 2554 At
959 2490 1112 2553 XIX
1137 2490 1260 2554 illae
1290 2487 1793 2553 Declamationes
1823 2487 2158 2576 lonqioreS,
2182 2513 2329 2578 quae
2361 2508 2427 2553 et
2454 2493 2612 2577 ipsae
2639 2491 2851 2571 Quin-

762 2598 991 2662 tiliano
1027 2594 1476 2661 inscribuntur
1498 2594 1728 2681 vulgo,
1763 2616 1839 2657 ac
1873 2592 2153 2658 rhetoris
2189 2595 2371 2659 Fabii
2400 2597 2581 2659 libris
2610 2598 2676 2660 in
2702 2597 2852 2684 qui-

761 2702 1043 2768 busdam
1078 2701 1478 2767 editionibus
1514 2700 1746 2790 subjici
1781 2701 2026 2779 solent,
2066 2725 2283 2790 neque
2327 2704 2468 2792 ejus
2503 2720 2687 2781 sunt,
2734 2704 2852 2791 qui

764 2811 1271 2876 declamationes
1310 2809 1543 2874 alteras
1579 2809 1734 2874 fecit
1767 2808 1968 2892 (nihil
2006 2809 2182 2874 enim
2212 2810 2490 2896 simile),
2530 2833 2747 2899 neque
2776 2811 2855 2874 il-

763 2916 921 2996 lius,
941 2918 1054 3004 qui
1078 2918 1562 2980 Institutionem
1585 2916 1953 2979 Oratoriam
1980 2916 2265 3003 scripsit,
2284 2918 2388 2982 cui
2411 2941 2519 2982 eas
2546 2919 2854 2983 Erasmus

766 3046 1035 3113 quoque
1076 3038 1255 3088 recte
1293 3022 1627 3112 abjudicat
1668 3024 1733 3085 in
1769 3023 2235 3104 Ciceroniano,
2270 3023 2811 3114 quandoquidem
2834 3075 2852 3100 ,

763 3146 838 3193 ut
885 3131 1144 3193 monuit
1182 3127 1350 3192 Lud.
1390 3128 1621 3206 ViveS‚
1666 3128 1777 3191 lib.
1827 3130 1914 3190 IV
1955 3127 2039 3192 de
2081 3131 2406 3218 corruptis
2448 3129 2809 3217 disciplinis
2835 3180 2852 3208 ,

765 3234 960 3321 plane
984 3234 1127 3298 aliae
1152 3248 1305 3297 sunt
1326 3256 1365 3296 a
1384 3233 1563 3297 Fabii
1592 3234 1966 3320 praeceptis,
1989 3252 2055 3298 et
2076 3235 2263 3313 tales,
2292 3254 2363 3300 ut
2386 3254 2612 3301 contra
2637 3237 2854 3300 istius-

766 3341 945 3406 modi
977 3344 1392 3429 potissimum
1426 3340 1795 3406 invehatur.
1829 3343 2039 3405 Immo
2072 3344 2281 3408 multo
2318 3361 2471 3408 ante
2507 3346 2855 3407 Erasmum

767 3465 833 3512 et
871 3448 1139 3528 Vivem,
1179 3445 1560 3534 Philelphus
1596 3449 1884 3535 Epistola
1917 3447 1999 3512 ad
2032 3451 2358 3513 Joannem
2393 3447 2856 3513 Tuscanellam

767 3555 1347 3619 vehementissime
1378 3579 1484 3618 eas
1516 3557 1913 3644 perstrinxit.
1936 3554 2123 3621 Adde
2142 3607 2159 3637 ,
2181 3556 2364 3645 quod
2391 3557 2458 3619 in
2482 3553 2692 3619 Codd.
2721 3559 2858 3646 qui·

765 3659 1042 3724 busdam
1072 3663 1247 3726 MSS.
1279 3660 1366 3724 M.
1400 3661 1587 3726 Floro
1619 3662 2053 3741 tribuuntur¹,
2085 3679 2284 3751 atque
2310 3685 2344 3725 a
2373 3663 2510 3725 JaC.
2536 3665 2859 3728 Durantio

767 3768 1043 3856 aliisque
1074 3791 1215 3836 esse
1244 3766 1607 3833 creduntur
1635 3768 1917 3832 Postumi
1935 3769 2218 3858 junioris
2237 3779 2280 3847 ²,
2307 3768 2502 3832 unius
2529 3792 2565 3834 e
2590 3771 2857 3858 triginta

767 3874 1090 3961 tyranniS,
1123 3874 1207 3938 de
1236 3897 1371 3963 quo
1405 3875 1495 3938 ita
1528 3875 1900 3939 Trebellius
1935 3874 2175 3937 Pollio:
2218 3874 2277 3935 F
2275 3875 2365 3951 uit
2396 3891 2600 3940 autem
2635 3877 2853 3940 Postu-

848 4067 890 4103 ι.
928 4051 1165 4105 Bar-thius
1200 4055 1266 4108 ad
1298 4053 1572 4108 Claudiani
1608 4075 1763 4109 carm.
1813 4014 2138 4109 ‘Vm-iarum.
2164 4054 2848 4123 BarthiiAdversar‚lib.L‚

770 4150 889 4206 pag.
918 4148 1039 4204 9¹7·
1850 4156 1898 4189 c.
1922 4154 2056 4209 9,p.
2082 4140 2244 4204 2356,
2266 4153 2303 4191 t.
2329 4143 2396 4203 113
2419 4135 2694 4210 Lampadis
2710 4134 2849 4189 Gru-

842 4227 890 4264 ο.
911 4214 997 4268 Jo.
1016 4213 1303 4267 Durantins
1319 4214 1574 4271 casellius
1593 4215 1669 4283 11,
1689 4231 1769 4285 17,
1851 4220 2085 4284 εει-ἱππ,
2109 4236 2160 4289 p.
2190 4221 2289 4274 252
2317 4235 2422 4286 seq.
