3200 5117
800 533 908 602 xiv
1334 528 1805 595 EDITORIS
1852 531 2344 596 PRAEFATIO

800 663 1002 729 Paris,
1044 658 1223 749 apud
1258 663 1582 725 Joannem
1619 664 1899 725 Parvum
1942 663 2124 748 1509.
2172 660 2564 726 Emendavit
2605 661 2886 742 deinde,

799 768 918 836 sed
954 768 1093 834 solo
1131 769 1431 856 ingenio,
1465 784 1531 830 et
1561 769 1766 845 notis,
1805 792 1841 831 e
1872 768 2023 858 jure
2061 785 2285 832 vetere
2325 791 2598 834 romano
2634 771 2892 856 potissi-

798 898 984 939 mum
1030 875 1287 962 petitis,
1339 874 1683 937 illustravit
1729 874 1953 938 Petrus
1995 874 2282 938 AErodius
2331 877 2528 940 Paris.
2577 874 2780 955 1563,
2828 879 2886 957 4.

797 980 977 1069 apud
1022 980 1277 1045 Morell.
1318 1003 1528 1044 recus.
1566 978 1925 1044 Mediolani
1970 982 2154 1068 1619.
2187 984 2496 1046 Veterem
2535 983 2888 1046 lectionem

797 1089 914 1152 uhi
958 1088 1262 1164 mutavit,
1310 1086 1484 1149 illam
1535 1088 1601 1148 in
1647 1088 1938 1173 margine
1986 1088 2267 1150 notavit:
2308 1089 2360 1150 si
2399 1086 2562 1175 quid
2601 1088 2668 1150 in
2706 1103 2889 1151 textu

798 1194 1088 1273 addidit,
1134 1196 1317 1258 uncis
1358 1193 1639 1257 inclusit.
1687 1196 1893 1271 Loca,
1937 1217 2083 1282 quac
2122 1196 2449 1280 corrigere
2488 1218 2620 1258 non
2663 1211 2891 1280 posset

797 1305 985 1390 signo
1017 1304 1065 1378 ἦ·
1100 1301 1381 1379 notavit,
1415 1301 1704 1388 itemque
1733 1301 2139 1389 conjecturas
2175 1324 2357 1381 suas,
2393 1324 2553 1389 quas
2593 1301 2889 1388 recipere

798 1436 934 1475 non
960 1411 1262 1487 auderet,
1294 1410 1739 1496 aliorumque,
1770 1432 1935 1497 quos
1967 1410 2413 1487 consuluerat,
2445 1426 2519 1472 ut
2546 1410 2886 1487 Brissonii,

797 1520 868 1581 in
904 1517 1196 1603 margine
1237 1516 1474 1602 posuit.
1515 1519 1837 1578 Caeterum
1878 1515 2176 1578 AErodius
2216 1516 2329 1578 has
2365 1515 2886 1579 Declamationes

798 1622 1183 1705 Quintiliani
1225 1622 1367 1710 ejus
1400 1643 1573 1699 esse,
1614 1622 1727 1709 qui
1766 1622 2257 1685 Institutionem
2285 1623 2395 1685 Or.
2430 1623 2717 1709 scripsit,
2750 1644 2887 1686 non

801 1728 1172 1807 dubitabat,
1205 1730 1307 1793 cui
1342 1745 1408 1792 et
1436 1730 1502 1791 in
1532 1730 1705 1794 notis
1739 1732 1977 1816 passim
2011 1728 2317 1794 adserere
2348 1730 2698 1794 laboravit:
2740 1753 2888 1818 quae

795 1838 943 1900 loca
984 1853 1205 1899 notata
1244 1851 1395 1898 sunt
1433 1835 1498 1897 in
1540 1835 1888 1919 principio,
1931 1836 2184 1896 Novem
2227 1835 2512 1924 reliquas
2553 1837 2805 1900 caeteris
2851 1859 2887 1900 e

796 1944 932 2008 MS.
959 1941 1204 2007 Codice
1237 1941 1598 2005 emendatis
1637 1942 1702 2002 in
1741 1964 1852 2002 sua
1894 1939 2183 2005 editione
2215 1941 2471 2007 addidit
2504 1942 2580 2007 P.
2614 1942 2889 2006 Pithoeus

796 2053 995 2115 Paris.
1028 2053 1221 2128 1580,
1249 2051 1316 2126 83
1348 2050 1625 2135 repetita
1656 2067 1721 2112 et
1751 2047 2207 2138 Heidelbergae
2242 2053 2434 2138 1594,
2464 2053 2533 2131 8,
2559 2076 2664 2139 ap.
2691 2054 2887 2116 Com-

706 2156 713 2163 ’
797 2159 1022 2221 melin.
1049 2159 1321 2220 Exstant
1350 2155 1543 2217 etiam
1574 2155 1637 2216 in
1671 2153 2070 2218 editionibus
2093 2158 2481 2238 Quintiliani
2509 2159 2891 2222 recentiori-

795 2262 956 2340 bus,
989 2279 1063 2325 ut
1090 2261 1417 2325 Hackiana
1456 2278 1521 2324 et
1552 2265 2103 2349 Argentoratensi.
2143 2268 2435 2328 Fuerunt
2467 2289 2622 2330 sane
2653 2265 2887 2329 Decla-

797 2370 1121 2433 mationes
1170 2368 1504 2457 quaedam,
1552 2392 1590 2432 a
1630 2370 2034 2450 Quintiliano
2081 2373 2574 2437 Institutionum
2613 2389 2887 2436 auctore

797 2496 935 2537 non
969 2473 1208 2537 habitae
1234 2490 1485 2536 tantum
1507 2523 1521 2552 ,
1554 2470 1668 2536 sed
1698 2490 1764 2536 et
1790 2497 1825 2536 a
1859 2476 2313 2564 tachygraphis
2342 2494 2630 2564 exceptae
2656 2494 2722 2541 et
2746 2477 2885 2541 edi-

798 2597 905 2660 tae,
934 2603 1062 2643 una
1084 2596 1339 2644 tantum
1361 2581 1618 2666 vulgata
1637 2579 1883 2666 abipso
1904 2598 2171 2647 auctore
2191 2582 2409 2646 adhuc
2425 2584 2695 2673 juvene.
2713 2583 2885 2648 Vide

798 2686 1009 2749 Instit.
1040 2687 1150 2749 Or.
1177 2688 1299 2748 VII
1318 2736 1334 2766 ,
1379 2710 1399 2748 1
1425 2711 1473 2748 ι.
1516 2687 1722 2750 Etiam
1761 2711 1882 2774 pro
1913 2689 2144 2775 Reqina
2177 2690 2504 2768 Berenice,
2548 2693 2687 2778 ipsa
2716 2714 2885 2780 prae-

798 2807 1017 2868 sente‚
1073 2790 1311 2856 dixisse
1354 2815 1424 2854 se
1467 2791 1691 2855 scribit
1727 2794 1834 2874 IV,
1889 2818 1939 2855 1.
1981 2797 2304 2858 Caeterum
2352 2796 2500 2876 has,
2547 2823 2709 2887 quas
2741 2800 2884 2887 jam

798 2914 1048 2960 exstare
1092 2897 1257 2975 dixi,
1304 2898 1540 2962 breves
1581 2899 2139 2980 Declamationes,
2175 2905 2295 2965 viri
2331 2903 2599 2991 quidam
2640 2905 2885 2970 eruditi

796 3004 1212 3090 suspicantur
1258 3026 1399 3067 esse
1446 3004 1832 3084 Quintiliani
1879 3009 2109 3092 patriS,
2152 3011 2337 3098 cujus
2381 3013 2630 3075 mentio
2673 3013 2882 3078 Instit.

794 3109 972 3172 Orat.
1004 3112 1122 3186 lx,
1158 3110 1217 3172 3.
1236 3113 1483 3172 Verum
1509 3132 1715 3196 quum
1742 3112 2124 3192 Quintiliani
2152 3113 2604 3182 declamatoris
2631 3122 2886 3183 mentio

796 3239 1063 3302 quoque
1096 3213 1207 3278 fiat
1231 3215 1407 3302 apud
1441 3218 1529 3278 M.
1569 3220 1889 3279 Annaeum
1923 3220 2234 3284 Senecam
2273 3241 2562 3309 patrem,
2603 3247 2883 3311 prooem.

791 3322 903 3386 lib.
941 3324 998 3385 X
1036 3325 1452 3387 ControverS.
1500 3340 1565 3386 et
1613 3329 2055 3392 controversia
2102 3333 2140 3410 4
2180 3330 2478 3420 ejusdem
2521 3331 2702 3410 libri,
2745 3355 2884 3396 non

790 3431 1011 3494 minus
1039 3452 1268 3494 eorum
1294 3431 1512 3494 valere
1544 3434 1749 3519 possit
1770 3442 1784 3464 ¹
1815 3437 2166 3520 sententia,
2190 3440 2304 3526 qui
2330 3460 2436 3501 eas
2462 3461 2580 3500 avo
2606 3436 2885 3525 hujusce

793 3535 1164 3623 Quintiliani
1181 3536 1554 3602 adscribere
1577 3541 1925 3621 malint3ut
1940 3544 2225 3629 Angelus
2244 3543 2561 3632 Ugoletus
2582 3544 2649 3607 in
2671 3545 2881 3633 Epist.

792 3640 1007 3706 dedic.
1052 3643 1154 3705 vel
1199 3643 1390 3731 plane
1438 3644 1699 3710 diverso
1741 3646 1824 3710 ab
1869 3647 1991 3710 illis
2035 3648 2261 3713 tribus.
2295 3648 2462 3712 Vide
2503 3651 2642 3714 Nic.
2687 3653 2880 3716 Fabri

793 3767 978 3813 notas
999 3749 1079 3813 ad
1105 3751 1289 3838 praef.
1313 3753 1461 3816 libri
1485 3755 1543 3817 X
1564 3770 1965 3820 controvers
1993 3758 2276 3820 Senecae.
2301 3758 2514 3822 Etiam
2541 3758 2613 3847 Q.
2637 3759 2879 3824 Marius

870 3889 910 3923 1.
944 3877 1079 3926 Utor
1101 3876 1270 3928 verbis
1295 3881 1496 3940 Vossii,
1533 3878 1624 3930 lib.
1659 3881 1682 3930 1
1715 3881 1797 3930 In·
1877 3884 2197 3933 mentionem
2244 3885 2417 3934 faeere
2467 3904 2630 3937 manu
2683 3887 2880 3936 exarati

796 3957 959 4006 stitut.
994 3955 1205 4008 Orator.
1242 3979 1358 4029 cap.
1394 3976 1482 4023 ¹1,
1510 3980 1630 4031 pag.
1667 3961 1794 4027 180,
1878 3959 2116 4024 Codicis,
2162 3964 2252 4030 qui
2296 3962 2716 4015 Declamationes
2759 3961 2876 4015 illan

793 4055 949 4109 quem
974 4035 1089 4088 vide
1115 4041 1269 4090 etiam
1296 4061 1346 4109 p.
1380 4041 1472 4091 108
1502 4041 1567 4090 dt·
1593 4041 1794 4092 Natura
1877 4038 2058 4088 tribuit
2077 4040 2147 4088 Μ.
2169 4040 2343 4093 Floro.
2369 4043 2499 4107 Quis
2522 4056 2696 4093 autem
2716 4041 2876 4093 fuerit

791 4114 1090 4182 rhetoricae,
1110 4110 1385 4170 uhi'refera
1408 4118 1666 4168 Jacobum
1691 4121 1797 4169 Du·
1874 4119 1972 4168 iste
2012 4117 2196 4171 Florus
2213 4159 2229 4184 .,
2268 4134 2359 4172 aut
2397 4120 2611 4191 quando
2651 4121 2836 4173 vixerit
2855 4158 2874 4189 2

793 4197 1049 4262 rantium,
1070 4194 1160 4247 lib.
1184 4198 1228 4248 11
1247 4197 1520 4249 variarum
1535 4233 1552 4261 .,
1572 4215 1690 4267 cap.
1715 4213 1794 4267 17,
1876 4196 2020 4250 haud
2042 4201 2196 4254 facile
2218 4201 2454 4254 dixerim.
