3200 5117
672 567 1308 638 DECLAMATto
1355 570 1450 634 11.
1495 568 1681 635 pao
1721 567 2011 637 οεοῦ.
2294 562 2386 642 33·

302 691 626 786 audacia,
663 721 803 767 non
842 696 1050 768 habet
1087 694 1600 795 persuasionem
1633 693 1976 785 hominis,
2011 694 2133 793 qui
2163 696 2381 796 possit

306 810 668 909 imponere
692 825 736 882 ¹.

402 926 489 995 X.
520 926 724 998 Nefas
751 945 881 1013 est,
902 922 1204 1024 judices,
1232 923 1420 996 hunc
1440 920 1771 1023 juvenem
1797 919 2221 1021 reliquarum
2255 923 2381 1030 de·-

306 1035 653 1110 bilitatum
682 1038 948 1112 ratione
977 1037 1283 1110 defendi.
1319 1038 1558 1126 Quam
1592 1035 2007 1107 incredibile
2035 1058 2135 1109 est
2163 1057 2241 1110 ut
2265 1065 2384 1109 oe·

305 1151 549 1224 ciderit
567 1172 833 1251 pat-rem
847 1207 867 1241 ,
892 1151 1017 1247 qui
1036 1149 1177 1247 pati
1198 1175 1340 1221 non
1363 1147 1618 1247 potuit,
1640 1169 1717 1220 ut
1733 1149 2051 1247 perderet
2065 1150 2132 1221 Ῥ
2153 1153 2378 1251 Rogo,

304 1267 479 1366 quid
511 1294 686 1366 opus
719 1285 819 1339 est
845 1265 1109 1362 gladi03
1148 1264 1319 1361 quid
1357 1290 1623 1336 veneno
1659 1265 2049 1365 parricidae?
2075 1291 2382 1365 quantu-

304 1382 459 1455 lum
491 1384 627 1455 fuit
662 1382 887 1482 potius
917 1407 1179 1454 servare
1205 1379 1530 1452 matrem?
1553 1384 1856 1480 rapiatur
1877 1410 1956 1454 ex
1980 1384 2383 1483 parentibus

304 1497 425 1568 illa
458 1496 834 1584 infirmior,
869 1494 986 1568 illa
1021 1494 1353 1593 peritura:
1385 1494 1839 1593 parricidium
1870 1497 1969 1570 sic
2000 1499 2222 1571 face're
2251 1526 2382 1598 po-

303 1609 536 1700 tuisti,
567 1631 643 1682 ut
666 1611 972 1709 optimus
1003 1609 1190 1681 filius
1211 1608 1557 1681 videreris.
1588 1608 1954 1700 Quantum
1979 1612 2236 1686 deinde
2261 1642 2383 1713 pu·

302 1726 463 1798 tatis
500 1725 1118 1825 impatientissimis
1153 1725 1518 1797 affectibus
1549 1723 1916 1830 accessisse
1928 1749 2078 1827 post
2115 1730 2388 1802 caecita-

307 1840 716 1914 tem?carior
732 1864 830 1914 est
843 1864 1058 1941 pater,
1071 1868 1291 1940 quum
1313 1841 1382 1912 in
1401 1840 1635 1914 locum
1647 1843 1967 1917 successit
1987 1844 2347 1917 oculorum
2366 1874 2382 1922 a

306 1974 379 2027 et
414 1976 579 2026 tunc
604 1976 705 2026 est
738 1954 1013 2027 infinita
1048 1954 1295 2054 pietas,
1325 1980 1551 2051 quum
1582 1955 1656 2026 in
1691 1955 1810 2027 illa
1844 1956 2094 2029 debeas
2122 1985 2387 2050 amare,

306 2068 497 2167 quod
515 2069 779 2140 feceris.
803 2068 999 2157 Quid
1016 2068 1263 2158 dicitis,
1279 2068 1588 2168 judices?
1604 2069 1961 2141 transferet
1977 2071 2051 2143 in
2073 2070 2101 2115 ³
2115 2074 2388 2147 facinus

308 2183 496 2255 liunc
523 2183 835 2255 caecitatis
869 2208 1007 2254 suae
1028 2180 1304 2282 juvenis
1334 2181 1670 2270 favorem,
1710 2183 1800 2254 ad
1832 2211 2042 2280 quem
2078 2189 2390 2283 quotidie

309 2298 669 2370 laudatura
698 2297 929 2369 civitas
960 2296 1129 2386 coit,
1164 2295 1275 2368 cui
1311 2294 1653 2368 assident4
1684 2323 1929 2369 omnes
1961 2298 2193 2391 liberi,
2227 2329 2387 2375 om·—

308 2441 432 2487 nes
456 2412 805 2512 parentes?
832 2413 1034 2485 faciet
1064 2439 1135 2485 se
1169 2412 1438 2512 pietatis
1473 2412 1724 2512 pariter
1748 2436 1818 2485 et
1847 2414 2115 2489 sceleris
2150 2445 2387 2492 exem-

307 2527 551 2627 plum?
589 2527 885 2602 Facilius
918 2547 1049 2616 est,
1096 2547 1173 2598 ut
1212 2526 1480 2598 occidas
1521 2547 1825 2624 patrem,
1870 2555 1913 2600 a
1947 2556 2089 2628 quo
2120 2532 2211 2603 sis
2246 2532 2388 2631 ipse

306 2664 629 2716 servatus.
654 2642 932 2714 Nullius
956 2665 1306 2740 unquam,
1329 2641 1631 2741 judices,
1658 2643 2003 2741 parricidii
2034 2649 2253 2746 magis
2277 2649 2391 2722 de·

307 2757 557 2829 buistis
617 2778 929 2829 excutere
980 2783 1213 2828 causas
1241 2783 1256 2827 ε
1313 2756 1695 2855 cupiditas,
1745 2757 1973 2853 inquit
1993 2817 2010 2846 ,
2055 2759 2391 2861 juvenem

305 2873 452 2973 egit
491 2873 565 2945 in
605 2873 919 2959 facinus3
963 2872 1094 2945 hoc
1134 2872 1187 2943 si
1223 2872 1584 2962 credibile,
1633 2872 1688 2944 si
1730 2899 1972 2945 verum
2011 2897 2143 2964 est,
2192 2877 2395 2952 debet

307 2987 560 3078 videri,
597 2987 846 3059 mulier
874 2987 1071 3059 heres
1104 2989 1464 3078 maritum,
1507 3013 1599 3058 an
1630 3008 1898 3085 patrem
1930 3013 2148 3062 coecus
2189 2991 2396 3063 exhe—

310 3102 583 3175 redatus
611 3102 952 3174 occiderit.
984 3101 1315 3176 Habeant
1338 3129 1534 3190 sane,
1559 3102 1862 3202 judices,
1903 3102 2084 3176 hanc
2120 3108 2395 3182 nefariae

307 3215 714 3315 cupiditatis
756 3215 1300 3304 festinationem,
1348 3243 1520 3314 quos
1565 3215 1896 3288 vitiorum
1937 3219 2171 3310 ardor,
2220 3249 2394 3320 quos

307 3330 619 3428 quotidie
652 3329 925 3403 luxuria
960 3331 1355 3430 praecipitat.
1386 3331 1549 3420 Quo
1584 3356 1760 3401 caeco
1793 3330 2242 3407 hereditatem
2286 3336 2395 3409 vel

306 3445 708 3519 innocenti?
737 3447 921 3518 oculi
949 3469 1141 3538 sunt,
1163 3446 1349 3519 oculi
1378 3473 1501 3545 per
1525 3473 1701 3547 quos
1720 3457 2195 3548 paupertatem
2217 3454 2395 3525 ferre

391 3711 438 3746 ι.
475 3693 578 3764 Qui
604 3694 762 3765 possit
791 3696 1071 3767 imponere.
1106 3695 1315 3750 Scilicet
1463 3695 1515 3748 3.
1544 3697 1612 3748 In
1630 3695 1866 3768 facinus.
1893 3696 1956 3750 td
1974 3710 2084 3762 est,
2112 3696 2256 3750 hunc
2287 3717 2392 3753 suo

305 3776 517 3828 efficaci
548 3774 765 3828 audacia
799 3790 1022 3829 conatus
1051 3777 1316 3830 reluctan—
1393 3779 1638 3830 caecitatis
1661 3778 1926 3842 favor-tm,
1956 3792 2158 3830 mutata
2187 3779 2393 3833 sceleris

307 3856 376 3907 tis
402 3854 719 3926 pra-venitm
754 3854 943 3924 gallice
974 3855 1222 3924 dixerim,
1247 3875 1314 3908 en
1393 3856 1628 3907 infamia.

307 3935 549 4007 imposer.
580 3935 673 3986 En.
1464 3934 1516 4000 4.
1546 3933 1891 3988 waddone.
1911 3934 2123 4003 Proprie
2139 3935 2394 4006 loquitur,

385 4030 433 4064 a.
472 4012 544 4063 Ut
568 4011 818 4083 perderet.
855 4015 976 4066 Non
1008 4017 1185 4085 potuit
1208 4014 1313 4068 hoc
1392 4027 1453 4066 ut
1477 4013 1544 4067 de
1568 4014 1730 4066 debili
1753 4029 1803 4067 et
1827 4018 1980 4087 quasi
2006 4031 2200 4085 egroto
2228 4031 2282 4070 et
2308 4015 2398 4069 ln1

314 4107 344 4140 a
369 4109 425 4142 se
447 4091 726 4161 impetrare
742 4128 760 4156 ,
788 4105 851 4144 ut
872 4091 1189 4161 relinquet-et
1217 4111 1316 4164 pa·
1393 4096 1539 4165 genti
1576 4095 1853 4147 oculorum
1888 4096 2273 4162 calamitatem,
2308 4101 2398 4149 cni

314 4178 445 4219 trem
470 4170 526 4219 in
553 4171 790 4239 ignibus,
809 4182 862 4220 et
886 4170 955 4220 ita
978 4169 1244 4239 pet-deret,
1265 4185 1317 4223 et
1394 4175 1654 4243 assident,
1677 4189 1735 4228 ut
1759 4177 2118 4241 consolentur,
2144 4190 2194 4228 et
2219 4177 2398 4228 officia

314 4261 433 4298 mox
447 4246 735 4310 occideret,
744 4260 1027 4317 postquam
1044 4261 1312 4301 sen-asset.
1396 4252 1704 4317 exhibeant,
1727 4255 2014 4325 propinqui
2036 4267 2089 4306 et
2111 4256 2282 4305 amici.

492 4335 541 4386 5.
2115 4343 2147 4394 3
