3200 5117
723 578 1356 645 DECLAMATIO
1401 580 1539 644 111.
1587 577 1772 642 PRO
1815 578 2191 671 MtLlTAE.
2412 582 2494 668 47

414 807 1564 850 mmmmm
1571 827 2340 851 ”mmmmm
2345 828 2499 850 mu

973 1028 1701 1102 DECLAMATIO
1750 1030 1946 1102 ΠΡ.

820 1260 1259 1337 MILES
1339 1262 2101 1342 MARIANUS.

1131 1509 1794 1571 ARGUMENTUM.

428 1655 599 1719 Bello
617 1656 928 1718 Cimbrico
947 1655 1125 1717 Miles
1142 1653 1462 1717 Marianus
1486 1658 1806 1718 tribunum
1831 1671 2110 1742 stuprum
2136 1660 2254 1721 sibi
2283 1659 2513 1722 inferre

509 1766 869 1827 conantem,
898 1754 1324 1834 propinquum
1354 1753 1537 1813 Marii
1566 1752 1814 1814 occidit.
1843 1757 2001 1815 Reus
2029 1768 2118 1815 est
2139 1756 2319 1816 caedis
2343 1756 2510 1840 apud

510 1851 974 1933 Imperatorem.

822 2032 967 2079 PRO
1015 2031 1296 2082 MlLl'rE
1342 2032 1650 2082 CONTRA
1696 2036 2130 2083 Tarannon.

534 2190 705 2261 CAP.
732 2193 787 2262 Ι.
824 2190 994 2262 Satis
1018 2190 1366 2262 dedecoris
1394 2212 1598 2290 atque
1632 2190 1877 2290 flagitii
1912 2213 2127 2264 castra
2153 2214 2512 2291 ceperunt,

439 2332 664 2402 quum
689 2304 835 2380 haec
853 2306 1108 2377 furenti
1131 2307 1408 2378 tribuno
1439 2296 1638 2378 mens
1660 2307 1968 2409 subjecta
1994 2328 2123 2398 est,
2157 2328 2234 2379 ut
2264 2308 2336 2379 in
2373 2333 2521 2379 me-

442 2422 556 2494 dio
588 2422 755 2494 belli
798 2422 1129 2495 Cimbrici
1168 2423 1490 2522 strepitu,
1528 2447 1691 2497 ante
1727 2425 1920 2524 signa
1966 2426 2142 2523 (tuis
2182 2425 2403 2497 honos
2434 2425 2524 2497 sit

444 2537 717 2610 babitus
764 2537 1203 2610 sanctissimis
1251 2539 1576 2635 auribus)
1618 2538 1897 2639 juberet
1935 2561 2240 2639 prostare
2293 2539 2520 2638 gladio

444 2653 783 2743 cinctum,
831 2675 898 2723 et
928 2654 1068 2724 vim
1101 2653 1571 2751 turpissimam
1605 2682 1684 2725 ac
1717 2655 2057 2726 nefariam
2091 2674 2376 2726 tentaret
2407 2654 2523 2724 in-

445 2766 660 2857 ferre,
706 2795 791 2838 ne
834 2768 1002 2867 quid
1051 2769 1242 2841 aliud
1285 2770 1550 2860 dicam,
1596 2769 1884 2842 fortiori.
1928 2770 2158 2841 Habet
2197 2758 2523 2842 aeterriam

444 2880 635 2953 labes
659 2883 779 2955 illa
805 2884 1247 2975 memoriam,
1269 2907 1335 2957 et
1352 2885 1425 2956 in
1448 2885 1878 2984 exemplum,
1900 2885 1972 2956 in
1989 2885 2176 2983 quod
2197 2883 2525 2955 facillime

445 2997 614 3070 vitia
641 2999 1047 3097 proficiunt,
1073 3026 1250 3072 nova
1268 3000 1472 3099 culpa
1490 3000 1878 3099 pernotuit:
1907 3020 1975 3070 et
1997 2999 2159 3070 licet
2180 2998 2531 3095 impunita

448 3112 538 3184 sit
563 3139 678 3184 reo
705 3109 916 3185 virt'us
940 3141 1094 3203 sua,
1122 3135 1358 3186 tamen
1391 3115 1463 3186 in
1495 3114 1628 3187 hoc
1663 3114 1925 3186 ruentis
1957 3114 2030 3183 in
2063 3111 2397 3183 deteriora
2428 3137 2532 3181 se-

452 3224 647 3300 culi
614 3255 853 3318 cursu,
880 3231 1155 3302 affirmo
1169 3231 1444 3329 ,plures
1472 3251 1676 3303 erunt
1702 3230 1821 3330 qui
1853 3228 2267 3301 tribunum
2250 3228 2534 3300 imiten-

455 3366 595 3436 tur,
626 3373 840 3444 quam
869 3347 988 3445 qui
1016 3347 1338 3419 militem.
1369 3347 1525 3418 Et
1476 3375 1528 3419 Sl
1560 3347 1734 3418 nihil
1770 3346 2003 3418 minus
2032 3344 2403 3417 convenire
2429 3344 2536 3414 vi·-

456 3460 659 3532 detur
693 3461 1003 3560 partibus
1034 3462 1381 3549 advocati,
1419 3489 1697 3534 summe
1731 3462 2128 3591 imperator,
2171 3487 2384 3560 quam
2419 3486 2533 3531 reo

458 3576 673 3673 capite
705 3576 1113 3674 periclitanti
1146 3577 1542 3648 subsidium
1574 3577 2025 3649 miserationis
2059 3577 2366 3666 auferre,
2402 3599 2539 3645 me·

461 3717 616 3761 mor
646 3713 878 3763 tamen
918 3720 1043 3791 pro
1073 3719 1247 3792 quo,
1291 3713 1358 3764 et
1399 3693 1586 3791 apud
1620 3720 1833 3792 quem
1869 3692 2141 3791 loquar,
2183 3691 2540 3777 audacter,

460 3828 699 3906 atque,
729 3829 801 3880 ut
821 3836 1052 3907 spero,
1073 3830 1219 3881 tuto
1240 3809 1586 3908 profiteor,
1619 3809 1913 3881 militem
1939 3829 2174 3897 tuum,
2195 3803 2540 3906 quidquid

461 3926 703 3996 afferat
720 3952 914 3997 casus
931 3926 1160 4016 hodie,
1184 3927 1312 3998 sub
1334 3927 1482 4025 ipso
1502 3928 1799 3999 fortunae
1824 3924 2153 3997 minantis
2172 3924 2308 3994 ictu
2333 3936 2349 3966 ¹
2368 3941 2542 3992 stare

538 4110 576 4162 ⁴.
616 4112 737 4163 Hac
772 4111 1101 4164 Declamatio
1148 4130 1209 4163 ex
1247 4111 1470 4179 historin
1551 4114 1685 4166 sium
1723 4131 1825 4183 pro
1866 4112 1921 4163 C.
1956 4110 2164 4164 Lusium
2202 4109 2545 4179 seripserunt.

469 4208 700 4262 sumpta.
716 4192 851 4244 Vide
868 4194 1138 4245 Valerium
1158 4194 1472 4258 Maximum,
1550 4191 1685 4245 Vide
1710 4195 1874 4245 Instit.
1896 4193 2071 4256 Orat.,
2095 4189 2186 4242 lib.
2213 4190 2307 4253 111,
2332 4205 2378 4237 c.
2408 4203 2426 4236 ι
2444 4202 2488 4238 ι.

358 4295 367 4302 ·
474 4271 565 4323 m».
591 4275 693 4325 w.
722 4291 840 4346 cap.
872 4291 918 4340 1,
944 4273 1036 4324 nbi
1064 4287 1316 4346 corrupte
1342 4274 1474 4326 Glu-
1632 4289 1675 4322 ι.
1717 4272 1867 4323 Stare
1904 4270 1996 4322 sub
2036 4270 2139 4323 ictu
2169 4268 2421 4339 fortune.
2464 4266 2554 4324 Si«.
