3200 5117
601 545 701 610 IN
747 544 1161 610 DECLAM.
1208 543 1304 608 M.
1350 546 1422 607 F.
1470 542 2134 627 QUINTILIANI.
2283 546 2414 638 xvij

331 691 491 747 mus,
516 667 687 761 quod
705 668 904 734 solum
927 680 1272 734 memoratu
1300 664 1558 756 diqnum
1584 680 1706 746 est,
1742 670 1830 732 ita
1863 670 1929 731 in
1956 666 2419 733 declamationi:

330 777 439 842 bus
478 776 773 856 disertus,
813 788 883 840 ut
919 780 1050 864 ejus
1092 779 1525 843 controversiae
1564 775 1948 863 Quintiliano
1983 774 2273 840 dicantur
2308 779 2417 840 in-

330 898 528 963 sertoe,
561 908 746 976 quem
781 882 1259 949 declamatorem
1294 886 1543 948 romani
1571 886 1817 971 qeneris
1857 885 2278 948 acutissimum
2310 884 2425 950 vel

329 995 510 1057 unius
532 993 751 1081 capitis
774 988 952 1055 lectio
979 993 1193 1080 prima
1220 991 1430 1053 statim
1443 988 1671 1077 fronte
1697 987 2092 1055 demonstrat.
2119 989 2241 1054 Cui
2271 1011 2416 1055 sen-

331 1099 551 1165 tentiae
600 1094 858 1163 accedit
909 1094 1226 1160 Alexand.
1279 1093 1529 1161 Politus
1585 1094 1672 1159 de
1719 1096 1927 1182 patria
1977 1111 2305 1185 potestate
2350 1096 2420 1162 in

328 1218 583 1271 testam.
610 1200 1011 1281 condendis»,
1042 1200 1156 1265 lib.
1184 1203 1318 1280 111,
1352 1224 1418 1290 p.
1451 1200 1576 1266 166
1595 1249 1616 1277 ,
1639 1223 1764 1265 nec
1796 1224 1932 1266 non
1963 1203 2264 1268 Barthius
2288 1202 2419 1269 Ad-

327 1332 498 1377 vers.
537 1310 654 1375 lib.
687 1311 861 1375 CXX
897 1307 1254 1393 (inedito),
1288 1331 1398 1389 12,
1437 1308 1552 1399 qui
1590 1307 1708 1375 has
1750 1308 2259 1379 declamationes
2295 1337 2420 1380 nec

326 1419 529 1484 nimis
561 1414 970 1496 efferendas,
1000 1438 1123 1481 nec
1149 1416 1343 1482 nimis
1368 1418 1883 1486 contemnendas
1916 1436 2124 1509 putat.
2160 1423 2421 1505 Quinti-

326 1527 511 1592 liano
545 1541 766 1590 tamen
808 1521 1052 1589 diserte
1092 1522 1324 1588 tribuit
1362 1522 1704 1591 Ennodius
1744 1529 2193 1594 controversia
2224 1530 2419 1611 vul,

330 1631 453 1697 ubi
479 1631 679 1697 verba
704 1628 1006 1721 quaedam
1033 1653 1116 1695 ex
1144 1631 1407 1720 quinta,
1437 1632 1543 1696 cui
1576 1633 1805 1700 titulus
1831 1633 2017 1724 AEqer
2042 1634 2420 1728 redemptus,

327 1737 563 1811 affert,
597 1754 665 1802 et
696 1738 1019 1802 contraria
1051 1734 1530 1802 declamatione
1564 1738 1742 1804 illam
1777 1758 2136 1828 oppugnat.
2166 1742 2422 1824 Quinti-

328 1844 511 1909 liano
534 1842 735 1907 etiam
761 1840 1074 1908 adscribit
1096 1843 1485 1909 Vincentius
1512 1842 1992 1911 Bellovacensis
2008 1896 2026 1926 ,
2052 1846 2169 1912 has
2194 1849 2426 1913 Decla-

331 1949 655 2015 mationes
686 1948 1092 2038 intelligens,
1124 1948 1234 2013 ubi
1270 1949 1659 2033 Quintiliani
1691 1949 1917 2016 laudat
1954 1951 2181 2016 librum
2218 1977 2430 2019 causa-

333 2078 510 2134 rum,
549 2054 732 2146 quod
771 2057 1011 2144 saepius
1048 2055 1202 2121 facit
1237 2056 1500 2145 Speculi
1539 2056 1919 2123 doctrinalis
1955 2058 2130 2125 libro
2168 2077 2426 2149 quart0.

333 2162 745 2245 Quintiliano
800 2183 1067 2250 quoque
1120 2178 1373 2227 veteres
1422 2161 1747 2228 librorum
1793 2164 1973 2230 MSS.
2021 2165 2235 2246 tituli,
2288 2182 2429 2231 tum

335 2269 646 2334 Laurent.
663 2267 849 2334 Valla
868 2315 885 2346 ,
904 2264 1294 2356 Rudolphus
1315 2268 1643 2355 Agricola,
1665 2268 1910 2358 aliique
1933 2268 2234 2336 tribuunt
2255 2270 2429 2336 bene

335 2376 552 2441 multi.

422 2479 983 2547 Declamationem
1004 2504 1125 2570 pro
1140 2483 1407 2547 tribuno
1426 2482 1751 2549 adversus
1773 2484 2047 2548 militem
2062 2533 2079 2562 ,
2097 2482 2220 2548 sub
2237 2483 2439 2550 titulo‘

342 2586 608 2653 Tribuni
634 2587 941 2668 Mariani,
971 2589 1055 2654 ab
1089 2587 1446 2654 Edmundo
1474 2588 1771 2657 Gibsono
1795 2591 2084 2679 primum
2114 2613 2248 2656 una
2277 2613 2429 2656 cum

343 2693 872 2758 Institutionibus
914 2694 1229 2758 Oratoriis
1266 2693 1632 2782 vulgatam,
1677 2693 2090 2760 emendatius
2132 2679 2432 2761 recusam

340 2796 608 2864 exhibet
629 2798 835 2864 editio
854 2801 1454 2888 Argentoratensis,
1476 2818 1638 2865 tom.
1666 2802 1761 2880 11,
1787 2824 1933 2889 pag.
1958 2800 2107 2867 853.
2132 2799 2259 2868 Sed
2286 2823 2428 2865 eam

335 2928 477 2974 non
505 2929 647 2974 esse
674 2906 1063 2991 Quintiliani
1091 2906 1283 2974 facile
1312 2908 1722 2996 intelligitur.
1747 2907 2082 2973 Vocabula
2111 2908 2431 2976 abomina-

337 3010 514 3092 bilis,
558 3014 931 3093 concubitor,
974 3012 1254 3092 dilectio,
1303 3014 1623 3093 discretim
1668 3017 1982 3091 exoratio,
2028 3012 2430 3096 illwninatio,

339 3124 724 3213 impaenitens
734 3172 752 3201 ,
774 3125 1216 3214 improperium
1228 3171 1245 3199 ‚
1268 3120 1705 3200 indesinenter,
1723 3119 2281 3187 lenocinamentz'tm
2296 3170 2314 3199 ,
2333 3121 2436 3187 ob-

336 3230 559 3321 sufflo,
580 3229 1063 3320 particulariter,
1079 3228 1510 3320 praedecessor,
1527 3243 1934 3322 praepostero,
1952 3228 2403 3320 proestranqulo
2417 3279 2432 3310 ,

336 3335 717 3425 prolocutor,
735 3340 1063 3428 protectio,
1088 3339 1581 3426 supereroqati0‚
1606 3354 1729 3402 etc.
1746 3386 1762 3416 ,
1791 3359 1927 3402 non
1953 3352 2108 3401 suut
2134 3337 2435 3425 profecto

340 3441 730 3525 Quintiliani
779 3457 894 3508 aut
942 3440 1171 3514 similis
1222 3439 1524 3514 rhetoriS.
1580 3441 2062 3523 Quintilianum
2109 3441 2178 3504 in
2227 3441 2432 3503 Fanu-

314 3549 463 3644 otico
496 3548 1039 3634 (Declamationis
1073 3546 1182 3620 hic
1220 3547 1482 3631 titulus)
1513 3564 1991 3614 commemorat
2028 3546 2434 3628 LactantiuS,

340 3654 455 3721 lib.
496 3658 563 3737 I,
598 3677 702 3721 αι.

431 3764 956 3831 Declamationes
978 3764 1117 3831 illas
1137 3765 1291 3834 XIX
1311 3765 1649 3854 castigavit
1669 3786 1941 3855 quoque
1956 3762 2257 3852 plurimis
2276 3763 2436 3828 locis

342 3866 530 3936 haud
558 3871 909 3942 infeliciter
935 3870 1303 3953 Obrechtus,
1336 3871 1664 3963 adjunctis
1689 3873 1961 3960 insuper
1986 3871 2198 3935 Variis
2228 3870 2435 3934 Lectt.

347 3989 395 4045 θ’
411 3975 595 4044 MSS.
636 3978 800 4043 Bibl.
839 3978 1236 4044 Colbertinae
1276 3978 1748 4044 ct·Victorinae.
1783 3980 2036 4041 Novam
2075 3974 2438 4040 editionem

347 4080 606 4148 illarum
626 4084 782 4150 XIX
804 4084 1376 4152 Declamationum
1404 4086 1784 4174 castigatam
1813 4082 1899 4148 ad
1930 4080 2208 4147 Codices
2239 4100 2439 4144 manu

346 4206 641 4258 exaratos
662 4240 680 4270 ,
725 4213 878 4260 cum
921 4189 1196 4258 totidem
1247 4188 1833 4262 declamationibus
1886 4188 2229 4256 contrariis
2273 4207 2313 4249 a
2361 4203 2432 4248 se
