3200 5117
424 15 465 18 (v
478 8 831 20 ἡ-.,--Ί----ἰτε---ω--νν-κ-ι-ν-“’
840 7 923 18 ‘z'

597 579 696 644 IN
742 575 1161 642 DEGLAM.
1206 575 1301 642 M.
1347 576 1422 639 F.
1467 572 2125 660 QUFNTILIANI.
2286 575 2396 668 xiij

323 704 609 781 tionum,
631 717 701 767 et
721 700 1025 791 quintum
1047 701 1250 765 totius
1273 700 1544 765 Fabiani
1571 700 1789 790 operis
1812 701 2126 768 volumen
2147 698 2402 790 redegi·

322 832 490 890 mus,
508 810 678 875 sexti
688 831 851 873 vero
862 809 1215 874 voluminis
1237 807 1637 874 simillimam
1655 811 2017 887 materiam,
2034 809 2264 874 CXLV
2278 810 2403 873 mi-

316 938 517 982 nores
575 918 1097 983 Declamationes
1157 917 1571 1003 seposuimus
1598 967 1616 995 ,
1665 940 1825 1006 quas
1880 917 2285 1001 Quintiliano
2335 918 2406 982 in

323 1025 551 1112 primis
577 1027 1072 1113 assignaverunt
1094 1024 1395 1113 plurimi:
1426 1026 1493 1089 in
1520 1023 1761 1114 quibus
1789 1047 2036 1115 nempe
2060 1024 2292 1091 hausta
2324 1047 2407 1090 ex

322 1132 619 1198 Oratoria
653 1133 1072 1198 Institutione
1104 1131 1385 1218 plurima
1424 1132 1666 1219 passim
1703 1146 2090 1219 argumenta
2125 1145 2403 1196 tractan-

324 1248 463 1315 tur,
498 1254 566 1303 et
603 1260 887 1326 quarum
928 1238 1125 1300 etiam
1160 1258 1294 1301 non
1336 1259 1579 1325 paucas
1622 1259 1745 1302 nec
1782 1239 1925 1326 ipse
1961 1236 2407 1321 Quintilianus

327 1357 469 1407 tum
508 1343 985 1407 sententiarum
1028 1342 1338 1429 gravitate
1356 1391 1374 1422 ,
1421 1359 1560 1408 tum
1604 1343 1852 1433 eloquii
1891 1343 2065 1408 facili
2106 1342 2408 1414 ubertate

326 1450 716 1538 conspicuas
739 1446 1116 1536 respuisset.

415 1552 993 1637 Quemadmodum
1019 1555 1085 1617 in
1114 1555 1546 1620 institutionis
1564 1557 1881 1623 Oratoriae
1903 1558 2085 1623 libris
2102 1557 2240 1648 jam
2262 1553 2415 1622 feci·-

320 1684 479 1727 mus
495 1710 514 1739 ,
547 1662 638 1726 ita
662 1683 841 1726 nunc
871 1683 1225 1726 numerum
1250 1662 1519 1748 singulis
1544 1665 1716 1728 notis
1741 1687 1935 1730 suum
1960 1686 2296 1753 quemque
2327 1660 2413 1728 ad

326 1782 545 1833 textus
578 1764 1046 1855 respondentia
1070 1765 1248 1843 loca,
1288 1768 1431 1854 pari
1461 1789 1738 1833 numero
1774 1768 2084 1850 indicata,
2120 1769 2416 1834 referen-

330 1875 491 1941 dum
510 1872 939 1962 praefiximus,
959 1897 1044 1939 ne
1069 1872 1425 1941 difficultas
1445 1875 1992 1965 investigationis,
2020 1892 2088 1941 et
2108 1877 2264 1941 inde
2288 1877 2416 1943 fas·

328 1981 573 2047 tidium
592 1981 821 2047 lectori
845 1997 1197 2047 crearetur.

418 2088 719 2168 Quatuor
756 2086 1046 2175 epistolis
1085 2084 1527 2175 quorumdam
1567 2086 1921 2154 doctorum
1958 2088 2044 2155 de
2077 2088 2418 2155 Declama-

335 2194 624 2261 tionibus
650 2195 1012 2259 universim
1037 2210 1105 2259 et
1127 2194 1212 2259 de
1239 2196 1701 2278 Quintilianeis
1733 2198 2072 2286 speciatim
2097 2195 2420 2263 disseren-

339 2302 501 2368 tium
523 2350 540 2380 ,
574 2299 855 2367 subditis
895 2301 1211 2366 continuo
1249 2302 1708 2388 praemittimus
1741 2305 1801 2367 J.
1836 2303 1978 2369 Alb.
2021 2303 2306 2369 Fabricii
2339 2325 2419 2367 ex

336 2406 739 2474 Bibliotheca
760 2409 956 2473 latina
983 2424 1359 2496 excerptam
1384 2408 1940 2488 dissertationem,
1967 2409 2084 2475 ubi
2112 2407 2418 2499 quaedam

338 2513 430 2579 de
446 2514 804 2603 Calpurnio
831 2515 1094 2594 Flacco,
1124 2514 1398 2606 ejusque
1427 2515 2027 2581 Declamationibus
2054 2516 2122 2580 in
2151 2516 2284 2581 fine
2317 2516 2419 2581 in-

339 2644 536 2710 super
575 2622 907 2688 invenies:
958 2645 1108 2711 quae
1155 2620 1441 2709 singula,
1485 2621 1671 2688 velut
1715 2622 2020 2712 quaedam
2063 2622 2308 2711 capita,
2354 2639 2421 2687 et

342 2730 906 2796 Declamationum
930 2728 1293 2818 praenuntia
1311 2777 1329 2808 ,
1358 2728 1649 2794 numeris
1678 2727 2036 2795 divisimus.

851 2993 1259 3072 CAPUT
1328 2991 1902 3071 PRIMUM*.

429 3205 817 3291 Quintiliani
857 3205 1125 3273 nomine
1173 3206 1478 3272 feruntur
1520 3205 1891 3295 argumenti
1937 3203 2073 3270 ficti
2120 3202 2429 3269 breviores

347 3310 878 3392 DeclamationeS,
910 3313 1076 3395 sive,
1111 3329 1187 3378 ut
1221 3308 1513 3378 Andreas
1537 3312 1824 3378 Alciatus
1852 3311 1963 3391 IV,
1996 3308 2067 3375 15
2099 3312 2427 3397 Paret-gon

339 3414 536 3507 juris,
571 3417 896 3507 appellat,
912 3417 1286 3509 fraqmenta
1311 3415 1854 3482 Declamationum
1879 3416 2129 3496 CXLV,
2164 3436 2313 3503 quae
2348 3437 2430 3478 ex

352 3519 477 3587 388
506 3545 852 3614 superesse
876 3523 1208 3589 dicuntur.
1236 3525 1488 3589 Harum
1518 3522 1638 3589 136
1662 3524 1912 3613 primus
1940 3517 2243 3587 Taddoeus
2271 3519 2434 3609 Προ-

348 3625 504 3694 letus
532 3632 781 3695 Parmae
816 3632 1012 3718 1494,
1055 3653 1135 3695 ex
1162 3653 1296 3694 uno
1330 3626 1611 3711 Codice,
1648 3643 1725 3692 ut
1761 3628 1902 3718 ipse
1939 3627 2008 3690 in
2043 3624 2433 3713 praefatione

351 3729 542 3813 dicit,
575 3733 878 3825 squalore
914 3750 981 3799 et
1015 3735 1209 3800 tineis
1247 3756 1515 3801 corroso
1553 3750 1621 3798 et
1651 3733 1884 3799 vitiose
1917 3730 2195 3819 scripto,
2226 3726 2436 3796 edidit

350 3838 473 3920 ita,
510 3857 587 3905 ut
613 3865 746 3908 non
778 3844 903 3909 nisi
932 3843 1276 3908 manifesta
1306 3842 1552 3907 librarii
1582 3841 1741 3907 vitia
1775 3839 2166 3928 corrigeret,
2201 3853 2435 3903 caetera

352 3947 594 4016 intacta
616 3951 1041 4043 relinqueret.
1069 3953 1284 4044 Hujus
1315 3950 1622 4018 editionis
1649 3966 1865 4018 textus
1896 3947 2216 4037 repetitus
2244 3958 2436 4022 estet

423 4148 446 4172 ⁶
481 4150 613 4218 Qum
654 4147 994 4200 continentur
1028 4141 1134 4199 hoc
1175 4148 1350 4218 capite
1428 4146 1478 4198 J.
1506 4143 1630 4196 Alb.
1663 4142 1926 4209 Fabricii,
1957 4131 2049 4193 lib.
2082 4141 2162 4206 11,
2193 4155 2311 4208 cap.
2345 4151 2443 4202 xv..

248 4236 261 4248 ·
310 4244 317 4252 ·
353 4240 594 4299 excerpta
610 4238 737 4281 sunt
754 4245 821 4281 ex
836 4224 1161 4280 Bibliotheca
1183 4225 1348 4280 latina
1429 4242 1551 4297 pag.
1577 4225 1684 4294 319
1711 4243 1825 4296 sqq.
1842 4261 1859 4290 ,
1884 4222 2007 4276 edit.
2032 4220 2284 4275 Ernesti.'
