3200 5117
766 547 889 611 268
1266 549 1357 612 M.
1405 544 1665 615 FABII
1709 546 2346 629 QUINTILIANI

766 696 947 764 rent,
983 676 1225 748 boves:
1265 677 1414 778 jam
1460 677 1665 748 servis
1698 677 1896 771 fugas
1931 670 2454 770 imperavimus:
2495 668 2647 769 jam
2688 695 2854 767 pro-

765 795 1163 864 cumbentes
1211 815 1368 865 ante
1422 794 1669 864 limina
1726 789 2125 890 principum
2178 812 2514 884 pauperes
2563 786 2638 858 in
2687 786 2852 886 ipsis

764 908 1085 1007 precibus
1111 910 1456 1008 exspirant
1482 938 1493 980 :
1523 907 1948 1008 plorantibus
1974 905 2204 976 liberis
2228 905 2531 1001 legatum
2558 903 2851 1001 promit-

766 1022 1013 1092 timus:
1041 1024 1192 1124 jam
1227 1045 1502 1096 tantum
1540 1022 1669 1094 sibi
1705 1020 1999 1119 quisque
2034 1045 2197 1089 cura
2231 1039 2359 1089 est:
2403 1016 2577 1088 nihil
2614 1039 2849 1090 tamen

767 1135 1020 1206 horum
1064 1137 1277 1208 etiam
1320 1164 1508 1208 nunc
1549 1137 1618 1206 in
1664 1134 1997 1205 invidiam
2046 1132 2250 1229 legati
2300 1159 2578 1229 queror,
2622 1132 2850 1204 adhuc

771 1252 954 1347 prior
982 1279 1220 1324 cursus
1254 1272 1372 1323 est.

864 1370 1015 1438 Vll.
1051 1371 1397 1438 Hactenus
1426 1386 1655 1437 nostra
1686 1365 1874 1435 mala
1903 1361 2192 1448 tulimus
2214 1419 2230 1449 ‚
2263 1363 2333 1432 in
2366 1362 2631 1459 reliqua
2661 1362 2850 1459 lega-

770 1503 877 1551 tus
903 1507 1028 1552 nos
1052 1482 1332 1553 vicarios
1358 1481 1566 1552 dedit.
1594 1481 1665 1549 Si
1692 1479 2075 1576 quidquam
2107 1477 2228 1547 tibi
2252 1477 2545 1548 humani
2579 1478 2847 1575 sangui·

771 1596 874 1666 nis
902 1617 1243 1695 superest,
1281 1596 1408 1666 nisi
1444 1595 1662 1666 nimia
1691 1593 2041 1664 saturitate
2072 1590 2310 1662 alienae
2345 1593 2639 1663 fortunae
2667 1593 2849 1690 cogi·

770 1712 932 1782 tatio
954 1712 1199 1783 excidit
1217 1770 1235 1801 ,
1263 1712 1516 1810 respice
1540 1710 1770 1808 patriae
1797 1736 2063 1797 casum3
2089 1708 2342 1805 respice
2365 1707 2848 1778 necessitatem

769 1828 1263 1924 gravissimam.
1305 1828 1538 1898 Miseri
1571 1848 1634 1898 te
1672 1826 2023 1912 misimus;
2056 1845 2442 1923 exspectant
2466 1823 2701 1923 pallidi
2733 1850 2849 1895 ex-

769 1968 1194 2041 sanguesque
1216 1943 1392 2012 cives
1407 1942 1507 2012 tui
1529 1971 1544 2030 ;
1572 1963 1639 2012 et
1661 1940 2002 2039 quidquid
2022 1940 2308 2011 extremi
2328 1939 2602 2037 spiritus
2617 1939 2848 2010 adhuc

769 2079 1104 2154 superest,
1158 2085 1275 2155 spe
1320 2058 1416 2128 tui
1457 2057 1780 2128 trahitur:
1828 2058 2047 2153 figura
2090 2056 2215 2125 tibi
2242 2070 2256 2098 ¹
2304 2082 2533 2126 exesos
2579 2055 2844 2144 vultuS,

769 2171 1271 2242 decrescentem
1323 2169 1666 2268 populum
1693 2226 1711 2255 ,
1752 2170 1901 2268 jam
1950 2191 2396 2266 praemortuas
2450 2170 2656 2241 vires:
2720 2196 2848 2241 nec

769 2287 1152 2384 quidquam
1173 2287 1424 2356 horum
1443 2308 1633 2383 potes
1652 2288 1888 2382 ignora
1899 2313 1966 2355 re
1983 2341 2000 2372 ,
2021 2287 2073 2356 si
2098 2287 2267 2383 quid
2284 2286 2407 2357 tibi
2431 2300 2457 2330 ²
2476 2286 2843 2375 credimus,

770 2403 951 2471 fame
983 2403 1410 2472 laborantem
1442 2402 1781 2472 civitatem
1810 2400 2070 2472 vidisti:
2104 2401 2386 2489 festina,
2417 2402 2588 2472 dum
2618 2428 2845 2500 super·

769 2539 960 2607 sunt,
998 2518 1252 2616 quibus
1283 2518 1703 2616 legationem
1738 2518 2117 2588 renunties:
2153 2519 2428 2608 festina,
2467 2518 2638 2588 dum
2668 2507 2843 2589 mori

776 2632 1101 2702 ultimum
1133 2653 1261 2720 est;
1293 2634 1647 2703 frumento
1679 2632 1869 2729 digni
1907 2659 2168 2702 sumus.
2200 2632 2393 2720 Quid
2426 2632 2495 2704 in
2528 2660 2653 2704 nos
2686 2623 2853 2705 con-'

772 2746 965 2817 vertis
982 2749 1184 2819 etiam
1202 2747 1445 2820 alienae
1467 2749 1753 2820 civitatis
1776 2751 2064 2836 famem,
2087 2771 2423 2844 quatenus
2444 2750 2646 2820 nobis
2663 2776 2846 2821 com·

771 2863 1162 2960 putandum
1212 2865 1376 2955 est3,
1421 2887 1701 2963 propter
1744 2886 1807 2935 te
1849 2865 2145 2963 duplum
2194 2865 2375 2935 mali·
2402 2865 2723 2936 tulimus:
2766 2886 2843 2935 tu

771 3005 972 3076 super
993 2981 1429 3051 frumentum
1463 2980 1824 3078 publicum
1854 2981 2104 3068 stertis3
2134 3002 2199 3051 et
2224 3006 2461 3052 omnes
2486 2979 2687 3049 maris
2710 2978 2842 3049 cir-

769 3118 1159 3165 cumvectus
1177 3122 1325 3165 oras
1339 3095 1568 3183 ,litora
1585 3115 1960 3193 portusque
1982 3096 2331 3192 cognoscis
2387 3116 2459 3165 tu
2480 3094 2653 3164 inter
2665 3092 2840 3165 duas

769 3210 1064 3282 civitates
1095 3214 1395 3282 fatorum
1420 3212 1701 3299 arbiter,
1733 3211 1971 3282 alienae
2006 3212 2346 3300 conditor,
2379 3231 2512 3282 tuae
2546 3237 2839 3300 eversor,

770 3324 1054 3397 salutem
1089 3348 1386 3398 nostram
1420 3326 1795 3425 peregrinis
1830 3327 2209 3414 admetiris3
2243 3348 2312 3397 et
2338 3325 2643 3420 secunda
2673 3346 2842 3397 tem·

769 3460 1025 3536 pestate
1064 3440 1133 3509 in
1175 3441 1468 3537 patriam
1511 3443 1807 3530 ferente,
1853 3442 2222 3513 contrarios
2263 3463 2496 3512 ventos
2544 3461 2835 3538 exoptas·

767 3554 903 3624 Nos
939 3580 1060 3650 per
1091 3575 1354 3625 arentes
1389 3556 1590 3626 effusi
1630 3583 1936 3655 campos,
1983 3556 2429 3628 morientium
2462 3557 2841 3627 'herbarum

843 3719 886 3753 t.
917 3704 1104 3778 Fe'qura
1141 3705 1248 3755 tibi.
1289 3706 1399 3756 Nisi
1433 3709 1621 3777 stt-pius
1652 3712 1762 3778 jam
1913 3708 1963 3759 3.
1994 3710 2256 3777 Quatenus
2280 3707 2422 3760 nobis
2439 3706 2840 3778 computandum

765 3778 870 3832 hoc
890 3782 1105 3832 verbum
1131 3785 1447 3858 occurrisset
1470 3787 1523 3836 in
1548 3786 1628 3837 his
1658 3787 1764 3838 De-
1844 3798 1946 3837 est.-
1973 3786 2027 3836 id
2061 3787 2328 3857 φεμ-(μιῇ
2368 3784 2435 3837 ad
2471 3784 2705 3837 calculos
2743 3800 2842 3835 nos

766 3859 1188 3925 clamationibus,
1206 3864 1449 3932 legerem,
1453 3867 1637 3937 forma
1654 3868 1760 3918 tibi.-
1845 3885 2030 3931 vocas,
2055 3881 2115 3918 ut
2137 3887 2297 3938 supra
2327 3866 2482 3930 dixit,
2507 3879 2564 3918 ut
2590 3878 2642 3918 te
2671 3864 2844 3917 lucra·

766 3938 858 3990 sed
881 3938 1012 3991 nihil
1036 3959 1240 3994 move0.
1270 3942 1433 3995 Bunu.
1843 3961 1952 3999 tum
1993 3969 2102 4000 esse
2132 3949 2354 4020 probes,
2383 3960 2436 3999 et
2471 3946 2693 4018 duplum
2728 3948 2841 3998 fru-

838 4033 885 4069 a.
916 4019 1190 4073 Credimus.
1217 4021 1405 4090 Quum
1443 4036 1646 4095 peteres
1683 4022 1760 4075 le·
1841 4029 2004 4079 menti
2036 4031 2297 4095 attulisse,
2336 4047 2434 4082 nos
2461 4028 2580 4080 ideo
2618 4027 2840 4099 duplum

764 4099 1055 4167 gentionem,
1103 4114 1156 4153 et
1191 4115 1250 4153 ut
1292 4105 1604 4173 praeferret-is
1647 4104 1759 4157 aliis
1844 4106 1965 4159 mali
1980 4107 2839 4178 tulimussiezucomputarecum

764 4177 963 4230 diceres
981 4199 1009 4245 ;¹
1032 4181 1154 4249 quia
1187 4180 1339 4232 video
1373 4184 1596 4253 patu-iam
1623 4183 1761 4235 farne
1849 4208 1869 4230 ι
1891 4186 2177 4250 beneficiis,
2194 4211 2215 4235 a
2236 4188 2363 4239 dixit
2378 4188 2613 4240 Declam.
2634 4185 2731 4250 lx,
2753 4200 2834 4253 19-

764 4256 1120 4333 laborantem,
1144 4263 1392 4316 citissime
1415 4276 1660 4315 revertar.
1842 4266 1960 4319 vid.
1989 4283 2039 4319 et
2062 4268 2227 4330 Ovid„
2242 4288 2305 4320 ox
2326 4271 2476 4322 Pont.
2504 4269 2581 4334 11,
2606 4266 2666 4334 3,
2692 4267 2776 4320 18.
