3200 5117
776 558 901 647 398
1281 554 1373 616 M.
1425 551 1675 614 FABII
1726 547 2369 630 QlthTlLlAM

776 678 1231 777 malignitati,
1276 674 1525 747 abstuli
1561 676 1789 744 famae.
1830 671 2072 741 Ilabeo
2105 669 2292 765 quod
2332 670 2677 767 imputem
2712 663 2863 737 tibi
2888 725 2911 757 ‚

778 821 1039 868 naturae
1091 796 1356 894 pietas:
1413 820 1558 863 rem
1610 788 2098 860 difficillimam
2147 787 2318 876 feci,
2364 786 2555 883 quod
2591 810 2737 855 non
2768 809 2911 853 me

778 913 1005 1010 potius
1038 911 1283 982 occidi.

876 1033 961 1096 V.
991 1028 1193 1097 Malae
1225 1024 1648 1096 tractationis
1676 1042 1987 1093 accusat:
2023 1019 2323 1105 adeone,
2357 1044 2550 1106 uxor,
2584 1015 2708 1088 tibi
2750 1042 2905 1114 pa-

778 1171 936 1214 rum
953 1142 1191 1213 videor
1208 1140 1476 1212 dedisse
1499 1163 1858 1236 poenarum
1880 1156 2030 1232 post
2047 1133 2442 1231 periculum
2457 1152 2526 1202 et
2546 1145 2561 1172 ¹
2579 1129 2897 1219 laboreS,

779 1287 865 1329 ne
916 1258 1293 1328 lucrifaciat
1336 1277 1528 1353 pater
1558 1310 1574 1340 ,
1626 1253 1815 1350 quod
1864 1250 2115 1321 occidit
2158 1248 2388 1319 filium
2429 1247 2687 1318 suum?
2732 1273 2895 1316 non

778 1373 995 1471 pudet
1019 1400 1216 1468 ergo,
1253 1370 1305 1440 si
1345 1368 1653 1440 irasceris
1682 1365 2072 1463 parricidae?
2101 1364 2267 1461 quid
2301 1362 2424 1432 tibi
2453 1377 2657 1433 ²cum
2685 1360 2845 1459 lege
2870 1420 2893 1452 ,

779 1515 992 1585 quam
1028 1515 1140 1557 vos
1174 1507 1451 1583 propter
1481 1484 1787 1553 minores
1820 1480 2170 1577 accepistis
2195 1478 2530 1549 affectus?
2563 1479 2895 1575 querelas

780 1603 989 1673 habet
1021 1602 1145 1673 ista
1169 1658 1187 1689 ,
1225 1629 1368 1670 non
1401 1598 1728 1696 gemituS,
1766 1617 1831 1666 et
1863 1617 2080 1666 matre
2113 1594 2407 1692 seposita
2437 1592 2654 1664 solam
2690 1619 2896 1663 com-

781 1717 1006 1814 plorat
1067 1743 1372 1786 uxorem.
1435 1717 1698 1783 Rursus
1748 1712 1834 1782 ad
1890 1712 2237 1808 populum
2286 1737 2488 1781 vocas
2537 1710 2888 1780 miserum

781 1831 1171 1930 pudorem?
1228 1830 1583 1900 materiam
1637 1828 1800 1898 novi
1850 1830 2145 1896 rumoris
2193 1827 2558 1897 accendis?
2609 1826 2891 1925 perdidi

781 1973 943 2044 ergo
974 1946 1312 2016 rationem
1348 1943 1586 2014 secreti
1619 1941 1755 2011 mei
1783 1969 1795 2011 :
1830 1942 1923 2012 sic
1955 1942 2194 2013 omnia
2219 1944 2515 2013 feceram
2538 2000 2556 2031 ,
2584 1969 2673 2013 ne
2708 1942 2889 2041 quid

783 2084 906 2133 aut
929 2062 1143 2158 quaeri
1173 2081 1431 2158 posset,
1458 2079 1578 2128 aut
1602 2056 1736 2127 dici
1764 2084 1777 2126 :
1808 2057 1956 2156 jam
1983 2084 2142 2128 vero
2170 2059 2340 2155 quid
2367 2059 2881 2157 impudentiuS‚

783 2178 954 2274 quid
987 2175 1376 2271 indignius,
1415 2200 1629 2269 quam
1666 2199 1890 2268 quum
1926 2172 2053 2240 sibi
2090 2171 2174 2240 de
2210 2171 2444 2242 liberis
2478 2173 2769 2243 credunt
2803 2173 2889 2242 li-

783 2320 931 2364 cere
976 2292 1456 2377 tantumdem,
1504 2311 1572 2359 et
1605 2314 1882 2384 aequum
1924 2288 2042 2387 jus
2092 2288 2301 2384 patris
2333 2316 2410 2358 ac
2460 2290 2696 2360 matris
2737 2315 2883 2359 esse

785 2405 1263 2477 contendunt?
1289 2404 1485 2501 quasi
1513 2403 1825 2472 nesciant
1853 2403 2052 2472 nobis
2084 2403 2455 2474 arbitrium
2484 2404 2635 2474 vitae
2670 2405 2886 2475 necis-

785 2548 922 2619 que
948 2519 1449 2592 commissum?
1476 2521 1633 2589 'Non
1664 2541 1762 2589 est
1787 2519 2261 2617 privilegium,
2293 2519 2513 2590 filium
2538 2520 2880 2610 occidere,

785 2664 1009 2736 quum
1061 2636 1206 2707 fieri
1255 2656 1512 2734 potest;
1561 2663 1688 2706 nec
1733 2636 2108 2733 quisquam
2154 2658 2432 2706 tantum
2476 2636 2632 2707 ideo
2674 2636 2878 2724 fecit,

789 2752 950 2848 quia
980 2752 1239 2822 liceret.
1275 2751 1558 2821 Viscera
1590 2749 1778 2820 unici
1812 2749 2106 2820 lacerare
2139 2751 2379 2820 suffeci
2412 2777 2424 2817 :
2477 2751 2786 2847 ignosce,
2823 2751 2881 2822 si

787 2895 931 2938 non
984 2887 1174 2965 potes
1231 2866 1405 2936 mihi
1462 2865 1737 2937 credere
1777 2893 1790 2934 :
1850 2892 2059 2935 nemo
2111 2865 2333 2934 filium
2385 2892 2593 2935 suum
2636 2864 2881 2937 occidit

787 2982 986 3069 odio;
1025 3009 1167 3053 non
1203 2982 1328 3052 erit
1363 2982 1537 3052 tanti
1570 2981 1849 3080 juvenis
1883 2980 2166 3050 invisus,
2207 2980 2387 3050 [llud
2423 3001 2522 3051 est
2555 2981 2630 3050 in
2660 2980 2877 3079 patri-

789 3099 915 3170 bus
947 3125 1166 3196 usque
1201 3097 1289 3168 ad
1322 3096 1769 3195 parricidium
1802 3096 2134 3182 terribile,
2164 3097 2349 3193 quod
2379 3117 2658 3187 amant,
2689 3093 2879 3196 quod

788 3232 1234 3300 succurrunt,
1271 3211 1458 3308 quod
1493 3211 1621 3281 sibi
1664 3211 1984 3281 videntur
2016 3209 2213 3281 aliter
2262 3238 2403 3282 non
2437 3238 2635 3311 posse
2675 3212 2880 3282 mise-

792 3326 942 3396 reri.
990 3328 1145 3396 Non
1192 3346 1291 3396 est
1332 3325 1519 3422 quod
1549 3353 1670 3396 vos
1704 3327 1791 3395 ab
1827 3327 2274 3397 aestimatione
2312 3327 2659 3398 malorum
2694 3354 2877 3399 meo-

791 3469 945 3514 rum
983 3442 1260 3513 mollior
1292 3469 1488 3514 sexus
1524 3442 1851 3513 abducat:
1892 3445 2171 3544 majoris
2205 3446 2488 3515 affectus
2520 3467 2619 3516 est
2652 3445 2873 3515 filium

790 3557 1127 3645 occidere,
1173 3583 1391 3653 quam
1433 3557 1819 3628 vindicare:
1870 3559 2105 3630 desine
2150 3561 2361 3656 igitur
2394 3586 2540 3649 me,
2584 3559 2872 3648 mulier,

790 3671 1070 3767 fatigare
1097 3671 1750 3768 interrogationibus
1780 3674 1948 3744 tuis:
1990 3675 2082 3744 ita
2112 3675 2237 3745 tibi
2267 3702 2409 3744 non
2436 3675 2703 3746 videtur
2732 3701 2875 3745 om·

791 3787 906 3858 nia
931 3786 1346 3882 respondere
1374 3815 1495 3885 pro
1524 3789 1699 3878 filio,
1732 3791 1852 3887 qui
1892 3791 2097 3878 dicit,
2133 3792 2395 3862 occidi?
2424 3813 2488 3863 et
2515 3793 2672 3863 licet
2696 3818 2873 3864 com·

870 3973 912 4009 1.
941 3957 1013 4007 Et
1040 3955 1248 4008 labores.
1275 3957 1460 4023 Forte,
1490 3969 1550 4009 ut
1572 3958 1790 4010 labores:
1878 3976 1982 4026 tur,
2018 3975 2073 4011 ut
2119 3961 2357 4028 laboreS,
2391 3983 2457 4014 ne
2495 3962 2791 4013 lucrifaciat
2820 3961 2871 4012 id

791 4053 843 4091 et
871 4055 970 4108 pro
992 4038 1226 4109 pericula
1252 4077 1268 4103 ‚
1301 4039 1419 4110 lego
1441 4053 1556 4112 post
1575 4042 1794 4112 parrici-
1877 4058 2059 4114 pater,
2089 4044 2144 4095 id
2167 4058 2276 4108 est,
2315 4045 2635 4115 impunitum
2673 4047 2871 4096 auferat

791 4121 971 4184 dium,
1017 4120 1250 4191 loquitur
1287 4141 1350 4174 ex
1383 4126 1645 4176 sententia
1682 4143 1794 4175 mu·
1877 4126 2023 4196 quod
2049 4126 2257 4178 occidit.
2289 4127 2506 4179 Senon.

793 4198 947 4250 lieris.
966 4198 1099 4250 Satis
1115 4218 1304 4270 magna
1321 4201 1449 4252 mihi
1472 4221 1631 4273 poena
1647 4203 1795 4275 quod
1949 4222 1997 4255 2.
2028 4206 2162 4274 Quid
2187 4206 2277 4257 tibi
2298 4225 2416 4257 cum
2450 4204 2574 4278 leqe.
2604 4205 2734 4271 Quae
2767 4207 2867 4276 agis

794 4280 954 4354 filiurn
979 4279 1182 4348 occidi,
1207 4284 1332 4335 satis
1365 4282 1419 4333 id
1455 4302 1625 4354 poenae
1651 4282 1793 4336 vide·
1875 4297 1933 4336 ut
1958 4298 2143 4350 mater,
2170 4302 2279 4336 uon
2308 4297 2366 4336 ut
2388 4302 2539 4336 uxor.
2562 4283 2778 4337 semu.
