3200 5117
783 567 906 631 338
1281 567 1372 627 M.
1425 565 1675 626 FABII
1724 565 2366 645 QUINTILIANI

775 714 920 758 non
949 709 1313 784 paupertas
1336 747 1351 775 ‚
1383 715 1524 756 non
1560 689 1919 756 necessitas
1955 710 2215 784 poterat
2249 689 2555 779 efficere,
2585 689 2879 762 haustus

776 803 1036 891 brevis,
1075 805 1290 876 facilis
1314 863 1329 892 ,
1370 831 1552 874 unus
1584 826 1955 901 extorquet.
1993 809 2058 874 O
2092 807 2145 874 si
2184 807 2338 902 quis
2370 806 2614 876 odium
2648 828 2877 904 posset

778 921 1104 991 omnium
1147 922 1380 991 bibere
1414 920 1777 992 vitiorum!
1828 921 1986 991 felix
2024 925 2324 1019 profecto
2368 922 2779 1009 mortalitaS,
2814 924 2873 994 si

780 1037 1078 1135 reliquos
1111 1037 1335 1133 lapsus
1361 1037 1591 1106 incom
1606 1035 1985 1132 modosque
2014 1038 2263 1108 mentis
2290 1065 2547 1108 errores
2574 1040 2674 1109 fas
2701 1059 2878 1109 esset

780 1152 1012 1223 infusa
1061 1151 1341 1248 potione
1391 1178 1843 1248 compescere.
1893 1152 2189 1222 Facinus
2233 1173 2369 1240 est,
2417 1152 2609 1249 quod
2647 1152 2872 1223 maxi-

780 1293 980 1339 mum
1016 1267 1405 1337 remedium
1436 1266 1727 1362 gratiam
1759 1266 1864 1334 sui
1896 1267 2194 1336 auctoris
2231 1266 2568 1337 vocabulo
2603 1267 2867 1364 perdit:

778 1383 1192 1454 miraremur
1245 1383 1612 1453 hominem
1635 1437 1652 1469 ,
1712 1382 1832 1478 qui
1899 1381 2071 1451 illud
2134 1404 2373 1453 contra
2436 1383 2873 1453 meretricem

781 1499 1113 1569 dedisset:
1165 1498 1290 1569 tibi
1347 1520 1582 1569 tamen
1645 1497 1821 1568 ultra
1869 1525 2115 1569 omnes
2174 1497 2557 1569 immodica
2610 1498 2874 1596 cupidi·

781 1638 916 1687 tate
961 1615 1312 1711 flagranti,
1361 1614 1485 1684 tibi
1532 1615 1876 1713 praecipue
1932 1613 2522 1703 succurrendum,
2567 1614 2869 1713 juvenis,

780 1731 1000 1828 Cujus
1033 1730 1245 1798 homo
1272 1729 1695 1797 conditionis
1726 1729 2211 1800 adamaveras?
2241 1728 2503 1799 divitiis
2525 1755 2699 1826 opus
2733 1749 2871 1819 est,

779 1872 870 1917 ne
923 1844 1142 1915 simus
1198 1844 1269 1912 in
1323 1868 1560 1912 amore
1615 1840 1847 1912 miseri
1884 1868 1896 1911 :
1963 1863 2027 1912 et
2084 1841 2651 1939 impotentissimi
2700 1841 2879 1913 mali

781 1960 1216 2031 difficultates
1259 1958 1355 2028 illi
1393 1959 1671 2028 fortasse
1710 1983 1852 2027 non
1891 1956 2220 2044 sentiant,
2262 1983 2434 2053 quos
2474 1977 2705 2027 contra
2729 1957 2881 2027 fas-

780 2077 952 2146 tidia
989 2097 1402 2171 caeterosque
1444 2094 1882 2171 contemptus
1921 2070 2208 2168 explicat
2241 2070 2531 2142 felicitas
2582 2085 2597 2115 ¹
2622 2096 2878 2169 magna

785 2191 1149 2290 pereundi.

880 2307 998 2376 lx.
1037 2306 1224 2377 Felix
1257 2305 1597 2402 profect0,
1626 2303 1746 2399 qui
1778 2329 1921 2372 non
1955 2303 2085 2373 nisi
2112 2302 2463 2374 facultates
2488 2304 2561 2372 in
2586 2302 2876 2401 lupana-

783 2422 885 2490 ria
907 2419 1178 2491 effudit.
1204 2422 1312 2489 Tu
1342 2419 1571 2518 perdis
1591 2418 1909 2489 animum
1926 2475 1943 2505 ‚
1969 2418 2087 2488 ille
2108 2446 2194 2489 aes
2213 2433 2237 2460 ²
2266 2445 2278 2488 :
2304 2439 2377 2489 tu
2401 2417 2587 2489 bibis
2607 2417 2872 2505 uxoria,

786 2559 861 2609 tu
904 2536 1205 2607 lacrimis
1244 2564 1470 2632 rogaS,
1509 2534 1771 2633 pallore
1809 2535 2181 2606 blandiris:
2223 2557 2292 2606 et
2323 2535 2511 2633 quod
2548 2535 2637 2606 ad
2669 2533 2879 2634 pessi·-

785 2679 984 2721 mum
1002 2673 1259 2751 spectat
1273 2673 1598 2723 eventum
1617 2709 1633 2740 ,
1653 2650 2066 2722 miserabilis
2084 2649 2170 2722 sis
2194 2670 2463 2749 oportet
2480 2705 2499 2738 ,
2519 2670 2596 2721 ut
2615 2670 2877 2721 amator

784 2794 923 2838 esse
939 2768 1250 2840 videaris.
1279 2769 1492 2865 Finge
1513 2790 1576 2838 te
1598 2767 1878 2838 nullum
1900 2768 2108 2865 hujus
2130 2766 2418 2837 affectus
2435 2765 2693 2837 sentire
2713 2791 2875 2836 cru-

786 2883 1071 2973 ciatum,
1102 2885 1173 2954 id
1198 2911 1429 2955 amare
1454 2883 1575 2974 te3,
1597 2910 1880 2982 pauper,
1906 2883 2147 2954 saltem
2178 2910 2319 2954 non
2348 2873 2609 2981 pudet?
2636 2882 2876 2967 homo,

861 3106 902 3142 1.
930 3089 1167 3141 Felicitas
1200 3091 1467 3161 pereundi.
1499 3089 1783 3151 Perde-ndi,

781 3172 966 3221 Lucas.
993 3172 1235 3220 Tentavit
1272 3169 1474 3237 aliquot
1513 3171 1787 3236 conjectu-

783 3251 851 3299 ris
888 3248 1030 3300 hunc
1069 3248 1244 3298 locum
1273 3248 1360 3298 Cl:
1401 3247 1785 3316 Schultingius‚

786 3350 915 3401 quas
953 3349 1021 3381 ne
1058 3330 1372 3393 referamus,
1411 3330 1611 3380 faciunt
1648 3332 1788 3398 ejus-

784 3408 903 3460 dem
929 3424 1063 3460 notae
1091 3410 1158 3458 ad
1182 3409 1362 3458 Senec.
1404 3421 1643 3457 controv.
1683 3409 1785 3468 ΙΙΙ,

783 3509 837 3560 p.
874 3487 969 3556 953
1009 3487 1100 3538 ubi
1139 3487 1500 3558 infelicitatem
1534 3485 1789 3557 pereundi

784 3582 974 3621 contra
1019 3571 1264 3620 Juretum
1316 3569 1501 3620 asserit
1524 3590 1533 3616 :
1587 3569 1786 3618 retineo

785 3660 957 3698 tamen
980 3647 1277 3712 vulgatum,
1299 3666 1418 3696 nam
1440 3645 1645 3697 videtur
1666 3666 1789 3698 nos-

784 3739 864 3776 ter
893 3727 946 3775 in
984 3725 1084 3774 boc
1119 3724 1357 3790 ὀξυμωςφ,
1384 3726 1584 3777 Horatii
1607 3725 1694 3775 illa
1727 3745 1789 3776 ex

780 3805 885 3856 od.
933 3805 1021 3856 lib.
1050 3807 1102 3871 l,
1147 3822 1241 3872 273
1290 3817 1410 3856 ante
1452 3806 1639 3857 oculos
1689 3806 1786 3857 lia-

785 3882 959 3934 buisse
978 3905 989 3934 ε
1014 3906 1035 3928 «ι
1056 3885 1205 3935 Dicat
1222 3884 1466 3954 Opuntia!
1483 3885 1665 3935 Frater
1679 3885 1786 3936 Me·

790 3985 811 4009 a
835 3962 996 4032 giltae,
1028 3982 1132 4033 quo
1175 3962 1362 4015 beatus
1389 3963 1649 4028 Vulnere,
1680 3982 1785 4034 qua

783 4053 964 4112 pereat
987 4043 1191 4110 sagitta.
1215 4066 1237 4088 ιι
1270 4042 1334 4091 Et
1359 4042 1429 4092 ita
1455 4041 1673 4093 verbum
1689 4061 1785 4114 pe-

787 4123 885 4174 rire
912 4125 966 4174 in
995 4122 1263 4175 amoribus
1289 4136 1368 4176 est
1397 4123 1612 4174 obvium
1641 4124 1785 4195 apud

784 4206 1022 4254 comicos
1042 4215 1093 4252 et
1122 4201 1270 4253 alios.

845 4299 893 4334 2.
915 4282 995 4333 Tu
1009 4280 1186 4354 perdis
1206 4280 1462 4346 animum,
1480 4277 1573 4333 itte
1589 4297 1672 4335 ωε.
1685 4285 1788 4334 Va·

1873 3089 1945 3139 rie
1984 3101 2033 3139 et
2063 3087 2170 3139 lucc
2212 3091 2429 3140 tentavit
2461 3087 2536 3139 Cl.
2576 3084 2875 3156 Schulting.

1873 3167 1949 3216 Tu
1987 3168 2155 3236 perdis
2204 3169 2471 3230 animum,
2514 3182 2617 3215 non
2656 3162 2770 3215 illic
2808 3183 2879 3216 ως

1869 3256 2071 3295 tantum
2114 3245 2240 3294 bibis
2264 3248 2516 3296 uxorium.
2548 3244 2613 3294 Et
2636 3243 2779 3313 capit
2808 3242 2877 3293 de

1867 3321 2108 3386 homine,
2136 3325 2224 3392 qui
2248 3325 2563 3394 proletarius
2589 3336 2678 3374 aut
2703 3323 2877 3392 capite

1868 3421 2056 3455 census
2083 3419 2245 3470 esset,
2272 3407 2357 3455 cui
2382 3408 2463 3454 vix
2485 3417 2596 3455 erat
2620 3406 2674 3453 in
2697 3401 2872 3467 bonis,

1870 3484 2011 3536 unde
2033 3486 2274 3536 uxorium
2293 3484 2496 3536 solvere
2519 3498 2697 3554 posset
2714 3520 2731 3548 ‚
2751 3500 2877 3554 qua·

1868 3584 1923 3616 re
1973 3585 2000 3615 a
2056 3566 2366 3617 censoribus
2411 3584 2637 3617 numero
2684 3565 2874 3617 civium

1868 3646 2198 3713 movebatur,
2227 3650 2351 3718 quia
2372 3645 2559 3697 caelebs
2587 3664 2695 3696 non
2723 3658 2875 3716 pote-

1870 3742 1947 3780 rat
1984 3729 2187 3779 solvere
2217 3730 2493 3792 uxorium,
2523 3726 2672 3798 quod
2706 3729 2758 3779 in
2796 3726 2876 3777 lu-

1869 3811 2053 3877 panari
2066 3822 2447 3860 consumserat.
2460 3808 2690 3877 Legebat
2701 3809 2871 3872 etiam,

1867 3896 1923 3935 tu
1952 3886 2126 3958 perdis
2153 3887 2391 3937 animum
2418 3887 2559 3950 illic,
2590 3899 2645 3937 tu
2670 3904 2738 3939 ιτς
2758 3886 2875 3937 bibis

1866 3965 2124 4016 uxorium.
2165 3967 2450 4017 Ascensius
2488 3966 2655 4016 bibere
2693 3963 2874 4017 uxoria

1867 4045 2124 4115 explicat,
2166 4047 2359 4117 pocula
2408 4050 2595 4099 uxoria
2612 4084 2629 4112 ‚
2664 4046 2719 4098 id
2762 4057 2873 4112 est,

1868 4130 2108 4198 aquatica
2124 4165 2140 4193 ,
2164 4130 2290 4200 quia
2307 4146 2501 4180 uxores
2521 4141 2673 4180 erant
2691 4126 2873 4177 Roma

1867 4205 2149 4257 abstemiae.
2286 4246 2290 4252 .

1940 4288 1987 4340 3.
2001 4288 2251 4357 [domare
2266 4299 2330 4354 te,
2338 4303 2559 4360 pauper,
2569 4285 2749 4340 saliem
2764 4299 2879 4336 non
