3200 5117
644 568 1059 634 DECLAM.
1106 567 1183 628 V.
1235 565 1514 630 AEGER
1561 565 2178 634 REDEMPTUS.

370 693 773 765 misereris¹.
805 694 892 763 At
919 710 1181 788 quanto
1200 747 1220 780 ,
1251 690 1348 761 dii
1373 689 1693 788 deaeque,
1713 690 1904 762 alius
1925 692 2456 776 fuiteilleinfeli-

362 808 618 881 eissimi
653 807 930 909 juvenis
975 805 1300 878 affectus?
1340 805 1594 877 nuntio
1639 805 1864 895 enim,
1913 827 1978 878 et
2025 807 2347 879 audiente
2392 829 2459 878 et

366 945 510 996 tota
550 924 821 996 civitate
874 943 1039 995 teste
1093 921 1480 1021 proclamo:
1532 922 1658 993 tibi
1706 922 1964 1020 gratias¹
2004 924 2246 1021 agebat
2298 924 2414 997 ille
2436 981 2454 1011 ,

368 1040 541 1112 dum
580 1060 982 1111 moreretur.
1019 1036 1246 1110 Credo
1279 1062 1393 1106 me
1427 1036 1654 1108 hercle
1688 1037 1821 1109 hoc
1857 1039 2185 1111 miserum
2218 1038 2456 1112 dolore

365 1177 890 1254 consumptum,
937 1153 1126 1251 quod
1157 1153 1286 1224 sibi
1316 1151 1682 1224 videbatur
1709 1156 2007 1252 pretium
2038 1183 2245 1228 suum
2278 1157 2455 1227 mihi

368 1270 771 1368 perdidisse.
810 1272 969 1340 Non
1004 1268 1203 1339 aliter
1234 1266 1478 1364 igitur,
1513 1293 1727 1365 quam
1760 1269 1814 1340 si
1850 1290 1915 1341 te
1947 1292 2278 1368 praesente
2329 1270 2455 1342 de-

371 1385 635 1474 ficeret,
664 1410 787 1482 per
821 1382 1035 1472 illud,
1066 1380 1326 1480 inquit,
1353 1383 1562 1453 frater
1589 1383 1890 1482 optime,
1921 1385 2258 1458 natalium
2288 1411 2457 1456 nos-

371 1521 635 1572 trorum
663 1525 931 1571 sacrum
958 1498 1576 1595 venerandumque
1602 1501 2026 1572 consortium
2047 1557 2064 1590 ,
2093 1528 2216 1599 per
2242 1502 2456 1573 socias

372 1613 987 1714 peregrinationes»,
1012 1638 1135 1710 per
1158 1612 1439 1682 adversa
1462 1614 1864 1684 communia
1883 1669 1902 1700 ,
1928 1641 2052 1713 per
2073 1615 2235 1702 hoc,
2264 1643 2354 1713 qu
2364 1616 2456 1687 od

372 1748 439 1800 et
465 1749 544 1800 tu
568 1728 894 1825 languere
927 1726 1207 1825 potuisti
1228 1782 1247 1815 ,
1274 1725 1330 1797 si
1359 1745 1425 1797 te
1462 1725 1565 1797 vel
1596 1745 1716 1798 tua
1749 1727 2454 1826 quandoque'virtuS,

370 1841 475 1913 vel
497 1840 769 1913 satietas
797 1865 1031 1911 secura
1048 1853 1072 1883 ²
1099 1837 1510 1937 praedonum
1535 1839 1820 1937 piratico
1840 1866 2100 1912 carcere
2122 1842 2455 1932 emiserit,

374 1956 785 2027 commendo
818 1953 942 2026 tibi
975 1980 1246 2043 senem,
1282 1980 1493 2051 quem
1525 1954 1820 2026 facimus
1855 1976 2142 2052 uterque
2175 1957 2451 2027 mendi-

377 2096 575 2141 cum:
609 2090 812 2143 testor
836 2068 1252 2141 immortalia
1281 2069 1575 2141 numina
1594 2125 1614 2158 ,
1637 2090 1702 2140 et
1729 2069 2160 2142 infernarum
2182 2070 2456 2143 sedium

377 2186 572 2275 deos,
594 2209 938 2284 pascerem
964 2204 1226 2282 patrem
1244 2237 1263 2270 ,
1292 2182 1346 2254 si
1366 2203 1430 2254 te
1455 2183 1873 2255 redemisset.
1900 2185 2291 2282 Egotamen
2308 2242 2327 2273 ,
2348 2186 2460 2257 in·-

377 2302 559 2399 quit,
578 2299 752 2371 mihi
773 2299 991 2371 debeo
1008 2355 1028 2388 ‚
1049 2299 1237 2396 quod
1262 2324 1564 2371 reversus
1579 2325 1759 2369 sum.
1775 2300 1934 2370 Non
1954 2298 2243 2397 quidem
2267 2299 2459 2398 quid·

378 2442 592 2515 quam
621 2414 862 2505 velim,
884 2413 1292 2513 juvenis,de
1319 2413 1651 2486 virtutum
1684 2435 1964 2486 tuarum
1997 2402 2456 2487 admiratione

380 2530 793 2619 detractum3
831 2528 1073 2601 audias
1101 2549 1334 2600 tamen
1360 2554 1629 2601 necesse
1659 2528 1854 2601 estin
1891 2529 2019 2601 hac
2055 2530 2302 2628 pietate
2336 2557 2459 2602 ve-

380 2671 574 2733 rum,
603 2644 886 2716 evasisse
908 2664 975 2716 te
1009 2664 1239 2741 putas,
1262 2642 1907 2740 ingratePdimissus
1925 2670 2031 2716 es:
2063 2671 2219 2716 mea
2247 2644 2461 2742 pietas

382 2759 562 2831 istud
587 2818 605 2849 ,
620 2785 776 2832 mea
791 2760 952 2832 fecit
970 2759 1211 2833 electio
1232 2787 1247 2831 :
1276 2758 1462 2831 unde
1483 2759 1674 2830 enim
1698 2760 1921 2831 evenit
1942 2760 2290 2857 quidquid
2304 2782 2460 2832 ante

372 2873 860 2974 ‘captivitastua
873 2896 1183 2974 praestare
1202 2900 1345 2947 non
1373 2872 1632 2973 potuit?
1636 2874 1847 2973 jacta,
1870 2895 2212 2972 quantum
2237 2874 2422 2958 voles
2438 2932 2457 2963 ,

384 2988 746 3061 effractum
775 3015 1145 3079 carcerem,
1182 3010 1414 3088 ruptas
1447 3009 1762 3061 catenas:
1799 2987 1901 3059 vis
1928 2987 2096 3060 scire
2127 2987 2298 3083 quid
2329 3014 2460 3059 ne·-

384 3102 710 3203 gligvemes
733 3184 738 3188 ,
758 3105 1011 3178 fecerit·
1045 3130 1454 3204 securosque
1506 3103 1793 3202 piratas?
1843 3123 2246 3202 acceperant
2298 3127 2460 3200 pre—

386 3218 610 3292 tium³
640 3220 963 3292 duorum.

2339 568 2455 636 125

461 3398 798 3453 namet-eres.
815 3401 1084 3455 Miser-eris.
1100 3405 1248 3454 Voss.
1270 3420 1375 3454 sec.
1462 3401 1583 3474 qula
1609 3402 1738 3453 satis
1762 3402 1915 3473 pretii
1942 3415 2040 3472 pro
2068 3395 2278 3449 duobus
2307 3414 2461 3447 acce-

383 3473 526 3526 Laid.
568 3495 647 3547 pr.
689 3477 824 3530 Edit.
864 3477 1008 3531 Leid.
1048 3479 1376 3532 miserereris.
1456 3481 1669 3552 perint,
1704 3493 1756 3531 et
1789 3479 1907 3531 ideo
1940 3491 1993 3529 te
2023 3476 2194 3527 minus
2217 3489 2463 3527 accurate

384 3553 517 3604 Obt-
1460 3559 1787 3613 custodient:
1822 3579 1933 3612 non
1965 3558 2134 3624 male,
2163 3569 2216 3608 et
2245 3555 2350 3608 hoc
2380 3575 2460 3609 se—

459 3652 507 3686 2.
530 3636 746 3690 Societas
766 3655 958 3691 secum.
984 3639 1066 3689 An
1092 3657 1155 3691 ex
1179 3637 1383 3710 epulis?

384 3735 450 3768 an
467 3735 529 3769 ex
544 3718 879 3772 multitudine
890 3719 1107 3792 proedae‘?
1121 3737 1186 3771 an
1208 3718 1385 3792 legen-

382 3796 510 3849 dnm
532 3798 795 3872 felicitase
821 3813 881 3852 ut
913 3799 1171 3871 intelligat
1200 3800 1377 3853 felices

384 3880 658 3951 praedones
668 3917 685 3948 ,
701 3881 745 3932 si
765 3881 986 3932 multum
1005 3882 1235 3934 referant
1251 3899 1379 3953 prae-

381 3955 461 4008 dae
475 3996 493 4024 ‚
515 3976 686 4029 eoque
710 3976 923 4010 securos
937 3995 954 4023 ,
975 3970 1034 4009 ut
1061 3976 1183 4009 mox
1211 3956 1379 4031 negli-

377 4047 554 4106 9entes
585 4048 637 4086 et
662 4052 860 4089 securos
885 4047 1058 4087 vocat.
1086 4035 1170 4085 An
1200 4033 1378 4104 legen-

380 4113 510 4166 dnm
552 4116 749 4168 saevitas
791 4133 995 4179 secura,
1038 4127 1099 4165 ut
1143 4116 1381 4186 sequenti

382 4195 529 4247 Decl.
555 4214 619 4248 ex
645 4193 1014 4247 emendatione
1045 4204 1257 4245 cruenta
1288 4210 1380 4246 εω-

356 4275 530 4330 -υἰεαε,
559 4279 777 4329 Senum.
813 4275 1092 4328 Accensius
1125 4273 1379 4343 explieat,

1464 3640 1747 3712 quentibus
1772 3641 2018 3693 convenit
2039 3637 2244 3691 melius.

1535 3721 1584 3773 3.
1613 3718 1931 3790 Acceperant
1952 3719 2196 3790 pretium.
2221 3717 2465 3785 Namque

1456 3801 1674 3871 piratae,
1707 3817 1865 3869 quem
1901 3800 2028 3870 ipsis
2064 3809 2332 3849 constaret
2364 3814 2464 3866 pa-

1456 3891 1620 3944 trem,
1642 3895 1751 3928 non
1774 3878 1995 3949 repetita
2025 3874 2235 3928 alterius
2264 3873 2355 3925 filii
2379 3893 2463 3925 re-

1466 3958 1771 4031 demptione
1808 3959 1946 4010 intra
1983 3969 2185 4008 certum
2220 3967 2426 4027 tempus
2446 3993 2462 4020 ,

1462 4056 1640 4090 revera
1663 4055 1844 4090 omnes
1866 4055 1994 4107 opes
2012 4034 2262 4088 effudisse
2277 4037 2330 4085 in
2342 4038 2463 4103 aegri

1458 4118 1705 4186 pretium,
1720 4113 1981 4168 valentem
1997 4116 2171 4165 minus
2189 4126 2330 4166 arcta
2345 4130 2461 4162 cus-

1460 4193 1608 4247 todia
1628 4209 1962 4248 servaverunt
1976 4232 1993 4263 ,
2009 4212 2237 4265 quorum
2257 4211 2286 4244 e
2300 4193 2462 4242 mani-

1463 4272 1562 4324 bus
1592 4272 1712 4326 ideo
1736 4275 1910 4344 potuit
1929 4270 2167 4323 evadere.
2191 4272 2282 4321 En.
