3200 5117
700 571 812 633 118
1185 571 1278 632 M.
1332 569 1573 631 FABll
1624 567 2260 649 QtleTlLlAM

690 696 970 766 adversa
1014 694 1443 781 ceciderunt,
1491 692 1935 790 repugnantis
1979 690 2241 762 roboris
2289 689 2768 761 colluctatione

690 813 1083 884 vincuntur.
1131 813 1326 902 Quos
1371 810 1708 882 cruciatus
1741 835 2129 907 compare5‚
2174 836 2384 905 quem
2421 809 2767 897 dolorem,

692 920 911 1026 quum
937 929 1211 1026 penitus
1235 926 1610 998 visceribus
1632 925 1938 995 immissa
1959 924 2147 994 tabes
2167 924 2477 1023 quotidie
2505 925 2770 1024 aliquid

694 1074 769 1116 ex
800 1045 1088 1116 homine
1114 1044 1467 1144 praemittit
1491 1043 1561 1112 in
1594 1063 1884 1112 mortem
1911 1100 1927 1131 ,
1955 1068 2177 1140 quum
2203 1041 2393 1113 cibos
2413 1098 2430 1129 ‚
2451 1042 2733 1114 haustus
2754 1099 2774 1131 ,

697 1182 761 1231 et
807 1161 1041 1231 omnia
1082 1159 1563 1230 blandimenta
1611 1156 1761 1225 vitae
1808 1157 2023 1227 fames
2067 1156 2367 1244 fastidit,
2415 1178 2479 1227 et
2520 1156 2736 1254 poscit
2753 1187 2772 1243 3

698 1276 1078 1348 desiderare
1100 1274 1550 1347 assidentium
1569 1288 1585 1316 ¹
1614 1272 1840 1343 officia
1863 1329 1880 1360 ,
1903 1270 2155 1342 dehinc
2176 1274 2351 1342 ferre
2375 1298 2517 1342 non
2541 1270 2779 1369 posse?

697 1395 998 1490 gravari,
1047 1420 1218 1492 quos
1272 1390 1670 1491 appetieriS,
1724 1387 2056 1459 attactus?
2104 1415 2228 1486 per
2271 1410 2497 1459 totum
2548 1390 2780 1460 cubile

699 1539 942 1609 corpus
962 1511 1144 1581 velut
1179 1538 1255 1580 su
1266 1535 1384 1607 per
1404 1508 1714 1578 ardentes
1745 1507 2082 1602 exagitare
2105 1505 2427 1577 flammas
2452 1520 2473 1548 ²
2492 1506 2520 1575 Ρ
2541 1507 2656 1576 lux
2677 1509 2782 1578 fa-

699 1627 924 1725 tigatis
953 1625 1337 1696 luminibus
1366 1623 1622 1721 gravis,
1655 1648 1782 1692 vox
1811 1622 1953 1691 sola
1984 1622 2070 1692 de
2104 1622 2386 1718 gemitu.
2421 1621 2666 1709 Quum
2703 1649 2780 1694 ex

702 1741 979 1811 duobus
1017 1739 1298 1838 captivis
1326 1738 1609 1835 languet
1641 1737 1840 1825 alter,
1876 1763 2016 1805 una
2058 1758 2156 1806 est
2192 1735 2623 1833 inaequalitas
2656 1764 2784 1832 pa·-

699 1855 816 1925 tris
848 1855 1097 1950 eligere
1131 1881 1402 1924 sanum.

800 1971 988 2039 XVI.
1021 1968 1247 2040 Retuli
1266 2026 1284 2057 ‚
1308 1967 1607 2067 judices,
1634 1991 1850 2063 usque
1875 1963 2103 2035 adhuc
2126 1966 2195 2035 in
2215 1965 2578 2064 penatibus
2606 1966 2745 2037 suis
2764 2024 2783 2056 ‚

696 2083 889 2184 juxta
920 2105 1233 2182 parentes
1261 2084 1825 2181 propinquosque
1845 2138 1862 2168 ,
1880 2080 2349 2178 languentem.
2369 2083 2435 2152 O
2460 2109 2720 2170 carcer,
2744 2110 2784 2153 o

707 2200 931 2270 morbi
955 2197 1009 2286 ³,
1046 2227 1255 2296 quem
1290 2227 1405 2270 vos
1440 2226 1580 2268 non
1620 2196 1833 2270 facitis
1869 2197 2168 2296 aegrum?
2207 2220 2274 2271 et
2304 2225 2443 2268 non
2483 2197 2596 2269 ille
2634 2225 2789 2268 car-

709 2342 858 2402 cer,
889 2341 1100 2409 quem
1133 2313 1445 2384 severitas
1478 2314 1710 2412 legum
1733 2371 1751 2401 ‚
1787 2341 1994 2410 quem
2031 2334 2445 2411 potestatum
2478 2312 2795 2414 4justitia

710 2450 1102 2499 commenta
1148 2449 1262 2499 est.
1299 2432 1455 2500 Non
1497 2450 1783 2526 possunt
1813 2429 2108 2499 humani
2143 2451 2401 2517 metus,
2439 2430 2791 2501 humana-

713 2570 868 2613 rum
905 2544 1399 2640 cogitationum
1436 2544 1716 2641 ingenia
1750 2544 1911 2614 satis
1945 2543 2359 2640 abundeque
2395 2545 2792 2644 concipere,

716 2685 870 2755 quae
902 2659 1081 2728 vidi:
1113 2658 1299 2758 jacet
1329 2657 1459 2729 sub
1494 2658 1851 2728 immensae
1892 2658 2081 2756 rupis
2116 2658 2408 2755 abrupto
2446 2658 2694 2747 tristiS,
2732 2679 2798 2730 et

720 2771 896 2842 ultra
926 2773 1307 2844 naturalem
1339 2772 1700 2868 profundae
1734 2771 2048 2869 caliginis
2079 2791 2351 2842 noctem
2385 2799 2649 2844 mersus
2682 2773 2796 2871 pi-

718 2886 942 2957 raticis
991 2888 1254 2959 artibus
1302 2915 1582 2988 specuS,
1639 2912 1848 2983 quem
1902 2905 2036 2956 tota
2084 2884 2482 2958 circumfusi
2529 2889 2798 2961 vastitas

720 3001 970 3090 maris,
1002 3023 1067 3073 et
1096 3002 1410 3099 undique
1440 2999 1876 3072 minantibus
1901 2999 2199 3098 scopulis
2228 2999 2411 3071 illisa
2438 3021 2806 3100 tempestas.

721 3140 973 3189 terrore
1007 3120 1282 3190 ruiturae
1319 3118 1520 3189 molis
1558 3116 1939 3188 everberat:
1973 3115 2252 3187 horrent
2293 3139 2536 3189 cuncta
2579 3117 2803 3189 cruci-

802 3345 845 3378 ι.
863 3328 1117 3380 Assidenti
1121 3348 1225 3380 um.
1243 3331 1458 3400 Propria
1479 3332 1531 3380 iu
1550 3326 1653 3380 hac
1672 3349 1728 3379 re
1809 3341 1862 3377 et
1915 3326 2098 3379 sordes
2151 3326 2239 3379 illa
2292 3329 2508 3380 morbos
2561 3327 2806 3379 facillime

727 3427 842 3459 vox.
862 3412 956 3461 Ov.
980 3411 1078 3479 Ep.
1100 3411 1225 3460 XX:
1251 3433 1275 3454 ι
1289 3410 1380 3461 llle
1403 3427 1587 3461 manus
1605 3412 1727 3462 istas
1809 3420 2004 3458 creant.
2026 3408 2106 3458 Sic
2128 3426 2244 3478 cap.
2269 3425 2358 3476 19:
2383 3409 2580 3479 Impius
2595 3406 2807 3458 carceris

735 3511 758 3534 ι
774 3489 975 3558 effingit
990 3501 1042 3538 et
1058 3489 1248 3541 assidet
1263 3509 1423 3561 aegrae.
1435 3515 1457 3538 n
1473 3490 1604 3542 Vide
1617 3504 1726 3540 not.
1807 3488 1999 3554 sordes,
2025 3503 2077 3539 et
2101 3490 2300 3559 saepius.
2324 3491 2490 3540 Burin.

738 3570 862 3635 134,
885 3572 937 3620 in
956 3569 1051 3620 Ed.
1069 3584 1204 3622 nost.
1222 3570 1323 3622 vol.
1344 3573 1392 3638 1,
1416 3591 1467 3642 p.
1495 3573 1615 3641 372.
1633 3574 1727 3623 Eo.
1883 3568 1930 3632 4.
1957 3568 2272 3619 potestatum
2285 3569 2513 3638 justitia.
2545 3568 2810 3632 Potestne,

806 3669 853 3702 2.
874 3653 1153 3722 Exagitet-e
1155 3652 1423 3727 flammas.
1446 3655 1503 3704 lu
1524 3651 1606 3703 his
1628 3673 1734 3704 om-
1812 3649 1920 3699 sine
1942 3646 2220 3716 adjuncto,
2235 3668 2337 3719 pro
2352 3650 2685 3718 magistratu,
2699 3648 2809 3712 vel,

730 3729 887 3780 nibus
904 3743 982 3779 est
996 3728 1163 3780 vivida
1180 3727 1461 3800 descriptio
1478 3731 1732 3802 languen-
1814 3743 1871 3780 ut
1907 3744 2099 3780 vocant
2116 3768 2131 3792 .,
2171 3731 2348 3781 officio
2383 3730 2534 3800 quod.
2564 3733 2679 3801 quis
2712 3730 2810 3782 sub

734 3812 797 3861 tis
818 3848 835 3874 ‚
873 3811 962 3881 qui
1001 3829 1165 3881 quum
1202 3809 1360 3864 febris
1400 3812 1587 3864 ardore
1627 3833 1734 3865 non
1814 3811 2051 3882 principe
2066 3810 2416 3879 gerit.Claud.
2437 3830 2553 3882 cap.
2575 3811 2664 3862 23:
2689 3834 2709 3856 κ
2726 3813 2812 3861 Ju-

737 3892 989 3943 rontiuno
1037 3894 1383 3964 corripiatur,
1432 3894 1572 3945 idem
1613 3896 1739 3948 velit
1824 3912 1845 3934 κ
1867 3887 2220 3941 risdictionem
2274 3889 2341 3940 de
2400 3889 2811 3941 fideicommissis

736 3958 833 4044 pei·
856 3973 1042 4038 horas,
1065 3974 1203 4025 idem
1227 3974 1376 4026 nolit,
1400 3977 1493 4027 En,
1824 3994 1845 4017 ιι
1867 3973 2150 4041 quotannis
2167 4009 2182 4034 ‚
2219 3986 2270 4022 et
2308 3985 2510 4023 tantum
2553 3972 2606 4021 in
2650 3970 2811 4034 urbe,

811 4053 859 4103 3.
905 4052 950 4103 0
972 4069 1167 4118 carcer,
1197 4072 1229 4103 ο
1250 4055 1432 4106 morbi,
1471 4057 1517 4107 0
1538 4073 1735 4121 carcer,
1823 4072 1844 4095 ιι
1865 4049 2093 4118 delegari
2108 4049 2495 4119 magistratibus
2511 4049 2746 4113 solitam,
2761 4049 2813 4098 in

743 4151 773 4183 ο
794 4131 989 4182 sordes!
1018 4131 1148 4184 Obr.
1185 4134 1421 4203 egregie3
1454 4135 1569 4204 quis
1598 4136 1740 4185 enim
1824 4152 1847 4175 ι
1864 4144 2178 4202 perpetuum
2205 4144 2360 4200 atque
2386 4133 2540 4182 ctiam
2565 4149 2662 4201 per
2691 4147 2816 4201 pro-

742 4224 849 4262 tam
900 4210 1088 4263 stultus
1104 4252 1120 4276 .,
1169 4225 1228 4263 ut
1276 4214 1475 4266 nesciat
1525 4213 1740 4265 morbos
1826 4235 1845 4257 ι
1868 4213 2064 4264 vineias
2120 4211 2471 4282 potestatibus
2529 4209 2820 4263 demanda-

742 4309 933 4360 aegrum
958 4292 1173 4374 facer'e?
1207 4290 1296 4343 sed
1325 4294 1484 4345 foetor
1516 4295 1743 4345 carceris
1828 4316 1849 4338 u
1873 4295 1960 4344 vit.
1984 4317 2006 4339 ι
2035 4295 2126 4344 En.
