3200 5117
732 516 1363 584 DECLAMATIO
1408 517 1503 581 11.
1551 513 1736 582 PRO
1777 516 2068 584 cAEco.
2352 521 2436 608 39

366 640 731 743 parricidio
759 641 1165 741 suspicatus,
1197 639 1500 721 dormire
1530 638 1833 738 patrem?
1868 661 1941 711 tu
1966 639 2174 712 sentis
2209 653 2439 740 quan-

362 758 458 832 do
475 784 715 834 senem
734 756 966 832 vicerit
986 755 1308 829 lassitudo
1332 781 1677 847 curarum.
1703 756 1903 827 Caeco
1927 753 2079 853 quis
2101 756 2447 829 renuntiat

364 872 559 970 quod
591 871 728 944 diei
763 872 1064 946 noctisve
1097 870 1474 943 secretum?
1502 869 1630 942 scis
1663 869 1912 969 pariter
1937 897 2027 942 an
2066 897 2209 942 una
2243 871 2443 970 quie-

369 986 711 1060 scentium
736 989 914 1061 fores
932 985 1279 1059 vallaverit
1305 1011 1472 1058 cura
1487 1012 1879 1058 servorum:
1908 1007 1980 1057 tu
2002 987 2224 1059 faeere
2255 1008 2443 1084 potes

369 1101 828 1192 occasionem,
874 1129 1046 1174 uxor
1091 1121 1161 1176 et
1207 1101 1513 1172 domina.
1560 1102 1760 1173 Caeco
1799 1101 2091 1174 fortassis
2125 1101 2212 1174 ad
2257 1102 2446 1176 aliud

371 1214 587 1289 limen
631 1217 1004 1290 errandum
1043 1235 1183 1288 est:
1227 1214 1352 1288 tihi
1388 1214 1520 1287 hoc
1555 1212 1782 1288 solum
1825 1233 2060 1304 restat,-
2103 1233 2180 1287 ut
2221 1216 2443 1290 ferias.

370 1334 615 1406 Caecus
646 1358 924 1407 necesse
958 1352 1058 1404 est
1094 1331 1396 1430 quietem
1432 1330 1642 1429 patris
1675 1331 1824 1430 ipsa
1858 1358 2227 1432 corporum
2266 1333 2450 1405 elec-

372 1446 562 1528 tione
612 1447 1030 1520 confundat¹
1079 1473 1095 1517 :
1153 1467 1228 1519 tu
1267 1446 1631 1545 jugulum,
1687 1467 1761 1520 tu
1787 1521 1800 1534 ,
1818 1467 2007 1546 potes
2053 1468 2451 1547 pertractare

373 1581 644 1660 pectus,
669 1560 842 1633 dum
863 1561 1317 1658 amplecteris.
1344 1560 1560 1634 Nobis
1585 1561 1840 1636 iterum
1865 1589 2061 1636 casus
2085 1560 2292 1653 redit,
2319 1592 2456 1637 rur-

372 1700 493 1746 sus
522 1673 783 1746 ineerta
804 1673 1133 1746 tentanda
1155 1695 1323 1746 sunt
1343 1701 1359 1745 ε
1387 1674 1517 1748 tibi
1547 1695 1776 1765 restat,
1796 1697 1873 1749 ut
1888 1676 2123 1752 statim
2139 1678 2456 1751 membra

370 1813 787 1885 componas,
823 1808 900 1862 ut
935 1787 1266 1885 quiescas.
1310 1790 1471 1862 Non
1505 1788 1866 1862 sufficiunt
1895 1790 2163 1864 facinus
2194 1793 2456 1868 facturo

374 1899 536 1972 solae
557 1898 1026 1998 cogitationes,
1043 1922 1110 1973 et
1124 1901 1231 1973 vix
1250 1923 1395 1974 tarn
1415 1901 1641 1974 multa
1661 1903 1917 2001 pariter
1933 1903 2191 1976 sciretis
2213 1919 2237 1954 ²
2251 1907 2458 1979 oculi·-

370 2018 506 2090 Per
537 2013 785 2104 fidem,
809 2014 1118 2115 judices,
1154 2017 1244 2088 ab
1277 2035 1426 2089 utro
1460 2016 1859 2089 credibilius
1886 2039 1986 2090 est
2011 2020 2314 2094 occisum
2349 2046 2460 2091 se—

376 2129 583 2206 nem?
620 2158 663 2201 a
704 2157 993 2202 noverca
1020 2157 1176 2228 quae
1209 2152 1278 2203 et
1309 2131 1686 2230 prospexit,
1727 2154 1804 2205 nt
1841 2133 2021 2206 alius
2053 2156 2281 2232 posset
2318 2161 2461 2208 esse

374 2244 778 2345 suspectus?
820 2271 911 2316 an
956 2271 999 2316 a
1029 2244 1316 2344 juvene,
1363 2245 1561 2346 cujus
1598 2246 1864 2340 invidia
1903 2250 2247 2346 periturus
2289 2271 2461 2341 erat,

372 2359 588 2432 etiam
619 2380 698 2433 ut
729 2360 935 2432 illum
967 2360 1149 2433 alius
1181 2361 1485 2433 occidat?
1516 2364 1897 2438 Intuemini
1927 2393 2050 2463 per
2077 2365 2324 2456 fidem,
2331 2368 2463 2497 ’ju-

376 2475 605 2560 dices‚
639 2474 1121 2572 procedentem
1155 2475 1610 2575 parricidam:
1647 2501 1819 2573 qnos
1853 2505 1994 2558 non
2024 2479 2153 2554 ista
2184 2480 2464 2579 vestigia

376 2592 704 2687 frangant
734 2611 1201 2692 rumpantque
1234 2591 1558 2674 somnos?
1584 2592 1873 2690 vestigia
1913 2592 2160 2691 ρΙιιιι3
2193 2623 2467 2698 semper

383 2706 802 2795 errantium,
851 2732 1006 2804 quoe
1054 2733 1201 2782 non
1248 2707 1477 2778 valent
1523 2706 1871 2816 suspensis
1916 2711 2465 2808 praetentatisque

380 2822 729 2920 gressibus
757 2821 1010 2898 librare
1038 2849 1325 2921 corpus:
1359 2842 1425 2893 et
1452 2821 1624 2919 quia
1651 2821 1777 2894 diu
1811 2843 1975 2893 sunt
1997 2824 2291 2914 incerta,
2325 2852 2466 2898 nu·-

378 2937 606 3012 mntia
630 2963 906 3012 necesse
934 2958 1035 3012 est
1060 2937 1331 3035 gravius
1362 2957 1680 3033 premant
1709 2935 1969 3025 solum,
2004 2938 2119 3010 cui
2149 2939 2467 3012 eredide-

382 3051 551 3124 rint.
579 3050 867 3141 Quanto
899 3077 979 3123 ex
1006 3050 1137 3124 hoe
1168 3050 1384 3124 turbae
1413 3049 1568 3149 plus
1595 3049 1895 3150 accipiat
1919 3076 2190 3126 neeesse
2220 3073 2322 3126 est
2353 3053 2469 3126 illa

374 3166 710 3260 ,nocturni
742 3164 996 3242 silentii
1025 3165 1253 3263 quim,
1287 3164 1937 3262 quod.ambulamis
1964 3165 2120 3242 caeci
2149 3192 2279 3238 nec
2316 3194 2471 3242 ma·-

384 3304 525 3358 nus
548 3300 839 3370 cessant,
864 3280 1409 3378 premittuntur‚
1436 3278 1818 3377 explorant,
1839 3299 1911 3358 et
1937 3279 2174 3360 adesse
2197 3308 2269 3354 se
2298 3307 2475 3354 nun-

389 3395 630 3469 ciant?
672 3393 799 3472 illa
838 3423 961 3494 per
998 3421 1153 3496 quae
1193 3395 1592 3494 complexus
1637 3395 1956 3484 veniunt,
2003 3423 2146 3470 non
2183 3419 2354 3470 sunt
2399 3398 2475 3472 in

390 3529 723 3609 potestate
761 3510 952 3601 εκεῖ,
991 3509 1251 3608 quibus
1283 3530 1425 3582 toto
1460 3534 1531 3580 se
1567 3507 1863 3592 fateatur
1893 3511 2224 3608 strepitu:
2261 3511 2473 3610 quid-

471 3651 873 3730 &Constantium
905 3653 967 3708 ld
997 3667 1077 3707 est
1106 3654 1309 3718 turbet,
1332 3667 1392 3708 ιιι
1541 3654 1592 3707 3.
1638 3653 1867 3728 Vestiqia
1898 3653 2072 3725 plura.
2111 3656 2262 3706 Dura
2295 3655 2477 3708 munet

390 3735 633 3800 Petu-on„
654 3753 702 3787 e.
726 3736 848 3789 132:
878 3758 901 3780 ιι
920 3736 1051 3803 Quis
1074 3736 1293 3802 domina}
1309 3737 1392 3788 hi-
1470 3735 1755 3785 Burmann.
1777 3734 1924 3806 quod
1944 3737 2182 3807 apprime
2201 3737 2329 3788 facit
2353 3755 2479 3790 cum

400 3833 426 3857 ο
445 3810 706 3864 laritatem
728 3812 1063 3867 confuderit?
1082 3842 1104 3866 ι
1132 3817 1198 3868 Ει
1220 3817 1291 3868 ita
1308 3836 1393 3868 ειε-
1473 3812 1844 3884 sequentibu3‚
1855 3829 2102 3886 premant
2113 3817 2298 3869 solum.
2315 3818 2482 3888 Quip-

393 3912 465 3965 pe
487 3893 589 3947 hae
612 3894 844 3948 Decium.
1472 3910 1540 3963 pe
1555 3910 1665 3944 non
1683 3891 1749 3945 de
1763 3912 1982 3944 numero
1997 3912 2251 3966 passuum
2266 3932 2283 3961 ,
2298 3893 2478 3966 quoad

466 3972 755 4040 2.Sciretis,
764 3975 919 4028 oculi.
933 3976 1097 4030 Sensu
1109 3976 1396 4048 pathetice,
1476 3971 1793 4028 celeritatem
1808 4011 1825 4040 ,
1844 3973 1937 4028 sed
1955 3973 2024 4026 de
2043 3974 2253 4028 silentio
2265 4012 2283 4041 ,
2298 3973 2481 4046 quoad

397 4064 451 4104 et
467 4049 537 4102 ad
556 4052 943 4108 miserationem
961 4056 1087 4108 caeci
1109 4073 1401 4108 accommo-
1480 4050 1781 4106 facilitatem
1802 4051 2011 4105 sceleris
2027 4054 2214 4123 agitur.
2231 4055 2309 4105 lta
2322 4050 2478 4105 Ovid-

397 4129 554 4196 dato‚
592 4131 1057 4203 interrogationem
1100 4132 1171 4184 ed
1214 4133 1398 4189 oculos
1476 4131 1533 4182 in
1563 4129 1779 4182 Remed.
1806 4148 1879 4184 vs.
1908 4129 2040 4192 333;
2065 4144 2118 4184 et
2139 4134 2318 4184 Amor.
2345 4129 2476 4199 eleg.

390 4209 825 4278 ipsos-convertit
847 4210 1056 4265 Fabius.
1079 4212 1174 4264 En.
1478 4210 1549 4262 XI
1566 4248 1584 4277 ,
1609 4211 1669 4280 4,
1692 4212 1887 4265 duriter
1901 4212 2147 4266 incedere.
2177 4215 2272 4268 Ea.
