3200 5117
710 555 983 627 DECL.
1031 559 1157 622 vl.
1205 556 1688 623 CORPORIS
1735 557 2228 625 PROJECTI.
2399 561 2516 638 135

416 685 750 786 perversis
775 685 985 758 etiam
1009 683 1217 772 votis,
1244 683 1367 781 qui
1394 701 1663 782 optaret
1689 681 1963 781 alligari
1990 710 2030 755 a
2052 684 2321 785 piratis,
2348 712 2522 786 quos

413 802 632 875 vitare
666 827 949 900 quoque
985 799 1323 871 miserum
1359 818 1494 871 est:
1533 798 1781 897 quaerit
1806 796 1952 869 haec
1985 799 2228 871 omnia
2260 799 2524 897 impius

417 917 535 990 ille
564 917 754 990 filius
782 936 1062 1016 propter
1089 936 1444 1014 parenteS‚
1480 913 1670 1013 quod
1697 940 1843 986 non
1871 914 2298 1014 praestitisset
2317 915 2523 987 frater

415 1034 644 1125 fratri,
676 1059 820 1104 non
857 1058 1027 1105 uxor
1056 1030 1206 1104 viro
1227 1087 1245 1120 ‚
1287 1028 1461 1126 quid
1490 1028 1889 1101 differimus
1920 1027 2140 1100 ultra?
2163 1055 2308 1101 non
2334 1051 2537 1128 pater.

417 1151 589 1224 filio.
633 1150 752 1222 Dii
799 1147 1269 1237 immortales,
1309 1146 1493 1236 caeli,
1529 1146 1780 1238 maris,
1820 1146 2206 1218 inferorum
2230 1161 2248 1190 ¹
2291 1146 2538 1246 praesi--

418 1268 575 1359 des,
613 1267 740 1338 uni
776 1265 955 1338 mihi
996 1265 1227 1336 adhuc
1274 1289 1520 1335 omnes
1562 1263 1748 1335 male
1795 1265 2095 1364 experti,
2134 1291 2252 1337 vos
2286 1285 2520 1337 tamen

418 1383 597 1456 solos
639 1381 869 1453 habeo
909 1399 1405 1477 testes,‚quam
1447 1378 1702 1451 invitus
1742 1378 2144 1479 redemptus
2181 1379 2352 1452 sim!
2385 1380 2525 1451 Mi-

419 1525 652 1570 serum
681 1524 795 1570 me
815 1495 829 1568 !
849 1495 1057 1595 periit
1085 1495 1207 1594 qui
1238 1495 1499 1567 sciebat
1518 1522 1532 1565 ε
1554 1521 1736 1569 ¹nam
1763 1516 1843 1569 ut
1872 1496 2183 1594 primum
2210 1496 2525 1595 pervenit

411 1612 692 1713 juvenis
735 1611 822 1684 ad
857 1611 1150 1710 piratas,
1186 1611 1485 1682 afferens
1529 1610 2337 1710 redemptionismeae-se
2371 1639 2528 1711 pre-

421 1730 599 1801 tium
619 1787 638 1820 ,
670 1756 707 1801 e
737 1728 948 1802 ferali,
971 1726 1291 1799 navicula
1324 1727 1567 1803 avidus
1595 1727 1901 1819 exsiluit,
1934 1729 2222 1802 vicarias
2252 1727 2536 1801 oblatu-a

419 1870 536 1915 rus
568 1827 821 1916 manus
838 1873 858 1934 3
880 1843 1112 1914 stravit
1144 1870 1213 1915 se
1248 1843 1335 1914 ad
1367 1869 1598 1942 genua
1625 1843 2101 1942 singulorum;
2130 1864 2198 1917 et
2221 1865 2296 1915 ut
2323 1844 2526 1943 cupi-

421 1959 595 2032 ditas
640 1959 897 2031 fecerat
933 1957 1316 2048 blandum‚
1352 1958 1732 2031 obsecravit
1774 1959 2110 2032 omnibus
2160 1959 2520 2059 precibus,

422 2074 800 2147 miserabili
838 2074 1154 2174 planctu,
1195 2095 1263 2147 et
1304 2074 1610 2147 lacrimis
1657 2103 1853 2175 paene
1900 2078 2273 2150 maternis:
2309 2103 2520 2149 nemo

424 2219 767 2291 umquam
802 2191 939 2282 sic,
977 2210 1054 2263 ut
1093 2191 1503 2282 solveretur,
1539 2192 1835 2290 rogavit3
1869 2219 1999 2265 nec
2039 2219 2202 2266 sane
2238 2193 2523 2266 difficile

419 2309 556 2380 fuit
600 2309 968 2408 impetrare
1002 2333 1043 2378 a
1073 2306 1314 2407 piratis
1347 2305 1841 2408 captivitatem3
1882 2308 2107 2408 major
2138 2307 2244 2380 illi
2286 2334 2541 2407 pugna.

423 2449 705 2495 mecum
734 2424 893 2496 fuit.

521 2539 648 2609 VI.
685 2540 845 2611 Non
882 2538 1183 2637 dignum
1214 2539 1391 2611 illud
1422 2541 1894 2640 spectaculum
1927 2540 2314 2613 latronibus
2346 2562 2519 2632 erat,

430 2679 653 2750 quum
689 2675 881 2753 pater
913 2653 1238 2752 filiusque
1270 2655 1354 2727 de
1384 2655 1681 2729 vinculis
1718 2657 2251 2747 contenderent,
2288 2677 2363 2730 et
2387 2656 2539 2730 sibis

426 2767 720 2866 quisque
754 2795 1093 2841 carcerem
1119 2769 1532 2843 vindicaret:
1560 2797 1687 2869 ego
1703 2773 1859 2874 jam
1887 2799 2021 2846 usu
2055 2772 2521 2845 defendebam

421 2910 667 2955 meum
692 2940 711 2975 ,
747 2905 813 2956 et
847 2884 920 2957 in
955 2886 1063 2957 his
1106 2887 1310 2958 annis
1346 2888 1501 2989 jam
1544 2909 1893 2962 maturam
1935 2910 2234 2962 mortem
2269 2890 2529 2961 affere-

420 2997 613 3071 bam.
646 3002 737 3071 At
763 2999 880 3072 ille
910 3021 1179 3092 contra;
1213 3028 1342 3101 ego
1374 3024 1439 3075 te
1470 3003 1544 3075 in
1574 3004 1971 3077 calamitate
2007 3003 2363 3094 deseram?
2393 3031 2519 3103 ego

422 3115 787 3217 alligatum
823 3116 1264 3216 relinquam?
1297 3142 1365 3192 et
1396 3121 1751 3220 quomodo
1786 3122 1873 3193 ad
1910 3142 2205 3192 matrem
2235 3118 2518 3210 redibo,

422 3259 571 3329 quae
606 3234 862 3306 misera
895 3234 1232 3307 desiderio
1278 3236 1383 3308 tui
1434 3237 1579 3311 dies
1623 3258 1999 3336 noctesque
2034 3235 2313 3308 fletibus
2346 3234 2521 3336 jun-

422 3347 561 3446 git?
588 3375 739 3445 quae
769 3350 993 3423 vivere
1022 3352 1171 3423 sine
1201 3373 1265 3423 te
1299 3381 1442 3424 non
1474 3353 1741 3452 potest?
1769 3356 1929 3425 Non
1973 3351 2242 3424 dicebat
2280 3373 2520 3425 tamen

420 3464 665 3536 omnia
695 3493 710 3537 :
753 3486 820 3538 et
850 3493 1075 3566 quum
1106 3469 1419 3542 assiduos
1454 3471 1773 3569 planctus
1806 3491 1872 3542 et
1906 3468 2311 3568 irrequietas
2346 3467 2524 3538 dice-

421 3600 525 3652 ret
553 3579 909 3675 lacrimas,
940 3583 1343 3685 adjiciebat;
1363 3587 1518 3687 jam
1546 3613 1745 3686 paene
1776 3612 1950 3658 caeca
1979 3605 2113 3674 est;
2147 3585 2431 3656 fortasse
2465 3582 2523 3654 si

419 3733 1427 3806 etrevocarealiquemabitinere.Ovid.
1512 3739 1651 3790 Nam
1690 3738 1841 3791 aliter
1878 3740 1934 3790 in
1976 3736 2265 3802 similibus,
2301 3735 2484 3788 caelum
2502 3773 2519 3799 ‚

416 3813 774 3887 Metamorph.
808 3817 883 3882 Π,
919 3817 1053 3887 596:
1094 3818 1292 3886 «Tibi,
1323 3820 1427 3885 ait,
1512 3831 1699 3872 terram
1738 3834 1791 3873 et
1827 3822 2028 3884 maria,
2065 3836 2356 3889 eorumque
2393 3816 2521 3871 deos

424 3918 447 3940 ιι
470 3897 829 3965 revocamina‚
855 3916 1072 3964 corvus,
1097 3900 1211 3953 Sint
1235 3918 1429 3971 precor
1507 3901 1847 3954 invocabant.
1875 3904 2088 3953 Terent.
2119 3898 2217 3952 Ad.
2233 3901 2299 3967 V,
2329 3899 2392 3952 3:
2432 3921 2454 3944 ι
2475 3899 2522 3951 O

424 3999 448 4024 οι
467 3975 561 4028 illa
585 3976 726 4029 malo
741 4015 758 4043 ,
785 3997 884 4030 nos
907 3998 1105 4033 vanum
1128 3980 1425 4051 spernimus
1515 4000 1539 4025 σι
1559 3979 1774 4046 caelum,
1800 3998 1831 4030 o
1858 3992 2027 4046 terra,
2052 3998 2086 4030 0
2111 3979 2291 4030 maria.
2315 4001 2338 4024 n
2362 3977 2518 4032 ovid.

422 4080 446 4104 ιι
466 4075 641 4111 omen.
664 4083 686 4106 n
717 4062 883 4111 Eunu.
1507 4061 1668 4113 Trist.
1693 4061 1773 4126 11,
1799 4059 1897 4114 53:
1930 4081 1950 4103 α
1971 4061 2069 4110 Per
2092 4076 2271 4122 mare,
2295 4075 2393 4129 per
2417 4070 2526 4108 ter—

496 4156 513 4191 ι
527 4180 539 4192 .
561 4138 882 4209 Inferorum.
898 4141 1009 4191 Hos
1029 4142 1239 4192 invocat
1257 4161 1427 4214 prop·
1515 4161 1537 4186 ι
1560 4157 1645 4191 ras
1658 4177 1676 4205 ,
1693 4158 1792 4210 per
1811 4138 1964 4190 tertia
1984 4139 2351 4207 numinajuro.
2364 4159 2384 4182 ιι
2401 4134 2517 4186 Vid.

417 4230 497 4270 ter
524 4219 769 4272 tenebras
798 4220 1023 4272 carceris
1056 4219 1393 4275 densissimas
1409 4261 1427 4289 ,
1509 4220 1574 4272 ad
1600 4222 1744 4291 Vir-g.
1767 4218 1973 4273 AEneid.
1999 4222 2068 4273 Ill
2085 4259 2102 4288 ,
2120 4240 2168 4271 v.
2198 4218 2329 4285 528,
2354 4230 2406 4270 et
2432 4215 2540 4272 alit

416 4298 1422 4356 mitarextenebrarumPluto.Senum.
1505 4304 1722 4375 passim.
1753 4302 1924 4355 Bunu.
