3200 5117
809 535 1080 601 DECL.
1127 531 1278 599 XV.
1326 531 1538 597 ODII
1585 529 1884 596 ΡΟΤΙΟ
1931 530 2023 593 ῙῙ.
2334 524 2460 605 343

375 659 593 732 ridere
628 659 1038 730 meretrices.
1078 660 1376 758 Repete,
1415 654 1758 755 agedum,
1794 651 2079 724 illarum
2117 646 2468 746 colloquia

374 774 690 848 noctium
710 831 729 864 ,
751 775 1010 874 quibus
1036 795 1100 846 te
1120 775 1520 873 frequenter
1547 769 1833 842 alterius
1851 825 1871 861 ,
1893 789 1963 840 et
1979 768 2261 838 fortasse
2289 762 2468 835 divi-

375 890 461 962 tis
489 890 814 962 amatoris
848 890 1140 991 injuria,
1174 910 1529 987 receptum
1549 941 1569 974 ,
1600 887 1778 958 inter
1809 881 2041 956 oscula
2068 878 2468 979 amplexus-

378 1032 512 1104 que
557 1005 837 1077 monui:
882 1004 1053 1102 quid
1093 1004 1300 1076 miser
1334 1030 1498 1075 cum
1537 1002 1820 1073 fortuna
1846 1057 1866 1089 ,
1902 998 2070 1098 quid
2108 1023 2274 1068 cum
2312 1018 2473 1064 mea

379 1120 775 1193 conditione
805 1118 1079 1191 rixaris?
1107 1145 1308 1218 parce
1335 1116 1857 1190 necessitatibus
1882 1113 2053 1186 meis
2071 1167 2090 1202 ,
2123 1112 2264 1182 duo
2287 1135 2470 1209 pau-

383 1260 650 1332 pereres
680 1261 947 1306 sumuS.
980 1233 1112 1305 Sed
1131 1254 1198 1306 et
1216 1253 1288 1304 tu
1312 1233 1580 1329 quoties
1608 1232 1680 1302 in
1707 1231 1902 1303 sinus
1928 1253 2120 1299 meos
2145 1220 2473 1322 lacrymis

385 1347 692 1447 fletuque
728 1350 1070 1421 resolutus
1097 1347 1527 1436 exclamasti3
1559 1346 1779 1426 sentio
1808 1346 2118 1416 furorem
2139 1399 2161 1430 ,
2195 1338 2317 1412 sed
2341 1338 2477 1408 im·

385 1490 622 1561 perare
657 1463 874 1535 oculis
896 1520 915 1555 ,
944 1463 1065 1535 sed
1094 1464 1417 1535 animum
1452 1487 1687 1560 regere
1722 1487 1863 1531 non
1898 1455 2224 1557 possum!
2260 1478 2473 1551 quam

383 1578 682 1650 libenter
701 1599 766 1650 te
781 1636 800 1669 ,
823 1577 1097 1668 mulier,
1120 1576 1452 1650 odissem!
1479 1603 1623 1647 non
1641 1596 1740 1647 est
1760 1574 1989 1674 igitur,
2009 1568 2479 1668 ingratissime

391 1692 791 1765 mortalium
814 1750 835 1782 ,
857 1694 1044 1790 quod
1077 1693 1499 1766 beneficium
1526 1713 1840 1763 nostrum
1867 1687 2156 1760 nomine
2185 1682 2482 1783 potionis

392 1808 722 1880 infames:
751 1809 1140 1880 remedium
1170 1808 1439 1897 bibisti,
1469 1808 1585 1880 sed
1613 1805 1793 1877 illud
1823 1803 2066 1876 odium
2096 1822 2301 1872 tuum
2332 1816 2453 1869 est.

487 1923 676 1994 XIII.
713 1921 955 2013 Quid?
986 1923 1175 2022 quod
1209 1922 1413 2013 furis,
1449 1920 1890 2008 conviciariS,
1926 1914 2484 2001 exclamas,·non

395 2058 493 2110 est
524 2035 813 2110 haustus
848 2038 1032 2110 illius
1066 2039 1388 2128 affectus,
1424 2037 1543 2110 sed
1577 2062 1810 2108 amor:
1846 2033 1996 2106 talis
2023 2028 2236 2101 fuisti.
2271 2012 2487 2098 Aliud

395 2173 591 2242 sunt,
626 2152 818 2225 aliud
847 2153 949 2225 illi
970 2208 989 2241 ,
1025 2180 1197 2252 quos
1235 2154 1310 2225 in
1344 2151 1726 2251 voluptates
1758 2146 2343 2249 superfluentium
2376 2142 2490 2212 fa·-

397 2267 734 2341 cultatum
784 2269 995 2341 mittit
1042 2296 1280 2341 secura
1339 2267 1658 2340 felicitas:
1716 2262 2107 2363 improbius
2155 2280 2495 2358 pauperes

400 2405 658 2456 amant.
690 2384 799 2457 Sic
826 2405 973 2457 tum
986 2385 1362 2457 ultuabaris
1387 2384 1730 2456 admissus
1752 2397 1798 2472 ¹,
1825 2381 1920 2453 sic
1949 2401 2180 2449 moras
2198 2429 2217 2462 ,
2240 2372 2338 2443 sic
2364 2370 2493 2441 im-

403 2501 729 2600 pedimen
738 2521 805 2571 ta
819 2502 995 2597 ferre
1014 2528 1155 2573 non
1171 2522 1439 2600 poteras
1459 2528 1472 2572 :
1496 2497 1957 2572 maledicebas
1971 2490 2260 2593 populo,
2272 2485 2495 2560 convi-
2510 2572 2555 2592 Α

404 2615 690 2686 ciabaris
722 2614 1174 2687 intrantibus:
1202 2615 1399 2714 cujus
1425 2641 1741 2711 unquam
1766 2609 2037 2683 felicius
2066 2619 2501 2679 commutata

405 2733 685 2803 fortuna
717 2750 855 2817 est,
890 2731 944 2801 si
973 2751 1139 2802 tunc
1173 2757 1417 2802 omnes
1447 2729 1725 2814 oderaS,
1762 2753 1953 2799 nunc
1979 2749 2197 2794 unam
2236 2741 2498 2819 pauper

408 2845 607 2917 odisti
622 2845 648 2913 Ρ
663 2845 858 2935 Quin
874 2843 1124 2943 potius,
1143 2843 1416 2942 juvenis
1431 2898 1449 2930 ,
1467 2840 1773 2913 admittis
1788 2836 2054 2911 consilii
2066 2852 2092 2880 ²
2114 2833 2453 2905 rationem
2468 2825 2501 2898 ?

411 2961 578 3061 quid
611 2959 758 3058 agis
790 2956 1069 3029 infelix?
1101 2984 1223 3029 cur
1252 2955 1599 3029 redditam
1634 2954 1847 3025 modo
1881 2949 2241 3023 sanitatem
2276 2943 2499 3040 rigore

411 3076 644 3148 uimiae
678 3072 1144 3147 contentionis
1174 3069 1570 3170 exasperas?
1601 3066 1941 3155 Praedico,
1976 3082 2205 3148 testor,
2239 3082 2499 3129 consu-

414 3194 544 3264 mis
576 3192 822 3263 odium
846 3249 866 3281 ,
894 3190 1214 3263 nondum
1245 3207 1457 3260 totam
1489 3205 1798 3258 mentem
1825 3182 1924 3253 vis
1956 3178 2234 3279 perfusa
2261 3195 2501 3273 posse-

419 3306 556 3397 dit,
595 3305 823 3378 adhuc
861 3307 1039 3378 circa
1072 3327 1138 3378 te
1172 3304 1316 3377 duo
1349 3300 1635 3374 maximi
1669 3299 1979 3372 rixantur
2010 3294 2334 3366 affectus:
2369 3285 2501 3357 ad,-

501 3494 544 3530 1.
577 3473 996 3529 Tumultuabaris
1029 3473 1291 3525 admissus.
1318 3474 1425 3524 lm-
1500 3471 1637 3524 forte
1661 3467 1941 3540 legendum
1964 3458 2239 3516 eonsilium
2266 3469 2319 3508 et
2343 3453 2501 3506 ratio-

423 3576 510 3608 mo
528 3575 628 3607 non
647 3551 1090 3606 admissus.Gnou.
1106 3551 1266 3619 Quod
1279 3570 1423 3603 rece-
1503 3570 1639 3603 nem.
1660 3552 1872 3603 Terent.
1893 3543 2135 3598 Eunuch.
2162 3541 2213 3605 l,
2248 3557 2261 3590 ι
2285 3561 2295 3588 :
2330 3559 2351 3582 a
2370 3535 2501 3601 Quoe

429 3643 504 3712 pit
524 3635 855 3698 Obrecbtuu
875 3633 969 3688 sed
987 3633 1197 3705 vulgata
1222 3634 1422 3703 optima
1508 3653 1532 3677 κ
1550 3649 1633 3682 res
1664 3646 1839 3700 neque
1867 3624 2147 3688 consilium
2182 3633 2357 3688 neque
2392 3632 2503 3665 mo·

423 3735 531 3786 est,
556 3724 707 3791 cujus
723 3733 805 3772 est
823 3736 1036 3770 sensus:
1063 3715 1422 3780 exclamabas,
1508 3735 1534 3759 σι
1551 3711 1679 3764 dum
1695 3709 1871 3762 habet.
1889 3731 1910 3755 ει
1931 3702 2258 3758 οἰο.01ῑιεηῐ.
2274 3691 2473 3766 cap.65
2487 3715 2502 3743 ι

424 3803 667 3867 furebas,
686 3798 1036 3852 maledicebas
1050 3835 1067 3865 ,
1092 3810 1193 3849 etc.
1217 3795 1423 3866 quoties
1511 3813 1533 3837 α
1552 3790 1746 3843 Mulier
1764 3785 1998 3840 abundat
2016 3781 2236 3834 audacia
2248 3815 2265 3842 ,
2281 3772 2507 3826 consilio

428 3898 480 3936 te
502 3880 853 3944 admisissem,
885 3879 1058 3930 statim
1091 3876 1194 3927 mei
1216 3873 1425 3945 copiam
1509 3888 1532 3913 c·
1557 3880 1609 3920 et
1623 3867 1827 3918 ratione
1843 3861 2097 3915 deficitur.
2115 3880 2137 3903 n
2154 3858 2229 3906 lta
2245 3869 2361 3922 sup.
2380 3868 2426 3901 c.
2443 3867 2502 3918 9:

427 3963 524 4016 tibi
538 3960 653 4014 fieri
666 3955 1003 4031 postulabas,
1016 3973 1125 4006 non
1140 3952 1425 4016 blanditiis,
1511 3970 1536 3994 ι
1553 3945 1710 4014 Quid’
1735 3947 1846 4016 jam
1897 3941 2071 3993 facere
2119 3945 2295 4007 potest
2340 3930 2472 3981 ratio
2489 3964 2506 3992 ,

429 4042 522 4096 sed
546 4039 793 4093 tumultu.
823 4038 990 4087 Boou.
1512 4049 1535 4074 α
1558 4022 1855 4077 consilium.
1881 4042 1902 4066 n
1937 4018 2020 4069 Sic
2045 4022 2268 4065 mentem
2301 4021 2354 4060 et
2384 4023 2510 4056 con-

503 4140 550 4173 2.
577 4116 789 4172 Consilii
813 4115 1081 4167 rationem.
1107 4113 1183 4164 Ita
1214 4106 1428 4180 quidem
1505 4104 1682 4161 silium
1722 4099 1897 4172 jungit
1940 4098 2105 4149 Cicer.
2135 4113 2147 4143 z
2201 4112 2224 4137 σι
2244 4086 2507 4172 Scelerum

432 4215 486 4255 et
499 4201 736 4262 Curtius,
753 4195 847 4261 111,
863 4210 920 4264 7:
943 4215 967 4240 ι
981 4192 1133 4243 Ratio
1156 4202 1266 4240 tam
1288 4184 1430 4237 salu·
1512 4206 1535 4231 α
1557 4182 1728 4256 poenis
1748 4180 1994 4248 agitatur,
2019 4185 2071 4224 et
2095 4189 2124 4223 a
2144 4180 2319 4220 mente
2343 4177 2515 4215 cousi—

439 4306 462 4331 ·
480 4284 588 4336 bris
602 4277 805 4334 consilii
823 4287 1042 4348 accepta
1061 4283 1157 4326 est.
1176 4294 1199 4320 ι
1223 4267 1327 4323 Sed
1343 4266 1431 4320 hie
1513 4286 1536 4311 α
1554 4264 1737 4332 licque
1754 4255 2051 4311 deducitur.
2073 4273 2096 4299 n
