3200 5117
809 577 927 655 146
1305 577 1394 636 M.
1446 574 1692 636 FAssu
1742 572 2375 652 QUINTILIANI

800 726 913 769 sus
938 698 1159 796 spatio
1183 711 1232 783 ¹,
1253 696 1545 793 impune
1575 720 1780 792 opem
1817 719 1952 763 non
1987 694 2191 781 feret,
2224 720 2365 763 non
2398 714 2776 782 succurret,
2809 715 2885 765 m

800 813 927 884 hac
958 812 1197 883 saltem
1226 838 1295 882 se
1330 809 1680 881 calumnia
1705 809 2052 881 defendat.
2084 811 2243 879 Non
2275 807 2555 905 reliqui,
2586 836 2725 879 non
2753 809 2883 879 ab·

800 927 999 1001 scessi
1024 954 1037 998 :
1064 954 1288 1025 neque
1310 925 1517 1024 pede,
1542 924 1729 1023 quod
1751 925 1979 1014 aiunt,
2004 951 2144 995 uno
2165 940 2188 967 ²
2211 944 2552 1023 a-parente
2574 925 2880 997 discessi:

800 1042 1063 1114 solutus
1094 1042 1220 1113 erit
1254 1040 1447 1112 omni
1476 1039 1850 1111 auxiliandi
1885 1040 2317 1127 necessitate,
2357 1040 2641 1138 quando
2669 1062 2883 1113 vestra

802 1153 1393 1255 interpretatione,
1420 1154 1728 1226 absentia
1754 1154 2128 1253 impietatis
2151 1155 2411 1226 occasio
2436 1176 2557 1227 est.
2591 1157 2741 1227 Hoc
2764 1182 2885 1226 vo-

802 1272 1008 1344 luisse
1023 1272 1256 1367 legum
1273 1271 1553 1340 latorem
1576 1297 1666 1366 pu
1681 1291 1929 1357 tamuS,
1949 1288 2025 1339 ut
2039 1289 2241 1340 natus
2260 1295 2337 1340 ex
2355 1269 2884 1367 nobismetipsi8‚

802 1386 872 1456 in
936 1384 1140 1455 rebus
1197 1383 1493 1456 adversis
1549 1382 1949 1482 praesidium
1978 1437 1998 1470 ,
2065 1385 2334 1481 parenti
2392 1385 2625 1455 labore
2680 1405 2884 1481 atque

802 1498 1207 1599 praesentia3
1236 1499 1519 1570 solveret
1542 1498 1713 1569 lucis
1748 1526 2028 1569 usuram
2062 1499 2506 1596 ubicunque:
2546 1499 2675 1570 nisi
2713 1501 2884 1570 forte

802 1643 947 1687 non
987 1642 1229 1687 sumus
1264 1633 1582 1712 parentes
1610 1671 1626 1702 ‚
1675 1614 1807 1683 nisi
1859 1613 2114 1711 palam.
2160 1614 2354 1704 Quid
2400 1636 2498 1685 est
2540 1641 2698 1712 ergo
2742 1641 2883 1685 non

809 1729 1164 1801 deserere?
1194 1754 1399 1826 opem
1443 1730 1619 1798 ferre
1654 1754 1796 1797 non
1829 1726 2059 1798 deesse
2086 1755 2100 1798 :
2146 1729 2385 1799 omnia
2416 1727 2557 1799 haec
2587 1728 2773 1799 enim
2804 1754 2885 1800 eo

800 1864 1140 1943 spectant,
1174 1863 1253 1915 ut
1282 1842 1537 1914 auxilio
1576 1842 1952 1914 liberorum
1983 1843 2108 1914 tuti
2137 1843 2274 1914 sint
2301 1863 2637 1941 parentes,
2674 1841 2886 1931 Quod

802 1987 1026 2060 quum
1073 1961 1162 2030 ita
1195 1960 1320 2048 sit,
1363 1980 1505 2030 tam
1550 1961 1640 2030 ad
1685 1985 1799 2029 me
1838 1958 1940 2030 lex
1979 1959 2101 2031 ista
2131 1959 2501 2058 pertinuit,
2545 1985 2758 2056 quam
2800 1959 2888 2029 ad

805 2097 1098 2148 matrem
1124 2102 1137 2144 ε
1169 2075 1309 2145 duo
1341 2102 1564 2145 unum
1592 2074 2035 2161 vocabamus3
2063 2074 2457 2161 videamus,
2484 2100 2623 2169 quo
2652 2073 2749 2143 ire
2778 2071 2886 2143 de·

800 2189 1054 2261 buerit.
1077 2193 1391 2259 Poteram
1409 2187 1700 2285 quidem
1722 2188 1984 2259 fortiter
2005 2188 2228 2260 dicere
2245 2188 2299 2277 4,
2323 2209 2514 2286 pater
2522 2186 2733 2286 jussi:
2758 2185 2885 2257 hoc

882 2391 921 2424 ι.
972 2372 1175 2425 Βίυἱςιις
1220 2374 1402 2444 spatio.
1447 2373 1629 2426 Mallet
1672 2376 1807 2425 forte

803 2457 920 2526 quis
952 2455 1168 2521 divisos,
1192 2455 1271 2505 vel
1302 2456 1507 2520 divisis,
1532 2469 1588 2505 ut
1618 2455 1684 2505 ad
1711 2475 1808 2526 pa-

804 2550 973 2587 rentes
1013 2538 1300 2602 referatur,
1336 2536 1426 2587 sed
1459 2551 1671 2608 praestat
1697 2535 1811 2587 vul-

806 2630 943 2685 gata.
973 2617 1138 2665 Runa.

876 2709 923 2743 τι.
956 2694 1117 2756 Pede,
1145 2694 1287 2763 quod
1306 2693 1491 2759 aiunt,
1526 2712 1648 2744 uno.
1675 2696 1807 2746 Pro-

804 2774 994 2839 verbii,
1014 2772 1096 2824 vel
1116 2772 1334 2843 vulgatae
1359 2787 1500 2827 certe
1525 2774 1809 2826 locutionis

803 2857 1030 2926 speciem
1070 2854 1263 2917 habet3
1290 2855 1468 2929 ‘simile
1508 2874 1634 2907 vero
1677 2856 1806 2907 illud

804 2935 976 2986 AEneae
1006 2933 1145 3005 apud
1169 2937 1310 3005 Virg.
1337 2934 1539 2987 AEneid.
1565 2939 1646 3000 11,
1671 2937 1771 3005 657
1794 2958 1804 2985 :

810 3039 832 3062 ιι
853 3019 1008 3068 Mene
1034 3017 1220 3067 efferre
1245 3015 1432 3087 pedem
1451 3054 1467 3078 ,
1490 3018 1727 3084 genitor,
1759 3030 1806 3067 te

812 3117 833 3139 κ
855 3114 1010 3165 posse
1035 3093 1245 3158 relicto,
1271 3096 1530 3164 Sper-asti?
1549 3118 1570 3140 n
1601 3095 1767 3146 Bona.

877 3176 924 3226 3.
950 3173 1146 3223 Labore
1169 3183 1320 3244 atque
1341 3172 1657 3242 proestantt‘a.
1687 3175 1805 3223 Hoec

806 3255 1202 3324 corruptissima
1233 3266 1283 3304 et
1312 3255 1421 3303 sine
1451 3265 1643 3302 mente.
1672 3254 1805 3302 For-

809 3347 967 3383 tasse:
1002 3355 1022 3377 ι
1040 3335 1107 3383 Ut
1134 3344 1285 3382 natus
1308 3351 1368 3381 ex
1388 3330 1808 3401 nobismetipsis,

814 3433 834 3455 α
855 3413 908 3461 in
946 3411 1100 3461 rebus
1125 3409 1349 3461 adversis
1380 3407 1678 3479 praesidium
1711 3428 1809 3478 pa-

815 3511 835 3532 u
855 3487 1089 3540 rentibus
1114 3488 1455 3559 laboremque
1481 3485 1773 3558 praestando
1792 3523 1807 3550 ,

814 3569 1079 3620 aesolveret
1107 3567 1237 3619 lucis
1262 3587 1474 3620 usuram
1502 3581 1770 3636 utcunque
1794 3588 1804 3616 ε

815 3673 835 3694 «e
857 3651 957 3700 nisi
988 3651 1124 3700 forte
1141 3687 1156 3714 ,
1185 3669 1292 3701 non
1323 3667 1503 3701 sumus
1530 3662 1774 3719 parentes
1793 3688 1808 3714 ‚

814 3751 835 3773 κ
857 3729 956 3778 nisi
979 3741 1273 3798 praesentes.
1297 3751 1318 3773 n
1348 3726 1472 3792 vel,
1498 3727 1596 3778 nisi
1615 3744 1803 3778 coram.

808 3805 1036 3858 Solveret
1054 3806 1183 3858 lucis
1200 3823 1405 3857 usuram
1418 3843 1436 3870 ,
1458 3817 1565 3869 est,
1581 3803 1808 3858 solveret

810 3887 952 3957 quod
990 3886 1149 3938 debet
1184 3905 1281 3957 pro
1320 3888 1423 3936 vita
1456 3884 1596 3936 data.
1641 3886 1803 3938 Gnott.

809 3970 978 4038 Lego:
1013 3973 1137 4021 «An
1172 3980 1228 4018 ut
1262 3981 1414 4018 natus
1448 3985 1494 4017 e.
1527 3985 1578 4016 n.
1613 3967 1647 4016 i.
1685 3985 1726 4016 r.
1758 3984 1806 4017 a.

816 4049 1155 4119 “praesidium
1192 4049 1394 4119 parenti
1433 4045 1616 4098 labore
1653 4061 1812 4117 atque

817 4151 838 4172 a
858 4141 1128 4198 praesentia
1155 4139 1321 4189 esset,
1350 4138 1401 4176 et
1431 4124 1656 4176 solveret
1680 4126 1812 4177 lucis

817 4231 839 4253 u
859 4225 1070 4259 usuram
1095 4207 1416 4276 ubicunque.
1449 4226 1502 4257 n.
1532 4208 1570 4257 f.
1602 4225 1655 4258 n.
1686 4226 1726 4259 ε.
1756 4227 1812 4279 p.

1888 2377 2051 2425 utitur
2074 2375 2172 2426 hac
2197 2375 2620 2438 Declamatione,
2641 2373 2783 2425 addit
2803 2391 2889 2424 au-

1890 2467 1992 2503 tem
2023 2453 2193 2504 labore
2223 2467 2275 2506 et
2303 2454 2607 2525 proesentt'a,
2640 2472 2707 2503 ne
2730 2451 2887 2502 abso-

1888 2529 2028 2583 lutus
2054 2533 2118 2583 sit
2141 2530 2283 2602 lege,
2311 2533 2400 2601 qui
2426 2529 2714 2583 secuudum
2741 2530 2890 2581 mise-

1889 2631 2003 2662 rum
2022 2615 2189 2678 stetit,
2207 2626 2254 2663 et
2269 2627 2531 2683 spectator
2545 2624 2749 2663 tantum
2765 2610 2889 2672 fuit,

1888 2713 1996 2744 non
2019 2694 2243 2761 adjutor.
2269 2695 2440 2744 Locus
2463 2694 2586 2744 satis
2607 2696 2826 2760 integer,
2848 2691 2892 2741 si

1888 2772 2046 2823 modo
2075 2790 2194 2822 cum
2218 2771 2294 2823 Cl.
2322 2771 2649 2840 Schultingio
2669 2786 2889 2841 proesen·

1889 2850 1963 2901 tia
1989 2870 2084 2921 pro
2105 2851 2402 2921 proestantia
2428 2849 2565 2919 (quae
2590 2861 2641 2899 et
2663 2850 2717 2899 in
2743 2847 2891 2897 Insti-

1889 2926 2181 2979 tutionibus
2210 2930 2287 2993 11,
2321 2930 2410 2993 13,
2438 2941 2488 2978 et
2517 2925 2642 2977 alibi
2671 2925 2890 2976 confusa

1891 3007 2143 3077 vidimus)
2177 3008 2351 3078 legas,
2386 3021 2437 3060 et
2467 3006 2764 3078 proesidt‘um
2798 3023 2892 3075 pei·

1889 3088 2276 3158 appositionem
2292 3090 2468 3159 capias
2482 3108 2496 3148 ;
2515 3100 2570 3137 ut
2588 3098 2760 3149 natus,
2771 3101 2892 3155 prae·

1889 3164 2074 3215 sidium
2109 3168 2315 3236 parenti
2348 3168 2401 3216 in
2440 3164 2667 3216 adversis
2704 3161 2890 3222 rebus,

1889 3245 2114 3297 solveret
2130 3265 2342 3297 usuram
2362 3247 2492 3298 lucis
2509 3244 2689 3296 labore
2704 3258 2756 3296 et
2768 3262 2892 3314 prae·

1891 3330 2058 3380 sentia
2083 3329 2386 3399 ubicunque
2413 3331 2476 3379 sit
2508 3340 2672 3397 pater.
2701 3327 2892 3376 Nescio

1888 3429 2040 3471 vero,
2073 3428 2167 3471 cur
2191 3407 2370 3478 palam
2398 3409 2703 3479 displiceat;
2731 3425 2889 3478 quum

1890 3490 2028 3542 idem
2051 3505 2201 3542 notet
2229 3490 2372 3561 quod
2400 3508 2568 3540 coram
2590 3528 2605 3554 ‚
2633 3500 2892 3559 praesente

1891 3570 2068 3640 aliquo
2091 3609 2107 3634 ,
2144 3589 2249 3640 quo
2293 3589 2447 3622 sensu
2491 3589 2626 3640 saepe
2666 3568 2892 3620 ablativo

1883 3653 2036 3720 jungi
2056 3650 2239 3702 docuit
2259 3668 2490 3701 summus
2509 3651 2808 3701 Gronovius
2829 3646 2891 3698 ad

1888 3734 2088 3783 Livium
2114 3730 2203 3781 lib.
2233 3731 2404 3796 XXV,
2438 3733 2515 3783 18.
2544 3734 2623 3783 lta
2646 3730 2889 3782 Albinov.

1888 3808 2030 3879 Eleg.
2061 3813 2114 3860 in
2139 3812 2293 3863 Drus.
2321 3810 2420 3876 442
2442 3832 2454 3861 :
2488 3833 2509 3856 ιι
2531 3813 2595 3862 Ει
2622 3809 2763 3861 flevit
2788 3828 2889 3881 po-

1895 3914 1916 3936 ·
1933 3891 2060 3962 pulo
2103 3895 2272 3944 Caesar
2316 3905 2598 3962 utrumque
2645 3890 2839 3961 palam.
2865 3913 2889 3937 n

1888 3971 2041 4022 Trist.
2059 3975 2122 4035 V,
2145 3986 2235 4035 ιο,
2259 3970 2327 4040 39
2346 3992 2357 4020 z
2386 3992 2408 4015 κ
2429 3973 2622 4040 Meque
2637 3968 2812 4039 palam
2827 3967 2894 4020 de

1900 4072 1921 4094 ιι
1942 4068 2024 4100 me
2051 4061 2163 4100 tuto
2197 4049 2331 4100 male
2369 4067 2505 4120 soepe
2538 4049 2842 4119 loquuntur.
2866 4070 2888 4092 ι·

1893 4129 1957 4179 Et
1982 4130 2055 4179 ita
2080 4126 2225 4179 alibi.
2252 4128 2418 4179 Bmm.

1966 4206 2015 4271 4.
2041 4206 2262 4257 Fortiter·
2280 4207 2458 4258 dicere.
2479 4204 2608 4258 Vide
2633 4203 2702 4258 ad
2725 4205 2890 4255 Instit.

819 4317 833 4332 υ
859 4289 958 4339 nisi
988 4304 1183 4338 coram.
1206 4308 1229 4333 n
1263 4286 1342 4337 lta
1375 4302 1511 4356 saepe
1539 4286 1817 4355 proesentia
1896 4284 2062 4351 lib.V,
2091 4304 2134 4336 c.
2163 4300 2250 4352 ιο,
2273 4299 2324 4338 et
2342 4288 2535 4357 passim
2557 4283 2711 4337 inhis
2730 4281 2890 4335 Duell.
