3200 5117
1089 560 1612 626 EXCERPTA.
2278 564 2398 649 447

317 686 603 786 quidem
629 715 648 773 ;
699 683 819 756 sed
860 681 1148 780 vigiliis,
1197 680 1561 780 precibuS‚
1619 679 1921 754 lacrimis
1966 682 2402 780 praevaluisti.

315 803 512 872 ——P.
542 803 1010 900 Exspectares,
1051 797 1273 871 donec
1307 799 1491 874 fame
1522 819 1592 869 et
1627 796 1867 894 inopia
1899 797 2279 896 castigaret.
2309 841 2404 852 -——

316 920 419 989 M.
441 920 530 989 At
546 917 727 989 inter
745 915 891 988 haec
912 915 1195 1013 coepisti.
1218 957 1314 968 —-
1333 916 1414 985 P.
1437 911 1697 985 Saltem
1721 913 2098 1011 propinqui
2119 934 2186 984 et
2202 914 2406 985 amici

316 1034 780 1106 correxissent.
821 1073 917 1086 ——-
952 1031 1055 1101 M.
1103 1029 1175 1101 Si
1217 1026 1436 1125 aliqui
1481 1049 1743 1118 essent,
1783 1028 1886 1098 illi
1931 1049 1996 1100 te
2039 1049 2198 1100 ante
2242 1055 2408 1101 nos-

315 1171 491 1221 tram
532 1147 887 1248 potionem
928 1143 1174 1216 vinclis
1206 1144 1604 1216 tenuissent.
1654 1142 2080 1241 Indignaris,
2114 1146 2301 1244 quod
2342 1166 2408 1217 te

320 1263 538 1334 malui
578 1260 918 1351 remedio,
956 1285 1169 1357 quam
1200 1257 1436 1329 dolore
1469 1255 1740 1329 sanari?
1772 1278 1837 1328 et
1865 1255 2099 1330 leviter
2118 1316 2138 1349 ,
2183 1279 2250 1331 et
2278 1285 2409 1331 ne·-

319 1377 605 1450 cessario
632 1376 994 1474 explicitus
1018 1402 1110 1447 es.
1129 1417 1228 1427 -
1249 1376 1331 1444 P.
1353 1372 1591 1463 Scitis,
1620 1372 2006 1468 quomod0,
2038 1400 2078 1444 o
2103 1372 2406 1474 judices!

318 1498 556 1583 Nunc,
596 1518 787 1565 nunc
821 1517 936 1564 me
957 1504 976 1535 ¹
1010 1490 1404 1562 sanandum
1434 1489 1690 1561 fateor:
1721 1488 1933 1561 habet
1966 1488 2250 1589 aliquod
2294 1517 2410 1562 so-

318 1604 598 1696 latium,
631 1605 940 1705 quisquis
970 1606 1045 1675 in
1070 1631 1308 1677 amore
1333 1603 1543 1676 miser
1567 1622 1688 1676 est.
1709 1607 1930 1676 -Μ.
1968 1604 2037 1675 Si
2074 1604 2220 1676 odis
2239 1663 2258 1695 ,
2289 1631 2412 1677 cur

320 1748 552 1794 amare
600 1719 956 1793 intendis?
1002 1720 1058 1791 si
1102 1745 1292 1791 amas
1318 1777 1336 1808 ,
1384 1746 1510 1790 cur
1550 1717 2076 1791 accusas?--P.
2123 1718 2412 1790 Mallem

243 1903 252 1920 ,
322 1861 651 1912 neutrum
690 1864 928 1937 agere,
970 1859 1346 1936 utrumque
1389 1863 1604 1936 posse.
1652 1839 1801 1935 Ego
1848 1836 2095 1908 odium
2138 1836 2411 1936 accepi,

321 1957 685 2028 arbitrium
717 1954 1029 2056 perdidi:
1070 1981 1214 2026 non
1244 1981 1526 2054 possum
1559 1980 1793 2026 amare
1828 1952 2198 2055 conjugem
2219 2013 2238 2045 ‚
2268 1981 2413 2028 non

323 2070 600 2144 liberos.
621 2115 716 2125 —
736 2073 840 2142 M.
875 2073 1034 2141 Non
1069 2095 1381 2141 amorem
1400 2128 1419 2158 ,
1445 2069 1565 2140 sed
1599 2069 1787 2169 quod
1817 2069 2058 2141 amasti
2087 2098 2102 2142 ε
2136 2097 2280 2142 non
2307 2095 2416 2142 vo-

323 2186 684 2285 luptatem,
709 2185 829 2257 sed
852 2206 1196 2257 tormenta
1210 2183 1569 2285 perdidisti
1591 2212 1606 2255 z
1629 2183 1686 2256 si
1707 2185 1951 2276 nescis,
1973 2184 2147 2257 illud
2169 2185 2413 2257 odium

325 2302 398 2373 in
434 2303 864 2374 meretricem
893 2301 1163 2373 facinus
1192 2322 1323 2390 est,
1354 2327 1494 2400 quo
1526 2302 1742 2373 utitur
1775 2302 1849 2374 in
1879 2303 1984 2374 sui
2020 2302 2412 2375 caritatem:

324 2437 560 2488 contra
603 2443 718 2488 me
763 2415 922 2488 dedi
970 2444 984 2487 :
1035 2443 1160 2516 pro
1203 2415 1343 2489 illis
1390 2415 1602 2515 igitur
1646 2416 2039 2488 steti.—P.
2085 2418 2230 2489 Cur
2269 2439 2416 2489 non

325 2531 548 2602 statim
577 2552 894 2602 amaturo
929 2529 1452 2602 dedisti?———M.
1486 2531 1678 2621 Quia
1712 2557 1853 2602 non
1896 2532 2131 2603 statim
2171 2525 2417 2604 amans

329 2645 880 2718 insanisti.-P.
915 2646 983 2716 O
1023 2665 1369 2741 quantum
1415 2646 1729 2734 facinus,
1761 2645 2061 2745 judices!
2102 2647 2414 2720 amorem

329 2760 597 2831 mundo
632 2760 909 2859 potione
937 2757 1134 2830 tollit.
1157 2762 1376 2829 -M.
1413 2760 1481 2830 O
1512 2779 1773 2855 quanta
1801 2760 2124 2832 securitas
2143 2818 2160 2851 ,
2198 2757 2416 2861 patres

326 2874 728 2974 conscripti!
767 2874 1007 2950 incesti
1042 2900 1339 2962 errorem
1379 2873 1700 2961 destruit3
1744 2873 2068 2960 illicitum
2107 2877 2416 2950 furorem

327 2991 755 3089 arguit.--P.
775 2989 990 3088 Atqui
1015 2987 1394 3059 veneficam
1418 2986 1551 3058 hoc
1580 2986 1790 3062 modo
1816 3014 1958 3059 esse
1976 3046 1995 3078 ,
2030 3009 2417 3094 constat.—

328 3108 431 3178 M.
478 3107 640 3197 Qua
680 3104 1104 3178 constantia?
1139 3104 1264 3175 Illa
1297 3102 1612 3176 horridos
1642 3125 1987 3203 aspectus,
2020 3103 2164 3176 haec
2206 3098 2415 3178 blan-

330 3219 498 3308 dos;
553 3219 670 3291 illa
703 3220 952 3291 faciem
995 3218 1458 3290 inhumanam
1489 3273 1508 3306 ‚
1555 3218 1701 3290 haec
1734 3218 2077 3318 placidam
2121 3247 2135 3289 :
2189 3221 2416 3293 omnis

331 3334 543 3436 hujus
581 3335 872 3407 intentio
916 3360 1044 3425 est,
1079 3357 1156 3407 ut
1183 3354 1538 3432 aspectum
1575 3333 1920 3424 sollicitet,
1954 3361 2270 3408 sermone
2300 3336 2416 3408 de-

335 3451 568 3522 tineat.
589 3491 687 3504 --
705 3450 789 3520 P.
816 3450 1014 3540 Quid
1033 3449 1121 3521 ad
1144 3449 1301 3522 me?
1324 3477 1452 3549 ego
1473 3477 1820 3522 venenum
1844 3449 2019 3521 bibi.
2036 3493 2134 3504 —-
2150 3453 2254 3522 Μ.
2280 3453 2418 3523 Ve-

332 3565 668 3638 neficium
699 3565 807 3636 vel
830 3585 1048 3636 morte
1083 3564 1662 3665 deprehenditur,
1693 3587 1771 3637 ut
1796 3565 2119 3638 violentia
2150 3594 2413 3639 cruore.

332 3683 529 3751 ——P.
574 3680 867 3753 Mallem
900 3680 1031 3751 cito
1073 3680 1443 3754 occidisse:
1493 3682 1584 3754 ita
1619 3683 1889 3755 malum
1931 3683 2297 3774 ordinasti,
2341 3705 2417 3755 ut

334 3793 456 3867 diu
500 3796 1023 3895 paterer.-M.
1076 3793 1210 3866 Vel
1253 3795 1733 3868 membrorum
1773 3818 1937 3869 nota
1965 3854 1985 3887 .,
2031 3816 2108 3869 ut
2154 3798 2415 3870 invasio

335 3913 714 3984 ictu.—-P.
743 3910 1149 3982 Maluissem
1184 3911 1500 3982 membra
1527 3932 1856 3999 notasset,
1892 3938 2034 3982 non
2068 3911 2411 3983 animum.

333 4068 431 4080 --—
450 4026 551 4095 Μ.
594 4024 870 4096 Meliori
903 4043 1097 4123 parte
1127 4023 1523 4097 remedium
1554 4023 1706 4096 tuli.
1729 4068 1826 4078 -—
1845 4027 1927 4095 P.
1962 4022 2265 4097 Tulisses
2293 4026 2415 4125 igi-

333 4159 446 4210 tur
471 4140 753 4211 scienti:
797 4138 1020 4236 prima
1052 4138 1352 4210 sanitatis
1385 4159 1515 4230 est,
1551 4137 1846 4210 libenter
1890 4140 2235 4239 accipere,
2272 4167 2413 4212 non

415 4300 461 4334 1.
482 4285 656 4348 Nunc,
694 4302 835 4335 nuuc
863 4301 959 4334 me.
994 4285 1127 4335 Puto
1152 4286 1206 4336 in
1243 4285 1349 4336 MS.
1379 4301 1493 4335 esse
1518 4282 1601 4334 hie
1624 4302 1767 4335 nunc
1788 4303 1887 4335 me.
