3200 5117
693 571 774 637 92
1198 548 1289 611 M.
1340 548 1586 611 mnu
1634 544 2266 628 Qnm'rimm

691 667 1045 741 cursibus:
1081 667 1355 766 placida
1378 689 1791 766 conceptum
1828 667 2020 739 stella
2067 667 2421 765 signavit¹‚
2465 667 2590 739 erit
2633 693 2779 738 mo-

691 787 879 859 desta
912 786 1188 866 lenitate
1218 786 1660 883 conspicuus:
1685 785 1933 856 ardens
1963 784 2301 855 nascentis
2323 782 2564 853 horam
2589 783 2778 854 sidus

692 902 1007 974 accendit
1025 960 1042 988 ,
1073 902 1326 974 viribus
1348 901 1596 1000 pariter
1618 900 2065 998 moribusque
2095 899 2438 997 flagrabit:
2463 898 2778 996 languidi

694 1041 760 1089 et
776 1020 929 1120 jam
959 1018 1292 1113 vergentis
1336 1017 1405 1086 in
1444 1015 1740 1114 proclive
1771 1015 2051 1102 mundi,
2080 1013 2614 1085 hebescentibus
2647 1034 2782 1083 tar-

694 1133 843 1204 dior
882 1134 1209 1204 membris
1230 1189 1251 1219 ,
1273 1133 1515 1203 similis
1546 1153 1834 1202 senectae
1851 1130 2132 1228 juventa
2172 1130 2503 1228 pigrescit.
2540 1133 2697 1200 Jam
2724 1129 2778 1198 si

694 1250 805 1319 cui
855 1247 1343 1347 principalium
1400 1247 1689 1317 deorum
1738 1244 1970 1341 fulgor
2026 1244 2353 1330 illuxerit,
2416 1243 2487 1313 in
2537 1243 2778 1340 populi

692 1386 1053 1462 consurget
1082 1364 1476 1462 imperium.
1505 1362 1731 1433 Credo
1760 1359 2104 1432 mehercle
2137 1361 2206 1431 in
2243 1359 2440 1430 illum
2479 1358 2776 1430 natalem

696 1505 933 1549 meum
973 1478 1265 1550 monstri
1303 1477 1527 1564 diem,
1566 1476 1897 1547 iratorum
1932 1475 2311 1545 numinum
2362 1474 2778 1572 conspirasse

693 1594 1093 1666 violentiam
1113 1651 1132 1681 ‚
1163 1593 1536 1691 sedemque
1560 1592 1933 1691 prodigiosi
1954 1592 2226 1689 spiritus
2256 1589 2503 1661 collato
2530 1589 2781 1687 pariter-

695 1709 855 1805 igne
907 1709 1247 1807 pressisse.
1290 1709 1360 1780 Si
1414 1736 1658 1781 verum
1706 1728 1836 1796 est,
1887 1728 2039 1805 post
2092 1726 2352 1778 vetusta
2403 1703 2667 1792 secula,
2716 1725 2782 1775 et

694 1822 1241 1894 innumerabiles
1267 1849 1485 1894 annos
1528 1822 1722 1896 reddi
1757 1848 1992 1892 rursus
2030 1821 2180 1893 aliis
2211 1819 2610 1919 corporibus
2642 1819 2781 1890 anis·

695 1955 897 2027 mas2,
937 1939 1233 2010 fortassis
1258 1939 1331 2010 in
1362 1965 1475 2009 me
1507 1958 1782 2008 renatus
1802 1938 1888 2010 sit
1913 1937 2159 2035 aliquis
2189 1962 2270 2008 ex
2298 1935 2449 2024 illis,
2478 1962 2776 2032 quorum

694 2056 944 2128 scelere
977 2055 1263 2127 violatus
1291 2055 1433 2127 dies
1456 2055 1807 2125 mundum
1844 2055 2069 2126 subito
2108 2053 2426 2141 mutavit,
2462 2078 2634 2149 quos
2660 2077 2780 2149 per

696 2172 910 2243 maria
944 2192 1289 2267 terrasque
1332 2171 1704 2268 fugientes,
1750 2170 2025 2242 furiales
2073 2171 2286 2257 faces,
2337 2191 2402 2239 et
2452 2168 2777 2239 ultricum

697 2283 983 2354 dearum
1037 2304 1248 2354 terror
1296 2284 1593 2381 agitavit.
1639 2287 1925 2356 Necesse
1974 2305 2071 2356 est
2115 2306 2194 2356 ut
2240 2285 2536 2384 majores
2582 2304 2777 2354 notas

697 2418 984 2468 ventura
1038 2399 1438 2495 promittant
1456 2400 1508 2490 3,
1562 2428 1713 2500 quae
1760 2428 1901 2472 non
1946 2423 2199 2474 temere
2234 2422 2647 2473 nascuntur:
2685 2400 2777 2472 sic

699 2513 965 2588 futuras
998 2535 1460 2613 tempestates,
1497 2515 1720 2614 pelagi
1759 2517 2019 2613 fragor,
2054 2537 2122 2587 et
2156 2515 2512 2586 conscium
2543 2540 2778 2587 nemo-

702 2655 855 2699 rum
904 2657 1226 2701 murmur
1258 2631 1623 2702 enunciat:
1679 2631 1771 2701 sic
1807 2631 2269 2730 periturorum
2312 2632 2455 2701 fata
2496 2628 2780 2727 populo-

698 2769 855 2814 rum
894 2746 1207 2817 ardentes
1254 2746 1416 2818 caelo
1469 2748 1684 2836 face5‚
1733 2768 1800 2817 et
1847 2745 2092 2818 crinita
2139 2747 2446 2817 siderum
2496 2745 2779 2816 flamma

700 2861 1072 2957 praecurrit.

797 2973 1014 3045 XVII.
1061 2975 1485 3049 Praedicebar
1527 2977 1743 3068 bello,
1782 2979 2214 3050 monstrabat
2250 2978 2493 3066 armiS,
2534 2977 2780 3074 agebat

696 3108 852 3160 ante
878 3116 946 3161 se
970 3114 1258 3164 ventura
1278 3094 1514 3167 feritas
1539 3095 1854 3192 publicas
1880 3094 2298 3166 calamitates
2315 3151 2336 3180 ‚
2366 3117 2433 3166 et
2457 3094 2776 3165 omnium
2837 3083 2844 3090 ⁰

698 3204 1044 3277 malorum
1083 3210 1684 3284 consummatione
1728 3210 2069 3308 parricida
2101 3211 2430 3310 ponebar.
2474 3213 2562 3281 At
2590 3234 2778 3281 nunc

702 3318 830 3389 ista
869 3342 1059 3417 putet
1090 3322 1342 3420 aliquis
1370 3325 1691 3415 fortuite,
1728 3353 1873 3397 non
1905 3346 2045 3396 arte
2081 3325 2315 3399 sentiri
2345 3354 2359 3396 ε
2402 3325 2609 3423 possit
2638 3326 2781 3395 for-

778 3553 817 3586 1.
841 3535 1002 3587 Stella
1026 3539 1265 3609 siqnavit.
1293 3541 1574 3611 Eleganter
1594 3541 1700 3594 hoc
1779 3546 1927 3597 Maro
1944 3583 1962 3610 ,
1986 3546 2101 3598 AEn.
2120 3548 2188 3596 vl
2205 3582 2220 3610 ‚
2247 3543 2378 3615 750:
2411 3567 2432 3591 α
2451 3543 2659 3596 Scilicet
2677 3545 2779 3595 im-

704 3615 862 3668 verbo
880 3631 935 3668 ut
956 3618 1133 3689 paullo
1151 3632 1274 3672 ante
1291 3639 1413 3672 usus
1432 3635 1535 3687 est,
1552 3624 1701 3694 quasi
1786 3649 1808 3672 α
1829 3645 2085 3680 memores
2117 3645 2308 3698 supera
2342 3639 2399 3677 ut
2432 3645 2665 3677 convexa
2699 3643 2782 3676 re-

700 3696 850 3750 stella
877 3712 1012 3749 notae
1036 3700 1241 3770 signum
1265 3701 1454 3754 futurae
1478 3705 1590 3755 vitae
1612 3706 1700 3756 im·
1786 3729 1810 3751 ιι
1830 3708 2239 3771 visant,Rursus
2258 3720 2308 3757 et
2326 3707 2579 3776 incipiant
2594 3707 2647 3757 in
2664 3724 2781 3756 cor·

700 3780 968 3849 presserit.
1787 3808 1809 3831 α
1829 3806 1964 3857 pora
1983 3787 2118 3839 velle
2146 3790 2348 3840 reverti.
2373 3814 2394 3836 ιι
2424 3791 2514 3839 Ει).

774 3877 822 3912 2.
861 3860 995 3912 Aliis
1036 3864 1329 3934 corporibus
1364 3866 1580 3916 animas.
1625 3865 1701 3917 Ex
1851 3867 2145 3938 &Major-es
2165 3880 2312 3920 notas
2332 3880 2544 3920 ventura
2563 3868 2781 3940 promit-

698 3941 1147 4014 pythagoreorum
1186 3942 1463 4016 disciplina
1482 3982 1500 4009 ‚
1538 3965 1699 4016 quam
1781 3956 1910 3999 tant.
1933 3944 2146 3997 Mallem
2166 3963 2236 3996 m.
2259 3958 2426 4010 notoe,
2444 3965 2490 3997 v.
2512 3967 2568 4019 p.
2592 3958 2651 3996 ut
2673 3962 2782 3997 ma·

698 4021 953 4093 platonici
987 4037 1039 4075 et
1072 4024 1263 4078 deinde
1298 4028 1481 4092 stoici,
1514 4045 1700 4098 quam·
1773 4026 1896 4093 jora
1943 4026 2090 4095 signa
2139 4023 2465 4096 portendant
2513 4024 2645 4076 tales
2695 4040 2780 4074 res

700 4119 859 4173 quam
886 4100 1103 4156 diversis
1133 4106 1328 4176 quique
1357 4104 1527 4158 modis
1558 4124 1700 4158 com·
1779 4120 2058 4173 ventura,
2080 4123 2195 4179 quae
2224 4126 2331 4159 non
2353 4125 2518 4178 saepe,
2542 4103 2635 4171 sed
2659 4122 2779 4154 raro

698 4194 993 4234 mentantes
1010 4219 1025 4246 ‚
1053 4182 1277 4254 amplexi
1300 4197 1457 4249 sunt,
1480 4182 1589 4236 haec
1613 4203 1702 4256 pe-
1781 4185 2052 4238 oriuntur:
2098 4200 2150 4239 et
2190 4184 2296 4238 hoc
2336 4185 2611 4257 sequentia
2648 4200 2780 4254 pro-

697 4261 808 4314 tita.
836 4263 984 4316 Hanc
1006 4266 1319 4319 sententiam
1344 4268 1419 4320 sic
1448 4268 1700 4340 expressit
1780 4266 1926 4319 bant.
