3200 5117
65 0 396 12 -ῂ-Ιιιιν--ἡν--
428 0 503 4 ----
544 0 553 2 -
578 0 583 2 -

885 532 1157 599 DECL.
1208 533 1329 596 lx.
1379 532 1958 598 GLADIATOR.
2343 540 2466 602 223

383 676 451 728 et
476 654 901 755 quantulum
933 674 1068 742 est,
1101 654 1291 752 quod
1326 653 1557 726 adhuc
1590 655 1841 753 loquor
1873 655 1958 727 de
1989 683 2148 728 mea
2181 658 2472 730 infelici-

380 793 551 861 tate,
589 772 672 845 de
708 769 978 870 piratis?
1009 769 1177 842 levis
1210 791 1310 841 est
1341 769 1470 842 ista
1507 771 1823 858 fortuna;
1858 769 2002 843 haec
2035 773 2244 844 etiam
2281 800 2472 846 nunc

384 887 647 985 recepit
662 912 958 959 moram:
978 883 1201 956 solent
1216 906 1597 982 exspectare
1616 884 1909 957 latrones
1930 887 2437 986 redemptorem
2455 915 2470 958 :

388 1003 461 1073 in
494 1001 662 1075 ludo
701 1000 839 1090 fui;
885 1028 1025 1099 qua
1061 1026 1263 1098 poena
1299 998 1570 1071 nullam
1616 999 2014 1074 ulteriorem
2057 1005 2317 1075 seelera
2357 1031 2476 1077 no·

386 1141 668 1208 verunt,
710 1116 909 1217 cujus
944 1115 1033 1188 ad
1074 1116 1667 1214 comparationem
1706 1119 2130 1217 ergastulum
2172 1120 2317 1193 leve
2356 1144 2471 1194 est.

388 1239 542 1307 Hoc
569 1235 627 1306 si
664 1235 934 1322 scisses,
968 1252 1183 1331 pater,
1218 1232 1527 1321 affirmo,
1566 1235 1930 1337 promittO,
1970 1237 2167 1338 cujus
2206 1238 2477 1337 pietatis

390 1378 463 1424 es
485 1366 533 1439 ¹,
570 1362 778 1421 ne'mo
813 1369 877 1420 te
906 1347 1408 1419 antecessisset:
1441 1345 1597 1437 illa,
1633 1364 1894 1423 certum
1924 1351 2146 1424 habeo
2168 1409 2186 1441 ,
2219 1380 2482 1454 exspec-

393 1487 495 1538 tas
516 1486 592 1537 ut
609 1464 839 1536 dicam
864 1492 878 1535 :
904 1463 1225 1536 morabar
1244 1464 1422 1535 inter
1440 1464 1806 1563 sacrilegos
1825 1524 1842 1555 ,
1864 1468 2324 1542 incendiarios
2342 1529 2360 1560 ‚
2381 1492 2479 1559 et,

340 1664 347 1675 ,
394 1607 547 1680 quae
595 1577 1090 1678 gladiatoribus
1139 1606 1281 1650 una
1328 1578 1478 1650 laus
1524 1600 1653 1668 est,
1705 1581 2131 1673 homicidas,
2179 1586 2481 1657 inclusos

395 1694 700 1794 turpiore
735 1694 1076 1783 custodia,
1112 1715 1177 1765 et
1207 1694 1489 1767 sordido
1523 1694 1859 1768 cellarum
1887 1698 2061 1769 situ:
2085 1700 2376 1801 jamque
2407 1702 2480 1773 in

397 1837 551 1885 eam
571 1835 894 1881 veneram
917 1810 1267 1881 fortunam
1282 1864 1303 1897 ,
1325 1830 1403 1881 ut
1422 1836 1537 1881 me
1561 1809 1818 1882 victum
1841 1813 2141 1910 recipere
2165 1816 2307 1885 non
2330 1840 2484 1911 pos-

398 1953 533 2014 ses,
580 1925 909 1997 victorem
962 1924 1203 1996 nolles.
1254 1924 1511 1996 Aderat
1551 1925 1721 1997 hora
1758 1927 2086 2025 supplicii
2130 1928 2304 2018 mei,
2347 1956 2485 2027 qua

399 2068 749 2137 nusquam
780 2039 1243 2112 morandum:
1266 2038 1420 2141 jam
1457 2040 1871 2139 praebendus
1901 2064 2040 2114 erat
2062 2042 2390 2143 jugulus,
2422 2064 2487 2114 et

399 2157 769 2228 fundenda
797 2155 935 2229 vita
963 2182 1129 2247 cum
1163 2155 1536 2254 sanguine3
1568 2181 1796 2253 neque
1830 2157 2021 2228 enim
2050 2158 2369 2230 dubitare
2403 2158 2488 2229 de

402 2294 651 2347 eventu
690 2272 889 2345 licet:
932 2271 1281 2370 exemplar
1310 2272 1614 2344 fati'mei
1651 2273 1817 2345 vidi.
1852 2274 1922 2346 Si
1959 2302 2072 2346 me
2110 2276 2198 2346 ab
2226 2275 2334 2346 his
2365 2275 2488 2345 im·

404 2388 836 2462 minentibus
855 2389 1057 2460 malis
1067 2388 1365 2486 pecunia
1379 2387 1804 2478 redemisset,
1817 2389 2242 2461 beneficium
2253 2410 2490 2461 tamen

406 2506 633 2603 potius
653 2505 954 2578 dicerem
979 2505 1201 2602 magis
1229 2505 1724 2579 aestimandum
1746 2533 1889 2577 esse
1910 2533 2126 2603 quam
2146 2506 2444 2604 pretium
2472 2533 2491 2574 :

407 2620 525 2691 sed
569 2621 754 2719 apud
801 2618 1146 2717 malignos
1186 2620 1589 2717 interpretes
1619 2642 1852 2718 *posset
1887 2620 2105 2693 videri
2146 2620 2254 2692 vel
2295 2646 2488 2717 spem

408 2754 678 2811 secutus
704 2733 1015 2831 aliquam
1042 2733 1317 2805 venturi
1346 2734 1677 2831 temporis
1698 2790 1717 2822 ,
1748 2734 1852 2804 vel
1882 2734 2226 2832 praesentis
2251 2732 2496 2832 volup-

410 2871 641 2922 tatem.
684 2853 838 2922 Hoc
869 2848 1312 2921 admirabile!
1351 2870 1418 2921 et
1453 2849 1578 2921 uni
1615 2870 1886 2919 tantum
1922 2850 2158 2947 pietati
2198 2850 2497 2920 referen-

409 2965 587 3037 dum
617 2985 751 3037 est:
786 2964 979 3041 dedit
999 2964 1456 3054 heneficium,
1492 2963 1683 3063 quod
1716 2990 2085 3061 nunquam
2123 2963 2492 3061 reciperet:

414 3103 481 3154 et
502 3109 726 3181 quum
760 3081 1103 3170 amicum,
1130 3107 1345 3180 quem
1379 3079 1796 3168 redimebat,
1823 3079 2185 3152 habiturus
2217 3104 2359 3149 non
2387 3104 2497 3148 es-

414 3175 553 3284 set,
583 3195 764 3267 nihil
793 3195 987 3267 aliud
1012 3194 1212 3283 emit,
1237 3220 1452 3294 quam
1480 3194 1846 3266 honestam
1875 3195 2118 3275 mortis
2150 3192 2499 3264 conscien-

417 3309 621 3381 tiam:
663 3310 1012 3385 transtulit
1043 3336 1203 3409 ergo
1248 3310 1321 3381 in
1355 3336 1427 3381 se
1458 3310 1816 3381 fortunam
1851 3335 2114 3397 meam,
2148 3307 2499 3406 subiitque

419 3449 567 3495 non
597 3425 825 3499 solum
863 3425 1168 3515 fortiter,
1206 3425 1327 3498 sed
1361 3424 1574 3496 etiam
1614 3424 1909 3496 libenter
1946 3422 2057 3511 id,
2085 3422 2283 3520 ,quod
2320 3419 2499 3493 mihi

424 3539 758 3611 miserum
787 3541 1097 3639 putabat.

520 3652 737 3725 XXII.
771 3657 906 3727 Res
932 3655 1121 3728 dictu
1152 3652 1620 3726 incredibilis!
1651 3652 1990 3752 gladiator
2018 3652 2344 3724 dimissus
2363 3708 2382 3741 ,
2412 3678 2506 3723 re·

423 3766 741 3864 demptor
782 3771 1043 3843 occisus
1089 3790 1230 3842 est:
1277 3769 1533 3869 recepit
1574 3789 1843 3868 pectore
1883 3770 2164 3842 adverso
2201 3769 2505 3858 ferrum,

426 3903 504 3953 ut
548 3883 745 3978 quasi
793 3910 1006 3982 quam
1062 3886 1415 3958 emittebat
1459 3886 1810 3975 animam,
1856 3887 1928 3956 in
1981 3912 2223 3957 meum
2272 3904 2508 3981 pectus

505 4126 522 4159 ι
536 4109 710 4180 ,Cujus
719 4108 926 4179 pietatis
937 4129 1000 4160 es.
1012 4110 1089 4160 De
1103 4108 1432 4161 baclocutio·
1510 4112 1601 4162 vll
1617 4148 1633 4176 ‚
1653 4109 1751 4182 59:
1776 4131 1797 4154 σι
1813 4110 2048 4180 Quaeque
2067 4121 2159 4159 tua
2179 4120 2259 4159 est
2275 4108 2459 4177 pietas.
2484 4126 2506 4151 ν

430 4206 497 4239 ne
520 4189 721 4257 egimus
751 4186 821 4238 ad
846 4186 1070 4238 declam.
1097 4189 1208 4238 vlu
1227 4225 1242 4251 .,
1266 4188 1314 4239 3.
1350 4188 1429 4240 Si·
1508 4192 1573 4243 Et
1596 4192 1669 4242 ita
1691 4193 1864 4261 Epist.
1892 4192 2058 4243 xvn:
2092 4212 2114 4237 ιι
2133 4189 2263 4256 Quae
2297 4200 2386 4239 tua
2418 4202 2512 4236 ne-

426 4269 621 4321 militer
634 4288 772 4340 saepe
787 4267 1022 4333 Ovidius,
1038 4282 1097 4320 ut
1113 4268 1202 4320 lib.
1220 4270 1256 4319 1.
1274 4270 1426 4321 Pont.
1514 4292 1537 4317 ι
1558 4270 1722 4342 quitia
1751 4281 1846 4321 est.
1871 4292 1892 4315 υ
