3200 5117
771 573 1407 646 DECLAMATIO
1454 577 1584 640 lv.
1630 576 1819 675 *PRO
1862 573 2154 646 FILIO.
2418 582 2503 671 93

418 718 595 777 tasse
638 730 801 777 casu
839 703 1113 777 evenire
1149 701 1339 800 quod
1368 702 1692 773 futurum
1731 699 1848 792 sit,
1885 727 2028 775 non
2074 723 2298 803 potest
2342 732 2505 779 casu

424 820 607 907 fieri,
642 819 831 919 quod
859 818 1265 920 praedictum
1310 837 1430 888 est.
1469 816 1848 914 Ecquando
1881 843 2229 917 unquam,
2273 840 2504 919 pater,

423 935 747 1035 explicuit
769 932 1207 1006 manifestius
1235 931 1452 1004 ullius
1480 931 1602 1003 fati
1629 931 2100 1005 necessitatem
2125 952 2307 1006 totus
2333 936 2504 1008 ordo

423 1048 773 1150 responsi?
822 1051 927 1121 vir
947 1106 966 1137 ,
1017 1047 1281 1145 inquit,
1325 1066 1647 1118 nascetur
1659 1076 1679 1136 ;
1730 1046 1998 1118 evenit:
2056 1047 2464 1120 educabitur
2484 1104 2505 1139 ,

421 1164 739 1263 quamvis
758 1163 1215 1263 parricidium
1249 1160 1655 1259 praedictum
1680 1162 1797 1251 sit;
1828 1161 2116 1234 accidit:
2152 1162 2511 1262 perveniet

422 1278 511 1350 ad
536 1280 844 1380 juventae
889 1276 1134 1366 robur;
1173 1274 1475 1358 adolevi:
1518 1275 1782 1347 viribus
1819 1275 1947 1349 erit
1986 1278 2396 1377 conspicuus
2441 1299 2509 1351 et

423 1394 676 1484 minis,
726 1394 1028 1464 aderunt
1065 1390 1281 1480 bella;
1315 1413 1688 1464 venerunt:
1725 1391 1851 1464 ibit
1891 1393 1963 1464 in
2006 1394 2227 1466 aciem
2272 1413 2337 1466 te
2377 1420 2507 1467 vo-

424 1505 643 1599 lente,
673 1506 1063 1602 missusque
1094 1505 1357 1577 fortiter
1377 1505 1612 1594 faciet;
1653 1507 1821 1579 feci:
1864 1509 1993 1579 erit
2031 1509 2405 1608 parricida:
2449 1509 2508 1581 si

425 1623 655 1695 vixero
679 1636 725 1694 ¹.
753 1623 858 1708 Si,
889 1641 1119 1720 pater,
1152 1641 1295 1692 tam
1314 1640 1584 1693 secretae
1613 1623 2113 1720 profundaeque
2144 1623 2306 1696 artis
2335 1624 2509 1696 ratio

369 1764 379 1771 ·
426 1736 779 1809 reddenda
797 1756 896 1807 est
911 1791 931 1826 ,
952 1760 1189 1807 nonne
1210 1734 1465 1808 habere
1483 1735 1611 1806 tibi
1631 1734 1892 1834 grande
1911 1737 2329 1810 consortium
2346 1762 2511 1836 prae-

423 1851 591 1924 dicti
610 1851 882 1925 videtur
905 1852 1055 1950 ipsa
1079 1850 1468 1923 diversitas?
1493 1852 1726 1923 virum
1750 1853 1998 1924 fortem
2033 1851 2236 1943 dixit,
2267 1873 2333 1925 et
2353 1879 2513 1952 par·

426 1967 750 2039 ricidam:
797 1968 1026 2040 vicina
1070 1987 1236 2040 sunt
1275 1965 1456 2056 baec,
1500 1966 1710 2037 etiam
1748 1986 1827 2038 ut
1860 1965 2269 2039 dissimilia:
2319 1968 2513 2066 paria

428 2069 722 2173 viribus,
739 2083 951 2156 etiam
969 2103 1046 2155 ut
1059 2101 1295 2155 mente
1316 2081 1743 2153 dissentiant.
1761 2081 1960 2172 Quid
1978 2082 2171 2153 enim
2192 2108 2305 2155 me
2320 2080 2516 2153 aliud

429 2196 808 2270 notabilem
851 2198 1010 2270 fecit
1042 2197 1118 2269 in
1139 2196 1368 2286 bello,
1418 2222 1632 2295 quam
1666 2195 1856 2293 quod
1889 2223 2032 2269 non
2071 2223 2278 2297 parco
2316 2197 2516 2270 caedi-

429 2310 560 2386 bus
577 2369 597 2404 ,
623 2339 865 2386 cruore
885 2339 1028 2386 non
1049 2313 1283 2402 satior,
1308 2311 1651 2384 exsultans
1667 2338 1874 2410 super
1885 2332 2252 2385 stratorum
2278 2339 2514 2412 corpo·

432 2449 589 2500 rum
614 2448 868 2527 strages
884 2485 903 2519 ,
933 2426 1432 2527 palpitantibus
1446 2425 1680 2497 adhuc
1697 2425 2146 2499 cadaveribus
2160 2427 2383 2501 alacer
2409 2430 2524 2499 in-

431 2543 626 2615 sisto?
636 2543 906 2616 virtutis
924 2565 1089 2616 sunt
1106 2544 1254 2632 ista,
1273 2569 1494 2639 quum
1514 2542 1731 2614 bostis
1753 2527 2055 2641 contigit.
2069 2547 2205 2616 Pax
2224 2565 2343 2636 est,
2360 2570 2514 2644 quae

436 2683 561 2729 nos
588 2657 1087 2757 deprehendit²
1108 2684 1124 2728 ε
1148 2678 1214 2730 et
1230 2683 1452 2756 quum
1466 2656 1650 2756 justa
1672 2658 2024 2754 grassandi
2046 2659 2335 2731 materia
2354 2685 2516 2731 con·

437 2792 713 2872 sumpta
747 2768 878 2864 est,
909 2772 983 2844 in
1012 2772 1280 2844 facinus
1320 2797 1594 2843 neeesse
1635 2792 1732 2843 est
1765 2774 2024 2845 otiosus
2052 2773 2258 2846 ardor
2288 2801 2516 2847 erum·

435 2907 571 2985 pat.
600 2889 774 2960 Ecce
791 2887 941 2988 jam
969 2886 1362 2986 reipublicae
1389 2883 1671 2985 praebita
1696 2906 1794 2957 est
1820 2886 2049 2985 quies,
2074 2887 2250 2959 mihi
2280 2908 2516 2961 tamen

434 3001 825 3102 plurimum
853 3022 952 3075 est
978 3029 1142 3075 cum
1173 3001 1447 3103 gladio3
1478 3029 1667 3074 meo:
1701 3003 1858 3074 totis
1883 3001 2126 3075 diebus
2149 3024 2359 3076 tracto
2382 3005 2519 3076 fer-

437 3141 594 3190 rum
613 3176 632 3210 ,
667 3117 757 3190 ad
784 3145 979 3191 arma
1008 3119 1301 3218 respicio
1319 3176 1339 3210 ,
1368 3118 1502 3190 tela
1531 3144 1688 3190 mea
1716 3118 1926 3191 laudo
1944 3175 1961 3207 ,
1988 3119 2295 3191 admiror
2313 3176 2333 3211 ,
2360 3118 2527 3191 allo«

437 3259 633 3331 quor.
656 3234 878 3306 Crede
894 3290 912 3324 ‚
937 3255 1132 3334 pater
1149 3291 1168 3325 ,
1190 3255 1256 3307 et
1274 3234 1731 3333 parricidium
1756 3253 1896 3306 tam
1927 3233 2126 3307 facile
2148 3253 2278 3327 est,
2300 3261 2517 3333 quam

437 3347 699 3421 fortiter
713 3350 971 3440 facere,
1004 3377 1227 3448 quum
1263 3371 1640 3449 utrumque
1673 3349 1760 3421 de
1792 3350 1933 3422 fato
1963 3371 2083 3423 est.

537 3455 792 3550 XVIII.
838 3464 972 3537 Sed
1012 3492 1373 3564 quousque
1412 3465 1675 3536 ratione
1716 3463 2074 3568 colligam,
2113 3465 2303 3564 quod
2336 3465 2519 3539 exitu

428 3578 580 3680 jam
610 3581 984 3681 probatum
1015 3604 1143 3672 est,
1163 3582 1353 3681 quod
1379 3580 1595 3654 nullis
1624 3571 2154 3654 mathematicus
2179 3581 2349 3653 dixit
2374 3607 2519 3654 am·
2595 3575 2618 3592 ’

519 3830 563 3866 r.
583 3813 641 3865 Si
660 3814 848 3866 vixero.
870 3812 1083 3866 Mallem
1106 3832 1220 3881 ero,
1244 3815 1288 3868 εἰ
1311 3816 1444 3866 m‘xe—
1521 3831 1640 3885 cap.
1663 3829 1692 3882 7
1713 3833 1726 3863 ι
1754 3835 1776 3858 α
1796 3813 1998 3866 Nuntio
2023 3812 2260 3864 affectati
2284 3829 2316 3862 a
2332 3815 2524 3882 Vespa·

444 3913 533 3956 ro,·
555 3894 640 3947 vel
661 3896 705 3947 εἰ
728 3895 933 3962 vixero,
961 3914 1075 3960 em,
1101 3909 1161 3947 ut
1188 3894 1444 3967 absorpta
1521 3896 1669 3946 siano
1695 3895 1899 3965 imperii
1921 3893 2301 3966 deprehensus.

445 3975 509 4024 sit
525 3972 708 4024 ultima
722 3991 823 4024 vox
840 3991 872 4023 a
885 3973 1228 4043 praecedente.
1246 3976 1441 4028 Ascen-
1591 3973 1642 4025 3.
1667 3971 1960 4024 Plurimum
1984 3983 2055 4025 est
2074 3989 2194 4024 cum
2210 3968 2404 4045 gladio.
2420 3971 2524 4021 Lo-

446 4055 552 4108 sius
575 4052 785 4106 videtur
807 4054 995 4123 legisse
1029 4054 1124 4106 erit
1147 4054 1408 4127 parricida
1421 4093 1441 4121 ,
1522 4054 1667 4106 cutio
1683 4053 2090 4123 elegantissima,
2100 4066 2151 4104 et
2163 4056 2348 4124 saepius
2361 4050 2523 4103 adoc-

444 4153 559 4188 cro:
608 4154 733 4187 nam
776 4134 908 4186 dicit
943 4133 1446 4206 subintelligendum
1522 4135 1587 4187 tis
1618 4134 1741 4186 viris
1770 4134 2061 4186 illustrata:
2087 4131 2189 4185 vid.
2221 4132 2422 4184 Manut.
2452 4129 2522 4182 ad

447 4215 622 4268 mesi
642 4216 832 4266 vixero.
1522 4217 1691 4269 Cicer.
1716 4216 1865 4267 Ver-r.
1890 4214 1957 4280 V,
1987 4216 2084 4275 52;
2113 4226 2163 4264 et
2191 4214 2422 4265 GronoV.
2453 4209 2522 4266 ad

520 4309 568 4344 τι.
604 4288 969 4366 Πφκήεηάἰε.
1002 4290 1170 4344 Tacit.
1210 4290 1440 4363 Agricol.
1523 4292 1692 4344 Plaut.
1716 4292 2026 4358 Casin.X1‚
2058 4308 2144 4356 n,
2175 4306 2253 4343 n.
