3200 5117
760 587 849 649 60
1276 584 1365 644 M.
1418 580 1661 644 mnu
1709 579 2334 662 me‘rlLlAm

762 736 877 780 me
908 706 1041 779 tela
1070 706 1489 777 ceciderunt.
1533 705 1871 775 Miserum
1911 732 2022 775 me
2063 705 2362 804 deceptae
2410 707 2844 804 cogitationis

760 822 1045 894 eventu!
1069 822 1328 891 fortiter
1354 820 1522 906 feci,
1542 819 1716 890 dum
1747 847 2015 890 mereor
2049 820 2293 892 occidi.
2325 822 2845 919 Recedite,gra-

760 919 1099 1023 tulantes;
1137 935 1362 1019 abite,
1387 933 1746 1003 laudantes
1768 965 1785 1021 ;
1825 959 1969 1003 non
1997 934 2343 1004 circumeo
2380 934 2673 1033 templa,
2699 962 2841 1006 non

761 1050 975 1121 reddo
996 1069 1151 1119 vota
1178 1047 1625 1118 numinibus:
1653 1047 1737 1116 ad
1771 1046 2214 1144 parricidium
2245 1049 2427 1117 veni.
2457 1048 2694 1137 Quem
2715 1077 2843 1148 ego

757 1164 966 1263 paulo
999 1185 1157 1235 ante
1183 1190 1419 1262 passus
1454 1188 1611 1231 sum
1644 1161 1903 1232 miserae
1931 1161 2355 1232 conscientiae
2413 1178 2428 1206 ¹
2456 1163 2797 1261 pudorem
2824 1193 2838 1234 :

757 1279 845 1349 ad
885 1299 1149 1377 patrem
1184 1304 1381 1348 arma
1413 1303 1557 1345 non
1585 1276 1781 1345 retuli
1810 1303 1826 1343 ς
1857 1276 2059 1346 timui
2085 1276 2257 1372 quin
2284 1277 2502 1348 immo
2528 1305 2616 1349 ne
2643 1279 2838 1369 mihi,

756 1391 930 1462 dum
962 1412 1291 1479 revertor,
1326 1409 1708 1460 occurreret
1728 1445 1746 1476 ‚
1778 1416 1865 1459 ne
1910 1389 1982 1458 in
2011 1389 2245 1460 oscula
2273 1417 2432 1461 mea
2465 1392 2842 1491 plenasque

755 1506 985 1578 adhuc
1016 1505 1407 1577 victricibus
1438 1504 1590 1575 telis
1627 1531 1876 1574 manus
1908 1504 2191 1577 incauto
2222 1529 2448 1578 rueret
2485 1509 2836 1606 amplexu.

752 1624 992 1712 Quam
1047 1644 1214 1693 tunc
1271 1619 1452 1691 inter
1505 1640 1778 1690 caeteras
1843 1620 2369 1692 exclamationes
2430 1622 2839 1695 deducentis

754 1738 1084 1808 exercitus
1123 1761 1401 1823 vocem,
1451 1734 1642 1832 quod
1692 1734 2195 1806 circumstantis
2229 1737 2468 1834 populi
2515 1765 2838 1809 murmur

750 1852 1018 1950 excepi!
1058 1877 1399 1949 magnum
1434 1851 1851 1948 felicemque
1871 1851 2232 1949 juvenem,
2261 1853 2313 1921 si
2341 1851 2567 1924 subito
2601 1880 2834 1924 more-

751 1989 953 2040 retur.
977 1969 1351 2068 Adjuvate‚
1384 1966 1477 2036 dii
1507 1969 1762 2065 pariter
1794 1989 1999 2064 atque
2029 1968 2383 2057 homines,
2411 1968 2578 2039 dum
2613 1971 2834 2068 perire

746 2085 1194 2181 concupisco,
1231 2083 1405 2152 dum
1436 2082 1591 2152 volo
1617 2111 1629 2151 :
1673 2082 2138 2172 miseremini,
2169 2110 2257 2154 ne
2291 2084 2481 2156 hunc
2511 2084 2831 2156 ardorem

744 2197 1072 2294 fugientis
1107 2197 1355 2267 animae
1387 2195 1710 2266 dilatione
1737 2197 2001 2298 laxetis:
2042 2199 2393 2295 proclamo
2416 2256 2434 2288 ‚
2469 2220 2717 2288 testor,
2757 2201 2830 2270 in

744 2312 1114 2383 novissimo
1147 2310 1267 2382 fati
1296 2333 1557 2382 stamus
1604 2313 1971 2410 abrupto23
2028 2340 2242 2415 prope
2290 2335 2387 2385 est
2438 2334 2518 2385 ut
2560 2314 2834 2386 occidat

745 2447 1011 2523 patrem
1057 2425 1390 2523 parricida
1440 2426 1839 2522 praedictu5‚
1896 2455 2118 2525 quum
2173 2450 2274 2500 est
2318 2428 2491 2498 mori
2527 2450 2822 2526 paratus.

743 2540 937 2630 Quid
979 2566 1094 2611 me
1116 2597 1134 2629 ,
1170 2561 1394 2638 pater,
1433 2540 1663 2612 adhuc
1699 2542 1993 2615 detines:
2028 2543 2196 2641 quid
2241 2543 2526 2614 moraris
2561 2544 2826 2614 abeun-

743 2655 929 2728 tem?
963 2655 1212 2727 melius
1246 2655 1536 2753 quidem
1563 2659 1785 2728 fuerat
1820 2659 2007 2728 hunc
2044 2658 2366 2755 spiritum
2399 2680 2520 2728 aut
2564 2659 2636 2729 in
2683 2659 2826 2757 ipsa

742 2792 1221 2846 maternorum
1276 2771 1620 2842 viscerum
1658 2772 1816 2844 sede
1865 2774 2366 2871 comprimere,
2421 2794 2540 2844 aut
2572 2794 2649 2846 ut
2687 2777 2827 2872 pri-

740 2912 939 2956 mum
971 2906 1286 2956 contactu
1314 2912 1439 2956 suo
1465 2887 1712 2957 caelum
1746 2909 2091 2986 terrasque
2116 2888 2478 2985 polluerat,
2504 2889 2826 2959 festinata

741 3020 961 3071 morte
996 3000 1362 3071 dimittere.
1415 3001 1634 3072 Sane³
1672 3023 1904 3072 tamen
1955 3003 2193 3074 caritas
2244 3004 2474 3100 patriae
2527 3003 2821 3101 privatos

736 3114 973 3186 vicerit
1008 3134 1270 3200 metuS,
1307 3136 1373 3185 et
1400 3115 1471 3185 in
1496 3114 1838 3186 honorem
1871 3115 2250 3188 virtutum4
2276 3116 2528 3187 scelera
2562 3117 2822 3188 nutrita

736 3228 912 3300 sint:
951 3227 1294 3325 quidquid
1322 3249 1446 3316 est,
1478 3249 1761 3326 propter
1789 3231 1978 3328 quod
2013 3231 2289 3302 educari
2320 3257 2433 3301 me
2460 3231 2631 3302 tanti
2664 3232 2817 3318 fuit,

735 3341 1129 3441 explicitum
1157 3362 1657 3439 peractumque
1682 3364 1821 3415 est:
1857 3367 2058 3417 restat
2091 3373 2231 3417 una
2265 3373 2420 3444 pars
2454 3347 2573 3417 fati
2593 3401 2612 3432 ,
2648 3344 2819 3417 ulti-

734 3482 935 3528 mum
971 3455 1334 3552 solumque
1365 3456 1654 3528 facinus.
1693 3462 1970 3531 Frustra
2017 3489 2131 3532 me
2168 3461 2534 3532 consolaris
2583 3487 2817 3559 aequa—

731 3571 1040 3642 nimitate
1062 3561 1527 3668 patientiaque
1554 3594 1707 3645 tua:
1737 3601 1880 3647 non
1915 3576 2102 3647 idem
2126 3577 2480 3674 utriusque
2502 3598 2815 3648 nostrum

799 3738 1409 3790 t.Pudorem.Dedecus:
1427 3745 1734 3812 turpeenim
1813 3747 1980 3798 Tacit.
2008 3746 2145 3797 Anu.
2171 3749 2224 3812 Ι,
2252 3763 2336 3816 ¹.⁰²
2370 3769 2391 3790 a
2415 3745 2550 3797 Sane
2574 3746 2737 3798 cassii
2761 3759 2812 3796 et

730 3815 1027 3868 habebatur
1077 3834 1185 3867 non
1232 3835 1377 3868 arma
1425 3820 1623 3870 referre
1670 3839 1734 3871 ex
1819 3846 1842 3869 ι
1863 3825 2144 3876 Brutorum
2174 3826 2340 3876 exitus
2373 3826 2607 3896 paternis
2641 3826 2817 3875 iuimi-

728 3915 926 3968 pugna.
1820 3928 1841 3950 a
1860 3906 1998 3958 citiis
2027 3903 2198 3958 datos.
2222 3930 2244 3952 ι

800 3996 847 4029 2.
887 3979 956 4029 In
987 3980 1224 4050 abrupto.
1268 3981 1352 4033 Sic
1389 3982 1609 4046 Noster,
1649 4002 1732 4034 se-
1881 3983 1933 4050 4.
1963 3985 2030 4034 In
2060 3984 2306 4036 honorem
2335 3985 2598 4036 virtutum.
2628 3985 2815 4034 Honor

726 4060 911 4131 quenti
929 4059 1163 4111 Declam.
1179 4099 1196 4127 ,
1220 4061 1521 4114 necessitatis
1542 4063 1729 4135 abu-up·
1806 4061 1894 4114 hic
1919 4074 1998 4115 est
2020 4065 2319 4132 praemium;
2345 4077 2402 4114 ut
2425 4062 2540 4113 Vel.
2563 4061 2735 4114 Flacc.
2762 4064 2812 4126 1,

727 4152 835 4192 tum
868 4139 1031 4206 dixit,
1063 4141 1373 4213 metaphora
1406 4162 1470 4196 ex
1505 4144 1725 4215 abrupto
1813 4161 1939 4215 177:
1971 4167 1992 4190 ιι
2013 4147 2210 4197 Primos
2236 4144 2371 4198 duce
2396 4159 2450 4197 te
2471 4145 2679 4196 virtutis
2703 4141 2807 4192 ho·

721 4223 982 4274 montium
1002 4221 1136 4273 clivo
1161 4221 1404 4276 deducta.
1431 4225 1523 4276 En.
1811 4246 1832 4269 ι
1853 4242 2011 4276 nores
2047 4226 2291 4295 Carpere.
2317 4248 2338 4271 ιι
2386 4221 2508 4275 vid.
2551 4242 2666 4294 sup.
2717 4220 2809 4273 de-

794 4302 844 4355 3.
876 4301 1029 4353 Sane.
1065 4301 1325 4354 Particula
1359 4301 1719 4357 concedentis.
1803 4303 2010 4356 clauim.
2038 4305 2087 4367 1,
2118 4306 2208 4368 18,
2239 4316 2291 4354 et
2313 4304 2384 4368 Π,
2413 4304 2490 4356 18.
