3200 5117
782 540 902 603 266
1279 545 1367 607 M.
1419 546 1669 608 PABH
1714 546 2349 626 chthLtaxt

765 664 1022 762 jejuna:
1044 667 1272 738 herbae
1293 669 1518 740 solum
1543 671 1843 741 vicerant
1863 728 1881 757 ‚
1904 671 2095 740 vanis
2118 691 2389 741 tantum
2410 668 2635 740 aristis
2660 696 2859 767 spem

773 782 1206 873 fefellerunt,
1253 810 1317 856 et
1365 788 1602 858 inanes
1655 787 1922 858 culmos
1975 789 2185 858 tristis
2240 789 2535 885 agricola
2573 787 2859 886 jactavit

777 901 987 970 ventis
1021 902 1195 972 nihil
1233 904 1583 974 relicturis,

883 1018 961 1084 V.
1007 1020 1212 1087 Levia
1247 1046 1533 1114 queror3
1571 1041 1761 1117 prata
1795 1041 2246 1108 exaruerunt,
2285 1020 2635 1119 perierunt
2667 1021 2859 1088 frou-

777 1129 894 1198 des
913 1189 930 1218 ,
959 1134 1268 1224 germina
1285 1161 1422 1204 non
1443 1135 1793 1205 exierunt:
1828 1137 2015 1206 nuda
2036 1157 2215 1207 terra
2237 1157 2305 1208 et
2330 1136 2535 1206 rudes
2568 1150 2583 1177 ¹
2606 1133 2851 1232 glebae‚

778 1267 841 1315 et
874 1246 1047 1317 aridi
1083 1250 1302 1320 fontes
1338 1271 1566 1320 erant:
1606 1252 1733 1320 nisi
1774 1252 1916 1323 haec
1950 1253 2187 1323 omnia
2221 1253 2397 1323 inter
2429 1251 2714 1322 scientes
2742 1249 2857 1320 di-

778 1388 1003 1432 cerem
1025 1421 1042 1450 ,
1072 1386 1380 1462 poteram
1413 1366 1622 1436 videri
1663 1367 1834 1436 falso
1863 1388 2143 1464 questus
2184 1368 2266 1439 de
2298 1368 2427 1437 hoc
2458 1393 2679 1444 anuo,
2714 1390 2857 1461 quo

779 1499 1050 1548 tautum
1077 1481 1411 1552 frumenti
1435 1481 1897 1551 vendidimus.
1927 1482 2212 1552 Utinam
2240 1482 2485 1552 saltem
2516 1478 2717 1549 nobis
2744 1503 2856 1548 ru-

776 1592 932 1662 dem
989 1596 1242 1665 victum
1291 1597 1471 1666 silvae
1515 1597 2051 1684 ministrassent,
2101 1620 2171 1670 et
2216 1623 2490 1694 carpere
2538 1596 2853 1678 arbusta,

775 1730 1135 1779 concutere
1165 1737 1496 1808 quercum
1519 1771 1537 1800 ,
1567 1711 1789 1808 legere
1817 1715 2009 1808 fraga
2050 1711 2387 1782 licuisset:
2423 1732 2491 1780 et
2523 1735 2857 1807 quaecun-

774 1849 908 1918 que
934 1824 1132 1919 primi
1168 1827 1484 1893 mortales
1503 1853 1588 1892 an
1602 1849 1663 1893 te
1685 1827 1965 1894 traditos
1991 1825 2319 1894 divinitus
2347 1823 2640 1893 mitiores
2662 1819 2854 1892 cibos

773 1957 1004 2006 contra
1049 1939 1300 2007 famem
1344 1938 1783 2035 objecerunt,
1833 1937 2112 2035 pestifer
2158 1964 2383 2007 annus
2433 1934 2849 2031 reliquisset!

775 2078 912 2121 non
965 2080 1154 2123 eram
1211 2054 1561 2123 delicatus,
1608 2053 1741 2123 Sed
1795 2081 1836 2122 o
1885 2053 2085 2123 tristis
2132 2052 2536 2124 recordatio!
2587 2054 2853 2123 funesta

776 2168 1159 2237 necessitas!
1215 2169 1384 2238 nihil
1430 2167 1809 2237 habuimus
1844 2193 1985 2263 quo
2018 2166 2438 2255 viveremus»,
2484 2186 2720 2263 praeter
2753 2165 2857 2236 fa·

775 2309 962 2352 mem
989 2298 1049 2352 ²:
1093 2311 1218 2353 nec
1255 2306 1483 2354 tamen
1524 2284 1591 2353 in
1634 2303 1853 2353 totum
1890 2285 2086 2380 queri
2124 2283 2208 2352 de
2253 2281 2665 2353 numinibus
2696 2305 2855 2379 pos-

774 2423 1047 2483 summ,
1083 2400 1294 2468 maria
1323 2420 1498 2469 certe
1524 2399 1825 2469 secunda
1847 2398 2132 2494 experti:
2162 2399 2213 2467 si
2242 2396 2568 2468 voluisset
2594 2420 2851 2466 servare

773 2510 1033 2606 legatus
1064 2512 1284 2598 diem,
1317 2540 1524 2608 quem
1560 2511 1656 2582 illi
1692 2511 1979 2582 felicitas
2016 2511 2346 2607 temporis
2380 2508 2695 2596 dederat,
2731 2533 2853 2604 po·

774 2627 902 2695 tuit
932 2627 1128 2696 nobis
1154 2629 1582 2698 frumentum
1616 2629 1720 2697 bis
1742 2628 2005 2697 afferre.
2040 2628 2133 2697 Ut
2159 2627 2466 2724 primum
2487 2624 2657 2695 tanti
2688 2622 2851 2694 mali

774 2769 1007 2813 sensus
1036 2745 1104 2814 in
1133 2747 1472 2816 civitatem
1504 2745 1922 2844 percrebuit,
1949 2771 2171 2841 quum
2193 2743 2347 2842 jam
2379 2762 2665 2837 urgente
2694 2738 2851 2811 ino-

773 2858 882 2955 pia
916 2860 1222 2957 quotidie
1257 2861 1519 2932 malum
1552 2862 1802 2934 arctius
1837 2880 2218 2957 premeret,
2255 2879 2322 2929 et
2356 2876 2687 2955 praeseute
2712 2856 2852 2925 for-

772 2996 940 3046 tuna
976 2977 1168 3076 pejor
1201 3000 1430 3050 tamen
1468 3000 1638 3050 esset
1677 2977 1892 3049 futuri
1932 2998 2187 3063 metuS,
2223 2974 2536 3073 apparuit
2570 2970 2840 3042 nullum

771 3116 848 3160 ex
884 3094 1277 3190 propinquo
1308 3122 1448 3165 esse
1484 3093 1911 3193 praesidium,
1944 3118 2165 3189 quum
2209 3072 2536 3160 finitimas
2568 3109 2847 3184 quoque

772 3245 910 3296 ‘uma
950 3235 1040 3305 ‘1¹¹i
1071 3235 1179 3285 rtet.
1207 3238 1274 3286 Ill
1293 3274 1308 3300 ‚
1338 3255 1385 3288 v,
1420 3239 1520 3304 98:
1565 3259 1585 3281 ι
1607 3237 1657 3288 Si
1685 3235 1767 3285 lac
1856 3255 1877 3277 ι
1898 3234 1973 3284 sic
1994 3247 2239 3284 conserta
2256 3249 2411 3282 mauu
2434 3226 2639 3299 plurimi
2658 3227 2847 3290 occisi,

771 3317 1070 3382 pra-ceperit
1095 3328 1265 3365 aestus.
1291 3339 1312 3361 ι
1855 3336 1877 3360 ιι
1897 3327 1947 3363 et
1960 3351 1976 3376 ‚
1994 3332 2155 3383 quum
2177 3326 2387 3382 urgeret
2406 3313 2599 3374 fames»,
2616 3306 2849 3379 aliquan·

849 3391 1765 3464 1.Rudesyleboe.U1Virg.ceorg.1,
1855 3417 1876 3441 κ
1901 3395 2061 3463 tisper
2108 3393 2229 3444 inde
2281 3396 2453 3443 vixere
2486 3415 2496 3441 ε
2526 3415 2546 3437 υ
2600 3389 2692 3440 ubi
2744 3389 2845 3439 vid.

770 3469 868 3539 94ς
898 3470 1083 3523 cle-bas
1123 3473 1303 3524 inertes
1327 3472 1479 3536 dixit,
1516 3492 1645 3542 quas
1683 3493 1770 3524 ex·
1849 3474 2045 3525 Freins.
2065 3473 2431 3544 Sidon.Apoll.
2456 3474 2520 3530 ll,
2540 3489 2699 3522 carm.
2718 3471 2843 3522 5¹3:

769 3549 1514 3622 plicatServius,piyras‚nihil
1527 3566 1764 3604 creantes.
1855 3577 1875 3600 ι
1895 3558 2000 3624 Qui
2026 3568 2245 3624 cogente
2277 3557 2413 3604 fame
2437 3564 2666 3620 cognata
2690 3549 2848 3602 cada·

842 3630 1451 3702 2.Nih'ilhabuimusquo
1468 3631 1766 3696 viveremus,
1854 3658 1875 3680 ι
1896 3655 2017 3687 vera
2044 3634 2297 3686 mandens
2324 3637 2461 3685 Vixit
2491 3645 2659 3685 morte
2688 3651 2797 3683 sua.
2820 3654 2843 3677 ι

765 3710 1187 3781 puerei-famem.
1210 3713 1409 3764 AEstuat
1428 3713 1480 3762 in
1501 3712 1583 3763 his
1605 3714 1768 3784 expli·
1846 3718 1910 3767 Et
1939 3719 2008 3766 ita
2035 3716 2164 3767 dixit
2188 3734 2308 3767 mox
2332 3733 2447 3785 cap.
2478 3731 2506 3783 7
2530 3736 2541 3764 :
2580 3736 2603 3759 ι
2622 3714 2739 3764 Jam
2762 3713 2847 3763 fa-

770 3789 949 3840 eandis
992 3789 1210 3840 Badius:
1256 3790 1348 3842 sed
1393 3790 1598 3843 videtur
1634 3790 1766 3845 velle
1854 3819 1874 3842 κ
1897 3815 2006 3848 mes
2044 3796 2263 3849 desinit:
2286 3819 2308 3842 n
2339 3809 2390 3846 et
2425 3811 2611 3865 supra,
2639 3810 2757 3863 cap·
2781 3793 2841 3843 3²

771 3880 971 3933 auctor,
994 3867 1122 3919 nihil
1150 3871 1496 3940 superfuisse,
1520 3869 1664 3922 uude
1689 3874 1766 3922 vi·
1852 3900 1874 3923 ι
1890 3877 2049 3928 Cibos
2063 3895 2123 3928 ex
2137 3877 2284 3927 malis
2296 3877 2672 3938 invenimus‚et
2686 3874 2849 3924 fames

769 3959 974 4010 ver-ent,
1017 3959 1202 4018 pra-ter
1237 3948 1488 4000 cadavera
1528 3967 1587 4001 ex
1628 3950 1765 4000 fame
1852 3978 1873 4000 ι
1900 3974 1955 4007 se
1984 3957 2093 4025 ipsa
2121 3956 2291 4026 pavit:
2314 3978 2337 4000 n
2362 3967 2413 4005 et
2438 3969 2556 4023 cap.
2581 3951 2643 4017 42
2667 3950 2851 4001 «Abo-

771 4025 1665 4086 mortuorumticetduriusdiemm
1681 4030 1765 4090 sit,
1853 4057 1873 4080 ι
1892 4035 2140 4088 minanda
2172 4035 2311 4087 lues.
2342 4053 2457 4107 quae
2488 4031 2621 4084 nihil
2652 4031 2849 4083 homini

769 4107 917 4178 quasi
939 4107 1106 4159 fames
1126 4108 1480 4179 suppeditaret
1506 4125 1770 4160 commea·
1851 4136 1874 4160 η
1894 4116 2103 4186 reliquit
2158 4127 2344 4185 pra-ter
2395 4114 2679 4166 homiuem.
2704 4134 2725 4157 ι
2783 4112 2849 4161 Et

771 4200 882 4240 tum
905 4190 1292 4261 superstitibus.
1311 4190 1484 4242 Simile
1500 4190 1629 4261 quid
1650 4190 1768 4242 Flo·
1848 4212 1962 4264 quae
1984 4193 2134 4263 plura
2161 4205 2342 4263 argute
2367 4191 2506 4243 dieta
2534 4194 2587 4242 in
2615 4190 2713 4242 hac
2742 4189 2848 4240 De—

771 4284 857 4319 rus
874 4265 1027 4335 dicit,
1049 4269 1092 4320 tt
1106 4307 1122 4334 ‚
1148 4269 1208 4320 18
1228 4289 1239 4318 ε
1263 4291 1284 4316 ι
1307 4268 1506 4321 Placuit
1526 4271 1766 4342 eruptio-3
1848 4270 2165 4323 clamatione
2187 4282 2491 4323 occurrunt.
2523 4271 2688 4320 Bonan:
