3200 5117
786 546 909 607 302
1297 541 1391 601 M.
1439 537 1686 600 FAssn
1732 535 2371 617 Qum‘rlmmt

782 668 972 739 cidit.
1000 667 1270 737 Audete
1292 689 1484 735 nunc
1509 662 1836 732 lacessere
1861 658 2149 730 divitem
2166 715 2187 750 ,
2218 659 2473 758 quibus
2498 661 2648 733 vitae
2677 689 2884 737 causa

782 805 1128 884 superest:
1182 781 1458 854 exserite
1509 777 1894 848 libertatem
1946 775 2238 846 fortibus
2277 776 2541 867 verbis,
2595 779 2653 848 si
2703 779 2881 877 quid

784 898 1186 984 offenderit,
1217 917 1281 966 et
1309 894 1495 992 quod
1528 890 2033 963 difficillimum
2070 891 2237 980 fuit,
2259 890 2404 990 jam
2438 915 2753 991 expertus
2782 917 2883 968 est

782 1041 1152 1087 venenum.
1189 1008 1406 1099 Quod
1439 1009 1495 1078 si
1530 1006 1710 1077 mihi
1754 1007 2037 1078 fortuna
2068 1004 2176 1076 vel
2218 1006 2483 1103 ingenii
2516 1009 2692 1080 vires
2714 1068 2734 1098 ,
2765 1013 2877 1084 vel

783 1157 939 1203 snas
977 1127 1305 1212 dedisset,
1350 1122 1616 1196 crimen
1662 1120 1850 1191 istud
1895 1135 2037 1191 non
2079 1120 2417 1217 privatam
2458 1124 2873 1197 taxationem

784 1245 1102 1319 formulae
1151 1241 1574 1313 metebatur.
1624 1239 2002 1307 Venenum
2047 1234 2230 1333 leges
2272 1236 2567 1328 habete,
2613 1267 2868 1330 emere,

783 1390 977 1435 nosse
1043 1360 1350 1458 denique
1401 1375 1632 1427 vetant
1663 1410 1682 1441 ,
1752 1352 2225 1425 inevitabilem
2288 1376 2549 1452 pestem
2612 1357 2873 1431 occulta

781 1477 1028 1550 fraude
1063 1495 1504 1574 grassantem.
1543 1469 1734 1541 Male
1773 1469 1985 1540 haeret
2018 1468 2114 1539 ibi
2158 1469 2595 1562 innocentia,
2632 1473 2757 1545 ubi
2798 1475 2869 1545 in

786 1611 1141 1692 postestate
1182 1610 1283 1661 est
1313 1609 1654 1660 secretum
1687 1584 1943 1674 scelus,
1977 1585 2163 1655 velut
2194 1612 2583 1677 venenum,
2619 1611 2687 1661 et
2716 1591 2871 1687 qui-

782 1706 983 1779 dem¹
1049 1726 1599 1805 praesentaneum
1621 1758 1640 1790 ,
1704 1701 2065 1773 inventum
2088 1758 2108 1788 ,
2169 1702 2639 1801 compositum
2660 1762 2679 1794 ,
2741 1706 2871 1778 da-

782 1843 932 1893 tum
975 1842 1092 1892 est.
1147 1818 1588 1909 Quantulum
1634 1816 1911 1887 interest
1947 1817 2101 1912 quis
2148 1815 2443 1890 biberit?
2485 1818 2699 1893 homo
2736 1821 2869 1893 de-

782 1935 918 2024 dit,
963 1957 1031 2007 et
1072 1933 1348 2006 homini
1382 1932 1535 2004 dari
1579 1952 1818 2030 potest.
1854 1933 2014 2002 Non
2051 1931 2221 2003 adeo
2258 1933 2509 2004 desunt
2547 1934 2867 2008 odiorum

782 2075 1035 2136 causae,
1071 2070 1149 2120 ut
1173 2047 1320 2149 jam
1362 2073 1518 2119 rara
1556 2044 1870 2118 simultas
1910 2046 2026 2120 sit:
2069 2069 2137 2118 et
2163 2068 2239 2118 ut
2274 2046 2589 2120 videatur
2622 2048 2870 2148 aliquis

780 2162 960 2236 nihil
1018 2164 1274 2262 magis,
1335 2188 1553 2261 quam
1602 2161 1822 2234 malos
1880 2162 2142 2250 odisse,
2193 2161 2440 2235 libebit
2491 2163 2868 2262 aliquando

780 2277 1056 2376 longius
1093 2305 1383 2350 manum
1413 2277 1758 2377 porrigere
1788 2291 1841 2365 ²,
1879 2298 1947 2349 et
1978 2278 2341 2376 indulgere
2384 2278 2663 2352 animis.
2698 2282 2868 2353 Cre-

780 2392 1106 2465 ditemihi
1126 2391 1471 2493 ,judice8,
1503 2392 1862 2464 difficilius
1894 2420 2241 2466 venenum
2278 2396 2624 2486 invenire,
2656 2422 2865 2494 quam

780 2536 1169 2581 immicum.

860 2626 1017 2695 Vll.
1035 2622 1169 2695 Sed
1186 2650 1301 2698 me
1317 2624 1590 2697 conscia
1605 2626 2092 2698 mediocritatis
2110 2626 2472 2700 infirmitas
2489 2627 2867 2702 intrameas

779 2739 1270 2812 tantummodo
1306 2741 1612 2813 continet
1648 2740 1995 2838 querelas:
2024 2770 2190 2814 nam
2223 2742 2602 2833 damnum,
2635 2743 2707 2814 id
2735 2764 2864 2832 est,

770 2855 1074 2954 judices,
1087 2856 1567 2953 gravissimum
1581 2853 1610 2898 ³
1628 2883 1889 2954 pauper
1909 2856 2165 2929 vulnus
2184 2856 2414 2956 accepi
2438 2888 2458 2945 ;
2479 2857 2667 2955 quod
2688 2855 2864 2927 mihi

778 2970 1038 3043 diutins
1059 2970 1463 3044 deflendum
1482 2971 1668 3070 apud
1683 2999 1800 3043 vos
1814 3028 1832 3060 ,
1853 2999 2064 3068 quam
2083 2971 2525 3071 probandum
2544 2992 2667 3044 est:
2691 2996 2863 3042 nam

777 3086 1230 3185 coarguendis
1257 3088 1543 3184 quidem
1576 3086 1990 3159 criminibus
2014 3089 2170 3185 quis
2202 3088 2401 3161 labor
2420 3109 2514 3158 est
2538 3085 2860 3158 adversus

777 3200 1259 3272 confitentem?
1273 3200 1532 3272 habent
1547 3198 1789 3271 divites
1803 3200 1933 3272 hoc
1945 3228 2222 3298 quoque
2239 3224 2476 3274 contra
2489 3226 2614 3273 nos
2628 3220 2864 3272 contu-

777 3314 1188 3407 meliosum,
1222 3316 1409 3413 quod
1444 3342 1588 3388 non
1631 3317 1798 3387 tanti
1832 3317 2176 3406 videmur,
2211 3339 2287 3388 ut
2326 3336 2615 3416 negent:
2657 3341 2860 3415 porro

777 3434 900 3530 qui
927 3434 1319 3506 confessum
1353 3432 1698 3521 defendit,
1727 3460 1869 3505 non
1895 3433 2403 3506 absolutionem
2433 3431 2706 3506 sceleris
2734 3457 2860 3532 pe-

777 3546 893 3637 tit,
929 3550 1047 3619 sed
1080 3547 1454 3621 licentiam.
1491 3550 1803 3644 Longius
1841 3549 2001 3639 ista,
2038 3576 2249 3646 quam
2285 3548 2530 3638 timui,
2573 3545 2859 3648 quaestio

855 3719 873 3755 1
887 3744 898 3755 .
939 3705 1101 3755 Velut
1136 3724 1388 3757 venenum
1403 3746 1420 3772 ,
1458 3718 1511 3758 et
1548 3707 1776 3778 quidem.
1866 3731 1887 3753 οι
1908 3726 2024 3759 nus.
2044 3731 2064 3753 υ
2080 3707 2199 3759 vid.
2219 3709 2411 3778 Nepot.
2430 3708 2483 3758 in
2498 3706 2655 3757 Dion.
2672 3723 2790 3775 cap.
2807 3720 2860 3773 ⁶7,

776 3782 1138 3836 Reddendum
1149 3803 1247 3857 pro
1263 3804 1592 3857 supervacuo
1607 3801 1657 3838 et
1669 3807 1781 3840 ora·
1857 3804 1977 3857 pag.
2013 3805 2030 3837 ι
2048 3805 2104 3837 12
2132 3799 2321 3838 nostrae
2344 3783 2607 3837 editionis.
2635 3784 2729 3835 Eu.

777 3864 980 3915 tionem
1001 3863 1249 3916 turbante
1273 3862 1326 3916 τὸ
1356 3864 1511 3917 velut.
1537 3866 1703 3930 Grion.
1928 3868 1977 3918 3.
2006 3868 2274 3919 Damnum
2300 3865 2356 3918 id
2373 3864 2719 3938 endiadim,
2742 3879 2860 3936 5¹0-

850 3961 899 3996 2.
918 3943 1143 4017 Lonyius
1155 3962 1372 3998 manum
1386 3948 1663 4020 porrigere.
1680 3949 1776 3999 Be·
1857 3946 2133 3997 vissimum.
2160 3944 2537 3999 continuanda
2567 3961 2677 3996 mo
2706 3943 2858 4013 spiri-

775 4021 895 4076 dius
920 4022 1141 4095 explicat
1165 4027 1320 4078 etiam
1347 4026 1411 4078 ad
1433 4026 1610 4079 bonos
1626 4045 1779 4079 vene-
1854 4036 1913 4076 tu
1944 4041 2171 4096 sequens
2206 4022 2489 4096 periodus,
2521 4021 2627 4074 boe
2663 4019 2854 4073 modo:

779 4121 849 4157 no
887 4102 1167 4156 tollendos.
1192 4105 1263 4155 Ut
1300 4119 1465 4170 esset,
1505 4104 1775 4176 quomodo
1857 4123 1980 4157 nam
1996 4106 2278 4170 damnum,
2295 4104 2381 4173 (id
2395 4103 2723 4177 est,judiees,
2736 4119 2858 4176 qm·

777 4181 906 4234 illud
925 4179 1134 4234 Helenae
1156 4181 1299 4252 apud
1312 4182 1464 4235 ovid.
1485 4185 1584 4255 Ep.
1599 4185 1771 4235 xvn:
1856 4187 2115 4238 vicsae’mum
2153 4202 2355 4259 pauper
2392 4183 2619 4252 vulnus)
2659 4178 2850 4251 «eoepi-

787 4284 808 4305 ἰ
828 4262 908 4314 An
923 4262 1093 4315 nescis
1110 4260 1292 4330 longas
1310 4262 1521 4333 regibus
1536 4280 1651 4316 esse
1669 4280 1777 4316 ma·
1854 4262 2090 4317 Gnoro.
2114 4263 2262 4315 Idem
2292 4281 2389 4333 pro
2419 4262 2474 4315 id
2496 4271 2595 4328 est,
2618 4261 2742 4313 Luc.
