3200 5117
586 556 794 620 DEC.
841 556 1032 621 xlx.
1084 554 1471 620 INFAMIS
1521 558 1617 620 IN
1665 558 2105 636 MATREM,
2152 559 2238 622 ΙΙ.
2333 560 2454 644 407

365 696 499 745 nec
534 651 1022 775 torquentibus
1051 678 1205 750 aliis
1235 678 1535 777 agebam
1570 677 1891 778 judicem
1925 699 2191 780 patrem
2220 693 2265 750 ¹.
2311 682 2458 778 Ego

369 808 536 861 tunc
561 814 815 864 cuncta
842 813 914 864 et
941 818 1181 892 passus
1208 820 1368 865 sum
1395 793 1679 891 pariter,
1711 813 1778 865 et
1800 794 1929 866 feci
1957 822 1971 864 ε
2003 821 2149 866 non
2172 794 2465 865 vacabat

365 931 565 977 aures
603 929 917 1006 praestare
949 909 1209 998 verbiS,
1257 910 1567 1007 excipere
1606 910 1936 1008 gemituS,
1963 910 2298 983 aestimare
2331 908 2466 981 sin-

370 1022 602 1118 gultus
630 1051 646 1095 ε
683 1026 983 1099 avocavit
1016 1054 1131 1099 me
1165 1028 1554 1119 contentio,
1585 1028 1815 1120 dolor,
1856 1028 2147 1118 orbitas,
2178 1013 2464 1127 parrici-

371 1137 567 1210 dium
607 1168 622 1210 ε
674 1142 914 1214 omnia
953 1144 1134 1215 facta
1180 1166 1344 1216 sunt
1384 1145 1825 1220 festinatione
1858 1145 2234 1245 praecipiti:
2273 1145 2463 1217 idem

370 1254 579 1352 patris
612 1258 905 1331 affectus
939 1281 1037 1333 est
1070 1282 1419 1360 torquere,
1466 1283 1545 1334 ut
1580 1262 1781 1351 scias,
1816 1262 2156 1352 occidere,
2193 1283 2273 1334 ut
2303 1287 2466 1333 nes-

371 1370 529 1442 cias.
580 1375 662 1444 In
696 1401 969 1468 meam,
1007 1378 1270 1477 inquit,
1301 1378 1674 1451 infamiam
1708 1395 1932 1453 taces:
1972 1381 2063 1452 ita
2091 1407 2281 1452 nunc
2314 1379 2464 1478 pri—

372 1513 574 1559 mum
614 1489 884 1564 laboras
928 1493 1178 1565 misera
1219 1493 1306 1565 de
1352 1494 1573 1584 fama,
1619 1516 1686 1566 et
1733 1516 1888 1594 post
1928 1494 2117 1566 unici
2164 1514 2467 1566 mortem

371 1599 715 1698 pertinere
740 1605 827 1677 ad
856 1626 923 1678 te
953 1607 1192 1706 coepit,
1223 1606 1392 1706 quid
1423 1607 1799 1706 loquantur
1824 1607 2185 1681 homines?
2209 1607 2468 1680 scilicet

373 1715 558 1787 filius
604 1717 965 1818 impensus
1013 1741 1141 1811 est,
1176 1743 1256 1793 ut
1296 1721 1758 1818 erubesceres,
1793 1744 1869 1795 ut
1916 1722 2098 1794 male
2140 1720 2466 1794 audires?

369 1829 635 1903 adeone
674 1832 807 1905 hoc
833 1836 1131 1933 captanti
1156 1862 1301 1908 non
1328 1857 1470 1907 erat
1496 1837 1663 1908 satis
1684 1892 1703 1925 ‚
1735 1864 1884 1909 rem
1912 1857 2125 1910 totam
2161 1836 2466 1907 commi-

367 1947 527 2020 sisse
566 1951 851 2023 rumori.

465 2066 652 2135 XIV.
705 2067 852 2164 Ego
883 2094 1046 2139 vero
1080 2094 1197 2140 me
1237 2070 1444 2141 famae
1485 2089 1652 2158 tuae,
1702 2069 1978 2159 mulier,
2027 2067 2356 2167 opposui,
2400 2087 2468 2138 et

368 2179 548 2251 inter
575 2201 871 2254 matrem
905 2183 1276 2284 filiumque
1308 2185 1583 2258 medius
1615 2185 2063 2284 parricidium
2099 2183 2272 2255 feci:
2308 2183 2471 2253 uni-

367 2318 532 2365 cum
564 2296 818 2387 occidi,
858 2324 945 2369 ne
977 2298 1150 2395 quid
1184 2299 1379 2371 aliud
1414 2300 1866 2400 loquerentur
1891 2299 2236 2372 homines.
2267 2298 2464 2370 Alio-

368 2409 489 2506 qui
519 2410 576 2481 si
605 2411 737 2483 hoc
770 2434 969 2512 capto
996 2414 1186 2513 quod
1220 2437 1427 2514 putas
1446 2472 1465 2505 ‚
1492 2401 1860 2514 quousque
1894 2412 2135 2486 taceo?
2164 2413 2237 2484 in
2268 2412 2463 2511 quod

370 2542 644 2622 tempus
672 2525 920 2600 differo
945 2527 1136 2600 illam
1152 2585 1171 2618 ,
1200 2556 1414 2627 quam
1439 2557 1552 2601 me
1579 2549 1780 2628 putas
1805 2555 2117 2630 premere
2133 2586 2152 2618 ,
2176 2526 2465 2600 vocem?

369 2636 545 2708 Ecce
580 2658 804 2710 reatus
833 2640 1192 2739 judicium
1221 2644 1686 2741 pronuncio2,
1721 2671 1847 2740 ego
1878 2664 2113 2715 tamen
2144 2642 2314 2714 scire
2343 2668 2461 2713 me

370 2775 548 2847 nego
572 2777 587 2821 ε
615 2754 959 2851 egregiam
982 2756 1324 2828 rationem
1343 2756 1786 2855 malignitatis
1811 2756 1825 2825 l
1855 2757 2210 2828 locuturus
2229 2755 2462 2827 adver-

365 2889 481 2936 sus
527 2892 814 2939 uxorem
843 2924 862 2956 ,
917 2869 1047 2941 feci
1095 2897 1186 2942 ne
1231 2871 1410 2942 mihi
1454 2872 1864 2943 crederetur.
1924 2874 2166 2942 Fateor
2208 2871 2458 2967 igitur,

367 2979 544 3052 nihil
575 2981 665 3054 ad
696 3004 963 3057 certum
995 2985 1611 3085 indubitatumque
1642 2985 1958 3085 perduxi,
1984 2984 2116 3056 hoc
2140 3005 2241 3056 est
2268 2986 2462 3082 quin-

440 3149 486 3183 1.
551 3132 781 3206 Agebam
838 3136 1079 3207 judicem
1146 3149 1368 3209 patrem.
1452 3155 1613 3200 usus;
1645 3151 1696 3189 et
1722 3137 2033 3188 confirmant
2056 3156 2204 3189 voce.
2231 3137 2462 3190 consede-

367 3216 586 3280 Utrum‚
619 3228 796 3284 pater,
844 3235 916 3269 an
950 3218 1236 3291 judicum,
1287 3220 1372 3272 vel
1453 3235 1564 3268 ram
1602 3231 1657 3270 et
1691 3216 1985 3288 potcstatis,
2031 3234 2143 3285 quae
2180 3217 2461 3269 manifeste

359 3290 551 3359 iudicis
561 3296 970 3361 portemPGnon.
988 3298 1373 3373 Agebamjudi·

366 3386 477 3420 cem
496 3380 719 3440 patrem.
740 3372 1017 3448 Patereqo.
1038 3377 1205 3429 Gron.
1228 3377 1371 3430 unde

365 3448 661 3522 Schulting.
695 3473 721 3498 a
741 3453 962 3524 agebam
989 3456 1242 3525 judicem.
1272 3460 1370 3510 Pa-

373 3550 395 3574 ·
415 3542 513 3596 ter,
536 3545 688 3603 pater
712 3551 839 3605 ego,
869 3548 969 3587 etc.
993 3559 1015 3582 υ
1052 3538 1166 3589 Nos
1194 3551 1370 3590 antem

369 3628 475 3661 non
496 3613 621 3663 satis
644 3614 991 3686 perspicimus
1017 3616 1143 3686 quid
1168 3617 1370 3688 prosint

365 3691 664 3744 istiusmodi
689 3697 1006 3747 mutationes
1023 3733 1040 3760 ‚
1065 3714 1230 3768 quum
1254 3715 1370 3748 sen·

366 3788 456 3822 sus
473 3772 694 3845 vulgata
717 3774 958 3827 lectionis
977 3775 1081 3829 hoc
1100 3776 1223 3828 loco
1243 3778 1367 3829 satis

364 3863 544 3921 pateat
566 3872 581 3913 ;
636 3858 921 3925 praesertim
972 3858 1016 3908 si
1067 3857 1368 3909 consideres

366 3930 493 4000 quid
509 3933 804 4002 significent
815 3935 1188 4006 precedentia:
1214 3937 1367 3989 «Non

369 4032 393 4055 ι
414 4013 554 4063 enim
566 4016 843 4083 potestatis
854 4013 1009 4085 alicuj
1016 4034 1077 4068 us
1087 4034 1233 4069 more
1244 4033 1366 4068 con·

370 4112 394 4135 ι
413 4089 670 4144 sederam.
681 4116 702 4139 u
722 4095 900 4146 lnnnit
913 4113 1102 4167 nempe
1116 4096 1171 4145 in
1185 4112 1241 4146 re
1256 4107 1365 4147 tam

361 4172 531 4222 atroci
575 4170 724 4223 nullo
766 4173 928 4224 modo
973 4192 1130 4245 posse
1170 4174 1364 4244 requiri

356 4248 680 4319 judiciorum
719 4251 983 4306 solemnes
1033 4266 1086 4306 et
1123 4251 1363 4325 placidos

1452 3300 1719 3368 pertinent
1741 3296 1809 3348 ad
1834 3315 1941 3348 rem
1960 3294 2292 3366 judicialem,
2315 3297 2462 3349 velut

1451 3377 1753 3427 confirmari
1782 3388 1962 3447 posset
1998 3373 2173 3426 multis
2206 3375 2458 3447 exemplis

1450 3474 1479 3505 e
1501 3455 1757 3507 Cicerone
1774 3453 1854 3524 (v.
1877 3473 1924 3506 c.
1946 3453 2058 3506 Mil.
2079 3472 2196 3525 cap.
2225 3454 2301 3524 t),
2322 3455 2458 3509 aliis-

1450 3551 1553 3608 que
1569 3535 1927 3608 depromptis:
1947 3535 2176 3586 Potestas
2189 3553 2255 3586 au
2263 3548 2365 3587 tem
2382 3539 2457 3588 in-

1449 3614 1591 3667 dicat
1608 3617 1967 3685 magistratum
1979 3652 1996 3680 ‚
2012 3627 2070 3665 ut
2085 3632 2147 3666 ex
2157 3615 2458 3670 Cicer-‚Tus-

1448 3695 1553 3747 cul.
1571 3695 1624 3760 1,
1642 3693 1978 3766 probandum
2002 3693 2155 3746 facile
2175 3708 2283 3747 est:
2307 3719 2329 3742 ι
2350 3696 2455 3749 Sed

1454 3799 1477 3823 a
1497 3792 1765 3848 uunquam
1803 3794 1834 3828 a
1872 3777 2177 3847 magistratu
2191 3814 2211 3841 ‚
2251 3790 2344 3828 aut
2384 3777 2453 3830 ab

1455 3879 1477 3903 ι
1499 3857 1676 3929 aliqua
1722 3869 1984 3927 potestate
2030 3854 2261 3925 legitima
2298 3858 2373 3908 sic
2418 3877 2453 3911 a

1453 3961 1476 3983 ,ι
1491 3938 1608 3988 Deo
1629 3949 1879 3987 evocatus
1901 3948 2059 4006 atque
2079 3937 2299 3990 emissus
2314 3938 2455 3990 exie-

1454 4039 1477 4063 ι
1497 4018 1579 4068 rit.
1599 4040 1622 4063 ιο
1656 4017 1748 4067 En.

1518 4113 1565 4148 2.
1600 4095 1919 4146 Prommcio.
1962 4093 2096 4146 Ecce
2132 4106 2325 4162 reatus,
2348 4100 2452 4169 ju-

1443 4172 1641 4228 dicium
1653 4212 1672 4239 ,
1685 4171 2053 4245 pronunciatio
2062 4209 2082 4238 ,
2097 4171 2229 4224 Obr.
2246 4176 2301 4226 in
2314 4173 2451 4227 Gro-

1444 4270 1565 4304 nov.
1592 4249 1803 4305 videtur
1824 4251 1985 4304 fuisse
2005 4252 2339 4323 pronuncias.
