3200 5117
700 259 739 288 l

645 520 913 590 DECL.
962 520 1084 584 Vl.
1132 517 1612 588 CORPORIS
1657 519 2150 590 PROJECTI.
2319 521 2431 588 151

365 639 525 716 tidie
563 667 707 724 esse
750 641 1246 731 metuendum,
1285 662 1635 739 quantum
1675 641 1819 739 pati
1856 663 2134 741 captus,
2181 642 2435 716 audere

364 755 587 855 pirata
607 756 977 856 potuisset:
1009 755 1187 830 nihil
1215 776 1316 830 est
1338 755 1677 828 desiderio
1707 781 1995 830 suorum
2019 757 2324 856 gravius:
2350 758 2444 830 ti-

364 871 514 943 mui
538 898 627 944 ne
651 898 864 970 quem
883 897 965 944 ex
985 871 1157 943 meis
1176 870 1484 944 viderem
1510 884 1526 915 ¹
1550 898 1566 942 :
1597 870 1776 948 nihil
1802 892 2207 970 tempestate
2227 871 2446 947 mina-

364 987 506 1060 cius
521 1043 540 1077 ,
565 988 876 1087 quotidie
900 986 1353 1084 naufragium
1377 986 1602 1085 optavi
1626 1013 1641 1057 z
1669 1012 1837 1057 nam
1856 1008 2187 1077 mortem,
2217 987 2445 1059 confi-

365 1102 596 1193 tebor,
635 1102 835 1182 senili
876 1103 1163 1182 inertia²
1197 1127 1340 1176 una
1376 1127 1583 1180 eausa
1625 1101 1859 1174 minus
1892 1102 2266 1202 cupiebam
2288 1158 2308 1191 ,
2354 1127 2446 1173 ne

366 1215 781 1294 defunctum
837 1242 1050 1294 nemo
1108 1216 1448 1316 sepeliret.
1518 1215 1758 1304 Quam
1826 1236 2080 1289 vestem
2139 1215 2448 1289 relictam

363 1331 633 1430 captivo
666 1351 898 1430 putas,
935 1330 1068 1402 nisi
1101 1355 1254 1429 quae
1288 1329 1519 1428 praeda
1552 1357 1696 1406 non
1729 1330 1906 1404 erat?
1937 1331 2173 1431 quales
2208 1329 2446 1428 epulas

363 1444 695 1542 cibosque
738 1444 1053 1542 praebent
1080 1499 1099 1533 ‚
1157 1443 1278 1542 qui
1331 1443 1457 1548 ipsi
1508 1465 1702 1543 rapto
1755 1445 1994 1517 vi'vunt
2023 1445 2052 1515 ἐ’
2099 1447 2278 1517 Nam
2331 1443 2448 1515 illa

365 1557 657 1655 quidem
704 1559 863 1636 satis
907 1545 1118 1656 digne
1163 1558 1316 1657 quis
1359 1558 1646 1648 dixerit,
1685 1559 1909 1633 udum
1956 1585 2293 1632 carcerem
2320 1617 2339 1647 ‚
2382 1579 2450 1630 et

364 1672 779 1746 inundatam
799 1674 1077 1746 sentina
1094 1674 1485 1746 naviculam
1502 1729 1521 1763 ‚
1548 1697 1615 1750 et
1630 1675 1725 1746 im
1734 1675 2036 1774 positum
2052 1674 2243 1746 nuda
2258 1674 2448 1745 trabe

365 1788 813 1887 irrequietum
838 1789 1055 1878 latus,
1076 1789 1415 1866 revinctas
1432 1811 1586 1889 post
1602 1803 1878 1889 tergum
1906 1816 2192 1878 manus,
2219 1788 2449 1885 alliga·

365 1926 494 1995 tce,
542 1925 903 2003 tamquam
954 1915 1133 1980 esset
1178 1929 1318 2004 qua
1356 1908 1810 2004 fugeremus,¹
1852 1905 2112 2005 pedes?
2158 1905 2318 1977 solae
2374 1905 2448 1977 in

366 2042 626 2096 carcere
648 2020 944 2096 tenebrae
956 2020 1304 2123 juvabant
1321 2048 1337 2092 ε
1356 2046 1534 2118 soepe
1551 2020 1638 2092 de
1660 2020 1945 2093 auribus
1966 2039 2243 2115 questus
2260 2044 2416 2092 sum
2431 2075 2451 2106 ‚

367 2160 521 2231 quae
546 2160 799 2208 sonum
833 2133 1271 2232 flagellorum
1305 2134 1790 2232 gemitumque
1811 2159 2182 2221 caesorum,
2211 2158 2453 2229 quam·

365 2248 805 2349 vis‘impexis,
831 2252 1091 2326 obrutae
1132 2250 1348 2326 comis
1391 2251 1818 2349 acciperent,
1861 2249 2038 2324 dura
2080 2268 2309 2319 metus
2347 2235 2454 2320 sui

369 2364 701 2462 exempla.
720 2365 1059 2444 Miserum
1075 2391 1190 2442 me
1202 2422 1223 2454 ‚
1246 2364 1343 2436 fili
1359 2421 1378 2456 ,
1398 2390 1658 2462 nempe
1675 2363 1921 2436 morbo
1938 2362 2168 2462 peristi
2182 2360 2241 2431 ³?
2255 2363 2455 2434 Com·

368 2504 532 2575 para
569 2495 825 2550 terram
858 2478 1067 2567 mari,
1107 2477 1403 2550 domum
1438 2477 1633 2566 navi,
1668 2477 2005 2550 lectulum
2037 2475 2318 2562 carceri,
2363 2475 2453 2547 li-

367 2589 698 2662 bertatem
720 2589 1054 2676 servituti,
1079 2588 1502 2662 desiderium
1525 2588 1886 2666 oculorum
1910 2588 2124 2661 totius
2150 2587 2475 2685 corporis-

368 2705 653 2777 damno.
686 2703 854 2794 Quo
881 2728 1008 2777 nos
1038 2703 1315 2801 longius
1343 2701 1538 2775 ducit
1561 2702 2031 2777 calamitatum
2064 2715 2456 2778 nostrarum

367 2817 622 2892 misera
657 2817 1052 2892 contentio?
1086 2817 1253 2889 caeci-
1286 2816 1506 2894 *etiam
1542 2816 1810 2914 litigare
1843 2837 2168 2916 possunt,
2203 2816 2451 2916 captivi

373 2957 500 3008 nec
527 2956 775 3006 vtvere.

447 3046 909 3118 XIX.Verum
925 3045 1073 3118 haec
1088 3045 1298 3118 etiam
1316 3045 1372 3117 si
1391 3045 1465 3117 in
1477 3070 1677 3143 aequo
1687 3062 2134 3143 ponerentur,
2147 3041 2453 3114 multum

369 3181 601 3234 tamen
634 3161 708 3232 in
741 3160 1029 3233 alteram
1056 3179 1326 3259 partem
1360 3158 1761 3231 debuissent
1792 3157 2049 3229 habere
2080 3153 2420 3227 momenti
2433 3211 2462 3241 ‚⁴

373 3274 561 3373 quod
581 3274 739 3373 plus
764 3274 941 3350 mihi
966 3293 1280 3378 poterant
1307 3272 1631 3372 prodesse
1649 3328 1669 3362 ,
1699 3297 1916 3370 quam
1943 3270 2067 3342 tibi
2093 3296 2108 3340 ε
2137 3269 2202 3340 ei
2230 3266 2453 3342 labori

371 3390 775 3465 incumbere
793 3409 1083 3489 oportet,
1102 3390 1227 3463 ubi
1250 3392 1537 3464 effectus
1556 3388 1981 3487 promittitur
1997 3384 2052 3457 4:
2070 3385 2278 3458 stulta
2290 3411 2454 3457 cura

451 3611 469 3645 ι
483 3634 495 3645 .
536 3595 620 3648 Ne
645 3584 814 3666 ’quem
852 3613 918 3646 ex
955 3595 1080 3647 meis
1125 3592 1368 3645 viderem.
1451 3592 1579 3645 midi
1590 3605 1645 3646 et
1657 3592 2108 3662 inertes,etmagis
2123 3594 2307 3643 timent
2320 3608 2457 3642 mor·

369 3674 576 3748 Nempe
596 3687 863 3742 metuens,
886 3694 953 3728 ne
976 3677 1033 3728 in
1057 3691 1216 3729 mas
1239 3676 1374 3745 pira·
1452 3687 1591 3741 tan,
1610 3694 1770 3747 qnam
1796 3673 1969 3728 solent
1985 3675 2223 3744 juvenes.
2249 3672 2416 3723 Bnnn.

373 3767 546 3807 tarum
568 3771 756 3807 manus
778 3752 1100 3819 inciderent,
1118 3765 1171 3805 et
1187 3752 1373 3806 iisdem
1523 3755 1573 3807 3.
1598 3755 1806 3827 Nempe
1825 3753 2001 3804 morbo
2020 3750 2213 3823 peristi.
2240 3751 2360 3801 Hoee
2384 3750 2457 3802 ite

375 3835 525 3889 meli·
548 3848 927 3906 premerentur.
951 3835 1046 3886 En.
1447 3835 1620 3906 accipi
1639 3833 1859 3901 debent,
1880 3851 1942 3886 ae
1957 3835 1999 3886 si
2019 3830 2351 3884 cavillaretur
2368 3827 2458 3882 ad-

442 3932 491 3967 2.
510 3912 677 3969 senili
695 3913 899 3966 inertia.
921 3912 1246 3964 Gronovium
1261 3929 1370 3963 ma·
1447 3915 1671 3964 vei-saria
1685 3950 1702 3978 ‚
1727 3931 1837 3964 non
1858 3911 2152 3964 calamitate
2164 3947 2181 3974 ‚
2201 3921 2294 3960 aut
2311 3911 2458 3961 saevi-

372 3997 531 4050 luisse
562 3993 735 4057 seruili
766 3994 964 4046 notavit
994 3992 1070 4044 Cl.
1108 3992 1377 4046 Schultin-
1456 3992 1528 4042 tia
1573 3989 1807 4043 hostium
1853 3989 2016 4041 filium
2061 3988 2281 4059 periisse
2300 4024 2317 4051 ‚
2364 3986 2456 4038 sed

280 4070 300 4088 “
372 4078 516 4147 gius,
542 4075 690 4147 quod
711 4093 811 4127 nec
834 4075 934 4144 ipsi
957 4072 1227 4145 displicet,
1252 4077 1375 4145 quia
1455 4072 1661 4126 morbo.
1698 4071 1860 4141 Quod
1890 4089 2050 4142 quam
2085 4070 2149 4123 sit
2180 4066 2459 4120 verisimile

373 4160 486 4227 ipse
509 4159 668 4209 timor
694 4154 938 4208 dominus
965 4156 1243 4225 impotens.
1270 4153 1374 4206 sed
1455 4169 1517 4202 ex
1540 4148 1960 4221 praecedentibus
1984 4161 2145 4219 patet.
2175 4146 2391 4199 Senon-r.

376 4256 474 4308 ego
490 4237 759 4308 vulgatam
777 4254 945 4290 servo.
970 4235 1129 4289 Senes
1152 4236 1293 4288 enim
1310 4238 1374 4287 ti·
1528 4230 1578 4297 4.
1604 4232 1701 4283 Ubi
1716 4229 1945 4303 affectus
1961 4229 2301 4300 promittitur.
2323 4224 2460 4278 Scri-
