3200 5117
575 568 783 641 nne.
831 567 1022 638 xlx.
1067 571 1465 636 -INFAMIS
1513 573 1611 635 m
1659 561 2225 653 MATREM,11.
2317 577 2438 658 401

355 722 634 774 eruere:
682 721 748 773 et
789 700 1154 799 plerosque
1195 698 1427 769 videas
1473 696 1738 768 fortiter
1777 723 1984 797 super
2025 725 2147 771 sua
2194 722 2451 774 secreta

356 817 753 888 morientes.
821 813 1144 912 Agedum
1173 868 1191 900 ‚
1243 811 1298 882 si
1357 810 1664 901 videtur,
1723 831 2101 909 utrumque
2158 840 2399 887 sexum
2429 873 2449 905 ,

353 948 643 1003 omnem
677 928 1180 1015 conditionem,
1217 951 1504 996 omnem
1530 945 1923 996 scrutemur
1952 949 2224 999 aetatem
2252 956 2266 1000 :
2299 930 2455 1001 nul·

356 1045 508 1118 lum
544 1047 692 1117 sin-e
722 1042 1141 1117 conscientia
1175 1060 1446 1140 pectus,
1492 1040 1686 1112 nulla
1722 1041 1861 1112 vita
1897 1041 2047 1114 sine
2081 1044 2304 1116 causis
2342 1067 2455 1117 ta-

356 1160 587 1232 cendi.
614 1159 683 1229 Si
704 1179 766 1230 te
789 1158 1238 1255 interrogaret
1260 1155 1500 1228 omnia
1526 1155 1845 1244 marituS,
1872 1157 2158 1230 haberes
2186 1159 2457 1259 aliquid

359 1298 428 1348 et
463 1297 540 1348 tu
579 1274 772 1374 quod
811 1300 954 1344 non
993 1272 1296 1344 fatereris
1327 1301 1340 1344 :
1386 1293 1452 1343 et
1493 1293 1753 1370 quanto
1782 1272 2135 1346 silentium
2179 1277 2452 1374 gravius

361 1412 458 1464 est
489 1391 562 1460 in
591 1417 782 1479 sene,
816 1389 1279 1461 verecundius
1313 1389 1385 1459 in
1416 1388 1696 1479 marito,
1736 1390 2035 1463 sanctius
2062 1392 2135 1462 in
2165 1394 2408 1492 patre?

459 1510 645 1578 VIII.
698 1507 966 1580 Pudeat
1018 1533 1181 1594 noS,
1234 1504 1519 1595 mulier,
1572 1505 2046 1578 infirmitatis:
2114 1509 2277 1581 vicit
2316 1514 2454 1583 ‘nos

361 1623 573 1696 modo
612 1623 887 1723 juvenis
934 1622 1051 1694 ille
1096 1621 1516 1710 constantia3
1559 1620 1739 1693 mori
1784 1622 2034 1712 voluit,
2081 1645 2159 1695 ut
2198 1645 2458 1697 tacere-

361 1766 540 1811 mus.
582 1737 830 1827 Vides,
860 1738 1142 1827 mulier,
1173 1738 1429 1836 quibus
1458 1737 2149 1836 interpretationibus
2184 1761 2455 1837 praestes

362 1875 572 1926 tuum
606 1852 966 1926 dolorem?
1009 1853 1251 1924 diceris
1282 1853 1438 1925 ideo
1473 1880 1589 1924 me
1625 1853 2081 1952 interrogare,
2126 1854 2293 1953 quia
2330 1855 2459 1927 scis

361 1970 602 2041 omnia
645 1996 758 2040 me
793 1968 1024 2068 potius
1056 1969 1199 2069 pati
1235 1970 1480 2060 malle,
1520 1996 1739 2065 quam
1773 1969 1968 2066 loqui
2008 1999 2022 2041 ε
2070 1970 2228 2068 quis
2267 1971 2457 2043 enim

362 2085 432 2156 in
455 2085 581 2157 hac
604 2085 874 2156 civitate
890 2111 1033 2155 non
1052 2083 1243 2156 novit
1261 2084 1738 2157 taciturnitatis
1764 2112 1933 2155 meae
1961 2086 2288 2185 rigorem?
2302 2088 2461 2185 quis

359 2199 672 2299 ignorat,
712 2226 852 2298 qua
886 2220 1132 2270 cuncta
1170 2199 1430 2270 soleam
1462 2200 1640 2270 ferre
1679 2199 2043 2297 patientia?
2071 2227 2162 2271 ne
2196 2202 2464 2272 occisu-

362 2342 478 2387 rus
521 2313 809 2412 quidem
847 2314 1140 2414 suspiria
1191 2314 1631 2414 gemitusque
1675 2314 2016 2411 praemisi:
2062 2315 2236 2387 nihil
2281 2317 2412 2390 feci
2439 2373 2458 2408 ,
2534 2412 2538 2421 ¹

365 2428 553 2501 unde
597 2451 1008 2529 erupturum
1045 2430 1467 2529 quandoque
1502 2455 1625 2528 per
1659 2430 2020 2502 orbitatem
2056 2431 2269 2529 patris
2308 2433 2460 2503 ani-

365 2570 591 2633 mum,
617 2565 737 2617 aut
757 2566 828 2617 tu
859 2545 1133 2644 praescio
1159 2544 1408 2615 timore
1434 2545 1737 2634 sentireS,
1766 2565 1887 2615 aut
1915 2546 2062 2644 ipse
2083 2547 2457 2644 periturus,

365 2661 569 2732 Hanc
598 2688 786 2733 nunc
815 2689 930 2733 me
960 2662 1218 2762 jactare
1254 2661 1741 2733 conscientiam
1781 2683 2015 2760 putas,
2061 2663 2248 2761 quod
2280 2664 2460 2736 nihil

368 2776 443 2848 in
476 2776 794 2874 publico,
825 2774 1006 2858 nihil
1033 2777 1105 2847 in
1142 2776 1284 2847 ullo
1314 2776 1489 2847 mihi
1531 2778 1814 2875 permisi
1845 2777 2269 2874 proclamare
2306 2807 2461 2851 con·

363 2911 620 2963 ventu:
658 2918 784 2989 ego
826 2917 984 2965 vero
1026 2919 1168 2962 non
1214 2917 1370 2961 sum
1405 2911 1686 2989 questus
1722 2889 1807 2961 de
1831 2892 2093 2991 juvene
2127 2919 2254 2963 nec
2294 2894 2455 2986 tibi,

362 3031 491 3077 nec
524 3004 823 3104 captavi,
860 3026 939 3076 ut
967 3004 1168 3076 illum
1201 3031 1482 3076 mecum
1518 3024 1584 3075 et
1618 3025 1839 3075 mater
1872 3005 2144 3076 odisset.
2183 3009 2459 3079 Frustra

360 3143 428 3193 te
464 3146 669 3220 putas
707 3143 1107 3219 extorquere
1142 3121 1574 3192 accusatione
1604 3146 1839 3220 posse,
1874 3122 2061 3219 quod
2098 3122 2274 3194 mihi
2311 3151 2454 3195 non

365 3235 527 3334 ipsae
567 3237 1029 3327 calamitate-e,
1078 3264 1221 3308 non
1269 3236 1501 3325 dolor,
1545 3264 1688 3308 non
1738 3236 2107 3308 meditatio
2151 3239 2458 3312 orbitatis

367 3350 721 3448 expressitt
750 3377 905 3422 uras
925 3351 1114 3440 licet,
1139 3350 1436 3438 durabo,
1462 3351 1841 3449 perferam:
1868 3377 2107 3454 passus
2127 3377 2287 3424 sum
2299 3355 2453 3455 jam

368 3464 556 3562 quod
571 3485 718 3537 erat
730 3464 1113 3554 difficilius;
1138 3465 1378 3539 occidi.
1394 3466 1649 3556 Torsit,
1670 3466 1919 3563 inquit,
1937 3467 2165 3539 filium
2178 3495 2417 3541 meum
2436 3496 2451 3541 ε

366 3578 695 3672 breviter,
727 3579 1031 3683 judices,
1083 3545 1256 3651 rati·o
1306 3578 1671 3652 reddatur:
1732 3580 2073 3653 infamem
2120 3583 2292 3682 quid
2343 3613 2453 3657 re-

364 3695 532 3784 fert,
562 3720 651 3766 an
675 3694 1156 3779 innocentem,
1185 3693 1241 3766 si
1265 3694 1442 3765 illud
1467 3695 1795 3766 omnibus
1819 3695 2086 3796 liquet?
2109 3702 2451 3772 Juvenem

367 3808 634 3880 cunctis
670 3810 1085 3908 pignoribus
1118 3809 1457 3900 invisum,
1508 3811 1837 3883 omnibus
1884 3814 2248 3886 affectibus
2291 3844 2454 3915 gra-

364 3950 521 3996 vem
566 3926 858 4025 maligni
902 3928 1123 4000 fecere
1164 3953 1554 3998 sermones:
1601 3928 1774 4025 quid
1819 3930 2124 4026 agimuS,
2167 3932 2458 4006 anime?

364 4042 966 4140 quemadmodum
992 4044 1404 4142 effugimus,
1431 4044 1825 4116 evadimus?
1848 4045 1922 4115 in
1948 4067 2134 4118 tanta
2159 4047 2457 4123 infamia

365 4154 546 4227 nihil
576 4157 831 4246 facere,
868 4159 1212 4231 credentis
1242 4180 1381 4231 est:
1418 4159 1520 4230 vis
1555 4188 1669 4232 me
1700 4161 2068 4234 circumire
2097 4163 2411 4262 singulos
2433 4225 2454 4259 ,

363 4271 738 4346 reclamare
785 4274 1080 4373 populo,
1129 4302 1292 4349 cum
1342 4301 1620 4348 rumore
1654 4276 1907 4348 rixari?
1941 4279 2110 4348 Tuae
2159 4279 2457 4354 fortassis

580 4390 628 4442 5.
2146 4396 2211 4447 26
