3200 5117
743 679 823 742 70
1463 646 2093 710 DECLAMA‘rto

735 776 906 874 legis
936 775 1102 845 latio
1140 796 1432 869 parvum
1469 768 1778 866 prodest,
1810 768 1863 839 si
1903 768 2116 839 solius
2149 768 2414 864 agentis
2441 796 2606 841 voce
2636 769 2826 866 quod

740 891 1098 990 objicitur,
1136 909 1199 956 et
1228 885 1572 983 probatur.
1608 885 1904 981 Oportet
1935 905 2011 955 ut
2042 884 2390 984 objectum
2422 885 2686 956 crimen
2719 885 2825 957 vel

740 1003 1037 1101 impetiti
1072 1002 1311 1101 prodat
1346 1000 1714 1089 confessio,
1748 998 1854 1071 vel
1887 1000 2142 1070 invicta
2167 1000 2610 1072 manifestent
2640 1002 2830 1072 indi-

742 1122 882 1210 cia,
912 1118 1015 1190 vel
1044 1137 1617 1215 argumentorum
1654 1115 2133 1187 deficientium
2176 1116 2397 1187 vicem
2434 1118 2832 1188 testimonia

743 1234 1279 1332 congruentium
1306 1232 1678 1331 suppleant
1711 1259 2199 1330 personarum:
2238 1234 2385 1303 sine
2422 1234 2525 1304 his
2564 1235 2831 1304 crimen

744 1353 1133 1449 impactum
1166 1350 1340 1421 nihil
1373 1350 1645 1449 proficit
1673 1349 1760 1419 ad
1794 1349 2244 1421 conviciantis
2279 1351 2674 1446 negotium,
2711 1351 2831 1420 sed

747 1470 837 1541 ad
868 1467 1213 1538 criminati
1257 1487 1516 1565 spectat
1557 1466 1988 1537 convicium:
2027 1494 2108 1537 eo
2143 1484 2410 1550 tamen,
2459 1467 2848 1572 imperator·

745 1582 1091 1681 piissime,
1141 1579 1342 1650 miles
1381 1601 1537 1650 tuus
1582 1599 1651 1649 et
1691 1602 1844 1650 actu
1893 1579 2054 1650 vixit
2097 1600 2165 1651 et
2205 1580 2478 1666 habitu,
2517 1603 2592 1649 ut
2629 1580 2834 1650 etiam

746 1698 924 1769 inter
943 1722 1132 1767 arma
1150 1695 1532 1795 praestitisse
1559 1695 1741 1768 credi
1764 1695 2083 1793 potuerit.
2101 1697 2254 1766 Non
2277 1721 2436 1764 amo
2455 1695 2834 1764 femineam

749 1812 923 1883 cutis
963 1837 1204 1882 curam
1233 1810 1303 1881 in
1336 1809 1593 1899 milite,
1626 1837 1768 1881 non
1802 1808 2254 1907 petulantiam
2278 1807 2837 1894 oculorum,non

749 1929 1033 1998 furtivos
1063 1950 1128 1999 et
1165 1928 1487 2024 obliquos
1532 1927 1860 2013 intuitus,
1901 1953 2045 1997 non
2094 1927 2315 1995 crines
2359 1946 2498 1996 arte
2550 1952 2839 2021 compo·-

751 2044 946 2134 sit05‚
980 2070 1122 2113 non
1149 2044 1540 2113 affectatam
1558 2061 1878 2134 gestuum
1905 2066 2026 2107 seu
2048 2039 2415 2109 verborum
2443 2037 2839 2125 mollitiem,

751 2187 893 2231 non
965 2159 1269 2254 denique
1333 2156 1793 2228 remissiorem
1856 2154 2202 2226 incessum
2224 2210 2242 2242 ,
2305 2154 2485 2224 nihil
2548 2154 2840 2228 omnino

753 2274 937 2370 quod
975 2273 1061 2343 ad
1096 2272 1737 2343 lenocinamentum
1779 2292 2087 2366 spectare
2128 2270 2336 2367 possit
2369 2268 2696 2342 lasciviae:
2732 2268 2843 2340 his

756 2388 946 2460 enim
988 2389 1409 2485 implicitum
1446 2387 1852 2485 quempiam
1897 2411 1962 2458 et
1995 2387 2337 2473 illectum,
2386 2387 2439 2457 si
2475 2388 2629 2483 quis
2659 2413 2846 2457 mas·

756 2505 1078 2576 culorum
1114 2525 1255 2575 erat
1288 2503 1844 2592 concubitorum,
1875 2505 2023 2575 sine
2040 2504 2475 2575 cunctatione
2500 2504 2846 2600 subegisse

758 2640 1094 2715 potuerat.
1130 2618 1332 2688 Miles
1377 2638 1535 2689 tuus
1573 2645 1717 2694 non
1764 2618 2045 2689 erubuit
2086 2618 2354 2688 invitari
2399 2618 2846 2703 muneribus,

761 2760 902 2803 non
950 2733 1206 2830 refugit
1247 2732 1544 2808 emolliri
1599 2733 1990 2822 blanditiis,
2050 2760 2191 2805 non
2248 2733 2556 2831 despexit
2600 2733 2848 2804 remis-

762 2847 1072 2919 sionibus
1107 2847 1482 2922 sublevari:
1520 2848 1903 2919 meretricis
1933 2849 2173 2943 utique
2200 2848 2544 2918 caritatem
2573 2869 2639 2918 et
2664 2847 2850 2944 inge-

763 2964 968 3035 nium
1009 2963 1417 3049 aemulatuS,
1453 2991 1608 3060 quae
1635 2963 1926 3035 libenter
1944 2986 2014 3033 et
2033 2962 2378 3036 adhaerere
2396 2961 2759 3047 divitibus,
2785 2983 2852 3031 et

767 3108 804 3151 a
830 3078 1252 3177 pauperibus
1286 3079 1456 3151 solet
1485 3078 1833 3150 recedere:
1867 3105 2077 3177 quem
2111 3080 2412 3176 profecto
2433 3078 2486 3148 si
2513 3076 2850 3176 pudicum

766 3195 978 3265 nimis
1017 3195 1504 3292 praedicavero,
1535 3194 1678 3264 sive
1726 3193 1918 3280 satiS,
1962 3192 2106 3289 ipse
2141 3221 2254 3264 me
2293 3192 2669 3263 mentitum
2706 3217 2852 3266 esse

770 3310 1121 3379 confiteor.

864 3426 987 3494 Vl.
1023 3425 1351 3509 Transeo,
1373 3422 1624 3519 inquit,
1655 3422 1960 3494 oblatam
1994 3450 2371 3494 munerum
2386 3421 2853 3511 vacationem,

773 3558 839 3609 et
868 3536 1196 3609 blandius
1231 3564 1444 3635 quam
1488 3537 1810 3610 militaris
1840 3538 2203 3637 ‚disciplina
2239 3537 2571 3635 postulet,
2616 3536 2858 3608 adula-

772 3674 923 3723 tum
987 3652 1187 3722 militi
1230 3651 1596 3723 tribunum
1612 3671 1636 3741 ,·
1683 3653 2054 3752 imperatas
2111 3653 2519 3752 asperrimas
2579 3651 2860 3750 expedi-

771 3766 1028 3855 tioneS,
1066 3788 1144 3839 ut
1172 3767 1708 3846 remitterentur,
1743 3769 1870 3840 His
1905 3770 2228 3841 inductus
2261 3768 2459 3839 miles
2492 3767 2858 3856 illecebris,

778 3902 845 3954 et
904 3880 1201 3956 avaritiae
1263 3907 1403 3954 suae
1469 3881 1928 3962 nihilominus
1989 3885 2398 3981 illaqueatus
2459 3883 2857 3981 disciplina,

778 3996 1120 4093 quamdiu
1142 4024 1338 4094 spem
1360 3997 1817 4078 emolumenti
1840 4027 1984 4076 non
2010 3999 2347 4097 perdidit,
2379 3997 2860 4100 appellationis

779 4110 1045 4182 tamdiu
1074 4111 1175 4182 vel
1212 4112 1550 4210 patienter
1582 4115 1941 4204 sustinuit,
1975 4115 2079 4186 vel
2109 4141 2253 4186 non
2285 4114 2646 4205 intellexit,
2685 4113 2863 4184 sicut

782 4226 1149 4316 mentitur,
1181 4226 1548 4328 injuriam:
1574 4250 1639 4300 et
1672 4228 1832 4302 licet
1848 4230 2238 4329 appellatus
2262 4257 2405 4302 non
2435 4228 2678 4314 fuerit,
2706 4227 2865 4298 obs-

784 4365 985 4416 coenae
1008 4363 1243 4416 tamen
1267 4343 1613 4442 patientiae
1637 4372 1780 4420 non
1808 4347 2085 4420 erubuit
2105 4366 2629 4442 argumenturm
2656 4364 2723 4416 et
2756 4368 2862 4414 ex·
