3200 5117
716 528 831 600 104
1205 523 1297 584 M.
1348 520 1597 584 FABII
1645 522 2283 603 QUINTILIANI

616 694 620 698 <
705 641 943 713 infelix
960 700 978 732 ,
1006 642 1177 740 quid
1205 642 1275 712 in
1300 642 1650 714 electionis
1670 642 1883 742 hujus
1908 647 2306 716 necessitate
2332 645 2590 716 fuerim
2612 672 2794 717 neu-

705 779 807 829 tro
844 757 1213 856 languente
1250 760 1579 829 facturuS.
1622 758 1980 843 Tandem,
2013 760 2202 856 quod
2238 759 2463 831 solum
2497 759 2792 831 habebat

706 871 1004 943 ambitus
1040 900 1254 971 genus
1277 931 1295 962 ,
1334 873 1808 970 desperatione
1844 875 2236 971 praevaluit:
2275 876 2501 972 accepi
2536 877 2789 962 fateor,

706 987 909 1058 illum
952 988 1071 1086 qui
1106 988 1371 1060 solutus
1406 1015 1685 1086 quoque
1720 1015 1861 1060 non
1905 988 2352 1085 sequebatur,
2393 1016 2602 1085 quem
2643 1015 2788 1058 non

706 1101 1039 1197 gaudium
1062 1103 1560 1201 redemptionis
1580 1160 1596 1192 ,
1622 1130 1763 1174 non
1787 1102 2017 1174 laetitia
2038 1102 2330 1202 praelati,
2354 1129 2495 1173 non
2522 1102 2794 1172 hortan-

705 1216 791 1287 tis
835 1218 1045 1290 erexit
1082 1218 1290 1316 patris
1331 1217 1707 1316 amplexus.
1754 1217 1822 1288 Si
1881 1238 2049 1289 esset
2083 1217 2155 1287 in
2204 1217 2406 1288 rebus
2466 1214 2792 1286 humanis

707 1329 849 1401 ulla
901 1331 1309 1424 clementia,
1357 1360 1748 1405 merueram
1798 1334 2005 1403 etiam
2045 1332 2130 1403 de
2176 1330 2446 1431 piratis,
2491 1351 2567 1400 ut
2616 1328 2789 1398 mihi

707 1444 847 1515 duo
892 1447 1361 1518 redderentur.
1407 1448 1737 1537 Utinam,
1775 1446 2084 1545 judiceS,
2119 1445 2397 1545 juvenis
2440 1444 2625 1515 illius
2659 1443 2794 1515 vita

706 1583 1075 1657 praestaret,
1092 1562 1527 1634 utvideretur
1543 1589 1683 1634 non
1702 1562 1996 1662 periculi
2016 1561 2471 1650 miseratione,
2494 1561 2610 1632 sed
2623 1560 2793 1630 cari-

709 1694 840 1746 tate
861 1677 1191 1773 praelatus.
1210 1681 1328 1749 Me
1351 1677 1700 1749 infelicem
1715 1735 1734 1766 ,
1753 1677 1941 1774 quod
1966 1678 2222 1752 bonam
2244 1677 2466 1748 habeo
2479 1675 2789 1747 causam!

709 1790 1037 1887 explicuit
1042 1819 1070 1890 J
1082 1792 1388 1863 ustitiam
1406 1792 1967 1890 comparationiS,
1992 1793 2114 1890 qui
2145 1792 2431 1864 decessit
2453 1791 2657 1861 etiam
2682 1818 2793 1861 re-

711 1903 1036 2002 demptus
1066 1922 1115 1996 ¹,
1152 1928 1216 1978 et
1261 1908 1335 1977 in
1367 1908 1669 2006 perituro
1713 1906 1859 1978 filio
1892 1906 2071 1977 nihil
2108 1905 2298 1979 aliud
2342 1907 2637 1978 electum
2672 1926 2792 1975 est.

707 2020 789 2088 In
826 2047 966 2116 quo
1010 2021 1112 2091 fui
1153 2021 1360 2091 miser
1393 2023 1589 2090 famae
1631 2019 1980 2117 periculo?
2013 2020 2198 2091 filius
2232 2045 2433 2090 meus
2463 2020 2792 2117 languore

712 2134 1084 2205 defunctus
1133 2157 1261 2205 est:
1302 2158 1532 2206 tamen
1569 2156 1762 2235 pater
1795 2135 2131 2206 occiderat
2169 2163 2424 2232 aegrum
2452 2149 2505 2225 ²,
2543 2136 2600 2207 si
2631 2135 2794 2207 reli-

712 2248 998 2343 quisset.
1023 2249 1353 2319 videram
1371 2250 1702 2321 continuo
1717 2307 1738 2339 ,
1750 2248 2019 2346 judices
2033 2307 2053 2338 ,
2070 2249 2145 2320 in
2161 2275 2426 2320 carcere
2443 2247 2563 2320 illo
2579 2274 2794 2348 quan—

711 2383 865 2431 tum
889 2364 1311 2459 promitteret
1333 2364 1710 2434 constantia
1736 2363 2077 2453 hominis,
2108 2391 2318 2462 quem
2347 2391 2490 2435 non
2517 2364 2795 2463 captivi-

714 2499 834 2566 tas,
850 2503 991 2548 non
1010 2480 1408 2576 exspectatio
1425 2480 1655 2577 patris,
1670 2508 1814 2552 non
1834 2481 2057 2553 fratris
2072 2481 2379 2579 fregisset
2398 2481 2792 2552 infirmitas:

715 2618 843 2662 nec
864 2591 1215 2663 immerito
1233 2592 1318 2664 de
1334 2593 1700 2666 fortissimo
1706 2594 1963 2693 juvene
1980 2616 2226 2666 cuncta
2239 2595 2499 2694 speravi
2519 2652 2537 2685 ,
2562 2594 2614 2664 si
2639 2594 2800 2664 fuis-

714 2729 814 2779 set
839 2708 926 2777 ad
950 2735 1190 2782 omnes
1214 2731 1497 2782 conatus
1527 2711 1857 2810 explicato
1882 2711 2250 2809 languente
2274 2712 2570 2784 liberior.
2598 2715 2797 2783 Tan-

717 2825 877 2895 dem
895 2825 1178 2897 miseros
1193 2829 1469 2899 fortuna
1487 2828 1801 2927 respexit,
1820 2850 1908 2917 et,
1927 2850 2091 2926 puto
2105 2887 2126 2916 ,
2143 2849 2379 2900 contra
2393 2828 2795 2926 praedonum

718 2963 1109 3013 commenta
1146 2943 1557 3034 feritatem3,
1608 2945 1756 3042 ipsa
1803 2945 2182 3032 consensit,
2227 2966 2304 3015 ut
2342 2944 2543 3015 nobis
2586 2967 2795 3041 quem

717 3079 1169 3153 negaverant,
1207 3086 1347 3129 non
1379 3057 1839 3130 abstulissent.

812 3175 935 3243 Vl.
968 3177 1125 3245 Non
1158 3174 1447 3271 quidem
1480 3173 1694 3262 mihi,
1718 3173 2031 3274 judices,
2067 3200 2306 3273 arrogo
2343 3171 2671 3271 temporis
2707 3168 2797 3240 il·

718 3286 852 3358 lius
886 3288 1388 3384 providentiam
1412 3345 1431 3375 ,
1459 3288 1777 3360 nihil-me
1805 3290 2024 3361 fateor
2048 3289 2284 3361 fecisse
2314 3287 2596 3360 consilio
2615 3343 2635 3377 ,
2665 3312 2797 3384 po-

718 3422 845 3472 test
881 3422 1112 3472 tamen
1149 3403 1507 3500 utriusque
1532 3403 1809 3503 juvenis
1839 3403 2056 3476 exitus
2088 3402 2594 3475 necessitatibus
2626 3398 2799 3471 meis

718 3515 1061 3612 assignare
1100 3516 1475 3587 rationem:
1516 3518 1721 3615 periit
1765 3545 1978 3615 quem
2017 3518 2316 3606 redemi3
2363 3543 2665 3589 reversus
2703 3535 2801 3586 est

718 3761 861 3812 Serv.
883 3758 949 3810 ad
970 3759 1170 3812 AEneid.
1190 3763 1331 3826 vm,
1357 3760 1485 3825 3883
1513 3776 1562 3813 et
1589 3762 1719 3815 Sue·
1799 3774 1942 3826 sent,
1958 3773 2163 3831 patrem
2181 3761 2343 3813 fuisse
2364 3775 2576 3809 causam
2597 3757 2796 3807 mortis.

717 3852 830 3889 ton.
858 3842 1065 3908 passim.
1870 3841 1920 3892 3.
1955 3842 2142 3890 Contra
2170 3839 2476 3908 proedommt
2509 3845 2801 3887 commenta

799 3934 840 3968 1.
874 3918 1049 3969 Etiam
1084 3920 1385 3992 redemptus.
1419 3923 1597 3972 Potest
1627 3939 1718 3972 ex·
1787 3922 2071 3993 feritatem.
2092 3922 2329 3972 Fortuna
2347 3918 2486 3971 enim
2504 3918 2727 3980 invenit,
2747 3928 2800 3966 et

717 3997 939 4067 plicariz
984 4002 1223 4069 quamvis
1269 3998 1521 4051 liberatus
1571 3999 1718 4054 malis
1799 4003 2055 4072 suggessit
2073 4003 2256 4071 juveni
2276 3999 2494 4052 modum
2514 3995 2799 4061 evadendi,

719 4077 1064 4147 captivitatis,
1094 4091 1269 4130 tamen
1298 4078 1537 4131 decessit.
1800 4083 1945 4155 quod
1965 4083 2136 4135 solum
2161 4096 2273 4135 erat
2299 4079 2586 4134 remedium
2610 4090 2799 4129 contra

772 4176 840 4211 ⁴2.
890 4160 1159 4213 Occiderat
1199 4178 1410 4233 oeqrum.
1446 4163 1560 4212 Hoc
1600 4175 1713 4212 est:
1795 4158 2799 4235 feritatempiratarum:commentaab-

718 4241 971 4294 nomines
1009 4241 1165 4312 vulgo
1196 4245 1515 4313 jactassent,
1554 4242 1716 4294 ‹lixis—
1797 4245 1969 4295 solute
1994 4245 2229 4315 ponitur.
