3200 5117
701 608 1337 679 DECLAMATIO
1382 609 1520 674 111.
1570 609 1756 674 PRO
1797 609 2179 675 MILITE.
2405 613 2480 679 51

394 733 593 810 beros
628 737 929 826 mittere,
956 733 1278 835 quamvis
1308 734 1685 833 asperrimo
1715 732 1934 822 bello,
1975 733 2165 836 velut
2190 737 2499 810 occasio-

394 880 560 925 nem
586 851 957 951 complexi,
983 871 1061 924 ut
1086 850 1220 923 sub
1249 872 1312 921 te
1342 875 1600 948 ponere
1627 848 2022 936 rudimenta
2051 851 2313 924 militia>
2336 880 2499 925 con·

395 967 718 1066 tingeret,
753 993 1032 1039 cernere
1066 964 1372 1065 quotidie
1404 963 1653 1036 divinae
1675 963 1938 1035 virtutis
1968 967 2401 1065 exemplum,
2428 989 2499 1042 te

398 1082 814 1156 hortatorem
834 1109 1128 1181 operum
1146 1080 1400 1152 habere
1414 1137 1435 1168 ,
1448 1100 1512 1151 te
1530 1099 1770 1150 testem
1786 1100 1888 1151 :et
1905 1107 2128 1178 quum
2147 1082 2293 1154 haec
2314 1111 2500 1155 com·

400 1198 637 1272 munis
655 1198 862 1270 totius
878 1196 1211 1269 exercitus
1229 1216 1407 1266 esset
1422 1193 1739 1283 felicitas,
1762 1193 1903 1266 dux
1916 1196 2179 1268 Marius
2192 1254 2211 1285 ,
2227 1219 2460 1270 tamen
2476 1256 2501 1291 ‚

400 1304 444 1385 o
470 1312 738 1386 facinus
770 1309 1178 1409 indignum!
1205 1309 1362 1407 plus
1388 1307 1668 1407 reliquis
1691 1306 2040 1382 consecuti
2066 1312 2501 1406 videbantur,

400 1430 664 1529 quihus
704 1428 1030 1499 tribunus
1075 1427 1455 1524 contigerat
1495 1425 1931 1525 propinquus
1979 1449 2160 1500 tuus,
2216 1431 2506 1521 Quanta

401 1571 571 1616 cura
590 1543 836 1616 robora
856 1542 1159 1616 militum
1180 1540 1445 1639 legeri3‚
1467 1538 1950 1638 i‘mperator,ut
1962 1543 2275 1617 hostibus
2289 1573 2505 1646 prope

403 1659 751 1732 humanas
771 1658 946 1730 vires
963 1655 1460 1748 excedentibus,
1470 1682 1858 1753 opponeres
1873 1684 2111 1756 parem
2132 1660 2510 1747 delectum,

398 1776 509 1849 vel
527 1802 607 1848 ex
621 1803 702 1847 eo
723 1774 1172 1846 manifestum
1201 1793 1332 1864 est,
1351 1772 1539 1871 quod
1558 1798 1782 1870 quum
1804 1774 2009 1846 scires
2027 1802 2276 1848 non-ex
2296 1806 2512 1852 censu

406 1920 554 1968 esse
580 1892 942 1984 virtutem,
968 1890 1303 1991 praeterita
1328 1889 1746 1962 facultatum
1776 1894 2394 1992 contemplatione,
2421 1898 2517 1968 vi·

405 2035 512 2080 res
527 2027 798 2079 tantum
813 2006 1220 2104 animosque
1240 2004 1575 2102 spectasti.
1594 2004 1789 2094 Quid
1811 2007 2121 2104 prodest?
2137 2036 2223 2079 en
2248 2034 2516 2108 quanta
2574 2007 2580 2014 ⁹

407 2120 702 2195 delectui
742 2140 862 2206 tuo
897 2120 974 2192 fit
1000 2117 1298 2194 invidia?
1348 2117 1589 2189 diceris
1619 2117 1947 2204 adversus
1980 2122 2305 2196 Cimbros
2335 2154 2542 2225 puer

410 2264 569 2309 rum
598 2227 923 2336 probasse
958 2249 1012 2306 ¹:
1046 2234 1167 2306 sed
1194 2259 1423 2332 neque
1456 2254 1522 2305 te
1556 2233 1868 2306 militaris
1898 2256 2053 2308 aetas
2077 2238 2364 2329 fefellit3
2395 2269 2523 2316 en-

403 2350 520 2453 jus
549 2351 927 2428 certissima
960 2374 1290 2421 mensura
1322 2369 1451 2438 est,
1483 2374 1678 2446 posse
1709 2349 1972 2421 sortiter
1995 2351 2238 2423 facere.
2388 2423 2398 2434 ,

508 2470 632 2538 Vl.
666 2470 911 2565 Neque
939 2465 1059 2536 illa
1083 2462 1301 2535 libido
1325 2463 1459 2536 fuit
1479 2463 1724 2535 saltem
1748 2464 1923 2535 vitiis
1949 2465 2223 2562 usitata,
2248 2495 2405 2566 quae
2426 2471 2517 2543 ad

306 2641 313 2646 .
408 2582 767 2655 obscoenos
798 2580 1063 2653 veneris
1105 2580 1405 2677 impetus
1442 2580 1684 2651 formae
1718 2579 2047 2678 cupidine
2084 2581 2524 2675 incenditur,

411 2698 530 2771 sed
556 2699 845 2797 quidam
874 2698 1179 2797 perditus
1208 2695 1646 2767 contumeliae
1669 2722 1868 2766 amor
1895 2724 1977 2768 ac
2010 2724 2292 2771 summa
2326 2702 2524 2800 flagi-—

412 2813 669 2886 tiorum
705 2813 1051 2912 voluptaS,
1094 2805 1473 2911 inquinare
1500 2811 1825 2883 honesta:
1873 2812 2004 2884 hoc
2049 2813 2281 2914 ipsum
2324 2818 2516 2915 quod

410 2928 680 3028 primus
723 2948 882 3002 ante
921 2927 1117 3025 signa
1147 2926 1517 3026 procurrit,
1555 2925 1745 3024 quod
1785 2946 2137 2999 veteranos
2183 2930 2314 3001 tiro
2352 2959 2519 3030 prae·

413 3043 625 3134 cedit,
667 3043 859 3143 quod
901 3042 1076 3115 redit
1112 3040 1437 3142 pulvere²
1474 3060 1541 3112 et
1573 3066 1816 3111 cruore
1856 3063 2246 3138 concretus;
2296 3044 2512 3136 istud,

413 3157 597 3231 istud
627 3158 817 3256 quod
844 3178 985 3229 tam
1018 3156 1118 3230 vir
1145 3177 1269 3229 est.
1302 3155 1634 3254 Vulgaria
1667 3177 1829 3226 sunt
1858 3154 2284 3228 irritamenta
2312 3160 2519 3258 cupi-

414 3272 638 3347 ditatis
672 3275 931 3364 forma,
963 3295 1157 3346 aetas:
1190 3272 1556 3371 singularis
1589 3298 1696 3343 res
1716 3292 1815 3344 est
1831 3271 2025 3344 fortis
2059 3256 2514 3348 concubinus.

413 3388 575 3460 Illas
603 3388 977 3476 cicatrices,
1006 3388 1122 3460 illa
1148 3388 1468 3477 vulnera,
1497 3386 1616 3459 illa
1641 3407 1742 3459 tot
1763 3386 2025 3459 eximiae
2053 3389 2302 3461 decora
2330 3391 2527 3463 mili-

414 3502 598 3593 tiae3,
638 3503 810 3602 quid
844 3525 1173 3604 exsequar
1200 3504 1415 3577 ultra?
1455 3507 1868 3604 Imperator,
1900 3506 2123 3604 pudet
2166 3534 2280 3579 me
2322 3510 2519 3607 quod

414 3617 771 3717 intelligis:
816 3642 1087 3692 transeo
1137 3620 1442 3692 oblatam
1480 3619 1745 3692 nolenti
1788 3647 2170 3693 munerum
2208 3624 2518 3695 vacatio-

414 3761 613 3827 nem,
631 3757 698 3808 et
713 3736 1038 3817 blandius
1057 3763 1271 3836 quam
1288 3736 1553 3814 militiae
1572 3736 1935 3835 disciplina
1951 3739 2271 3836 postulat,
2288 3738 2522 3818 adula-

492 3955 542 3992 ι.
559 3938 816 3994 Adur-nu
836 3941 1063 3996 Gimbros
1073 3960 1297 4016 pamm
1313 3959 1431 4014 pro-
1504 3961 1557 3996 ν.
1581 3959 1646 3993 22
1666 3964 1680 3994 ε
1712 3962 1735 3988 α
1754 3944 1877 3995 Non
1898 3940 2154 3995 indecoro
2172 3943 2391 4016 pulvere
2410 3963 2523 3998 sor-

414 4020 553 4074 ὀισπ
576 4021 775 4075 diceris.
790 4022 926 4075 vide
950 4021 1210 4077 Gronovii
1229 4022 1430 4078 Obser-
1514 4043 1538 4068 σι
1558 4020 1731 4073 didos.
1756 4045 1777 4068 n
1803 4060 1808 4068 .

414 4105 655 4157 vationes
678 4105 777 4171 111,
798 4104 882 4171 24.
1580 4103 1633 4156 3.
1659 4104 1860 4155 Decora
1883 4101 2107 4154 mititioe.
2134 4104 2477 4177 Aposiopesis
2500 4126 2514 4157 τ

490 4202 540 4236 2.
580 4183 822 4239 Pulvere.
860 4189 1156 4242 Horatiana.
1184 4188 1424 4239 imitatio.
1508 4184 1729 4257 plenum
1743 4196 1911 4237 esset:
1934 4182 2285 4252 mbjiciebant
2299 4185 2520 4236 tribuno

418 4264 505 4319 Sic
518 4264 622 4318 Od.
637 4267 662 4316 1
674 4302 692 4333 ‚
706 4267 771 4333 6,
782 4283 834 4319 v.
863 4267 955 4335 ¹4²
982 4290 1005 4314 ιι
1020 4268 1241 4321 Pulvere
1254 4270 1429 4322 troico
1506 4266 1769 4317 nefariam
1786 4278 2018 4316 mentem
2030 4266 2198 4316 virum
2216 4265 2409 4317 fortem
2429 4281 2524 4336 ap-

428 4363 454 4388 ·
471 4344 701 4415 Nigrum
718 4347 993 4411 Moe-ioum
1015 4371 1037 4394 ιι
1064 4360 1120 4400 et
1142 4346 1245 4404 od.
1274 4348 1349 4414 11,
1382 4365 1428 4412 ι,
1508 4343 1746 4417 pellan-li
1768 4358 1821 4397 et
1845 4344 2137 4417 stuprandi.

2181 4434 2234 4500 4.
