3200 5117
803 559 885 602 20
1218 528 1225 543 '
1303 531 1394 593 M.
1445 529 1693 591 FABH
1743 525 2380 610 QUINTILIANI

796 683 1013 757 quam
1044 655 1096 726 si
1125 652 1403 750 vestigia
1433 651 1704 749 parietis
1735 651 2190 748 perpetuitate
2222 652 2561 748 dirigeret.
2595 651 2884 723 Simula-

795 773 872 844 sti
916 773 1141 869 itaque
1182 768 1579 854 caecitatcm;
1624 786 1838 853 etue,
1872 765 2043 863 quid
2067 766 2304 836 sceleri
2351 767 2564 864 impio
2597 767 2883 854 deesset,

795 879 1019 958 mariti
1057 885 1153 954 tui
1184 894 1423 956 cruore
1458 881 1697 952 lusisti.
1728 881 1992 952 Omnia
2021 881 2140 950 tibi
2169 882 2544 979 composita
2566 902 2771 977 atque
2800 883 2884 952 si-

792 1001 1053 1074 mulata
1085 1020 1245 1069 sunt
1274 1024 1394 1096 per
1421 996 1640 1067 otium
1676 1017 1740 1066 et
1769 995 2193 1066 securitatem
2213 1053 2230 1084 ,
2266 1017 2620 1093 tamquam
2654 996 2882 1067 'scelus

794 1117 1267 1188 transferretur
1317 1112 1618 1209 ingenio.
1668 1113 1873 1181 Nunc
1931 1111 2122 1181 enim
2176 1132 2248 1181 tu
2308 1111 2671 1201 innocenS,
2721 1112 2883 1210 quia

789 1231 1085 1332 privigni
1117 1229 1381 1328 gladius
1409 1229 1477 1297 in
1503 1226 1819 1315 vulnere,
1855 1226 2017 1325 quia
2049 1227 2262 1323 paries
2292 1249 2680 1298 cruentatus
2707 1256 2720 1298 :
2750 1227 2878 1299 hoc

792 1348 1107 1419 sufficere
1156 1367 1528 1439 utrumque
1573 1342 1825 1414 indicio
1868 1342 2191 1440 putabas?
2229 1343 2464 1433 Quam
2505 1344 2684 1415 facili
2728 1372 2879 1415 mo-

795 1482 1030 1532 mento
1083 1486 1301 1532 causae
1365 1459 1537 1527 fata¹
1588 1456 1974 1527 vertuntur!
2036 1458 2223 1556 quod
2272 1458 2506 1530 fecisse
2560 1458 2764 1530 etiam
2825 1459 2878 1531 is

792 1577 1010 1649 scelus
1042 1578 1439 1674 frequenter
1466 1575 1779 1646 inventus
1810 1595 1937 1661 est,
1980 1576 2100 1670 qui
2128 1575 2512 1674 objiciebat.
2560 1576 2692 1646 Sed
2730 1603 2879 1647 eau-

788 1703 923 1782 sas,
961 1692 1216 1790 inquit,
1248 1689 1587 1790 parricidii
1629 1689 1748 1759 iste
1783 1689 2054 1777 habuit,
2100 1717 2309 1788 quem
2353 1691 2557 1762 iratus
2591 1712 2778 1789 pater
2807 1692 2876 1763 in

790 1817 1117 1881 secretam
1150 1806 1400 1877 domus
1429 1827 1692 1904 partem
1725 1806 2145 1901 relegaverat.
2176 1806 2430 1878 Mulier
2460 1806 2573 1878 illa
2600 1808 2875 1878 forsitan

792 1922 1176 2022 ignominia
1220 1921 1536 1991 felicioris
1587 1920 1931 1989 videretur
1982 1947 2120 1990 esse
2173 1920 2486 2017 privigni.
2548 1922 2877 1993 Caecitatis

787 2036 1210 2106 beneficium
1248 2055 1345 2104 est
1372 2060 1591 2130 quum
1631 2033 1725 2102 illi
1757 2054 2092 2104 secretum
2125 2034 2341 2104 datur.
2384 2037 2450 2105 O
2482 2029 2876 2132 praeclaram

790 2151 967 2221 senis
995 2150 1237 2246 optimi
1271 2147 1831 2246 singularemque
1863 2148 2214 2245 pietatem!
2249 2177 2458 2245 quam
2487 2151 2739 2222 blande
2763 2151 2878 2222 ille

790 2266 1088 2362 seposuit
1133 2264 1463 2335 miserum
1505 2264 1744 2335 suum!
1790 2292 1999 2361 quam
2047 2265 2407 2364 diligenter
2450 2268 2669 2339 uxoris
2711 2295 2878 2366 gau-

794 2379 1014 2451 dentis
1078 2378 1354 2451 exclusit
1405 2380 1669 2450 oculos!
1723 2408 1934 2478 quam
2005 2382 2223 2452 multo
2271 2385 2552 2454 Caecum
2610 2384 2876 2481 pudore

792 2492 1144 2566 donavit2!
1175 2493 1241 2564 Si
1265 2493 1553 2580 felicior,
1583 2494 1836 2592 inquit,
1871 2523 2084 2566 essem
2113 2518 2326 2594 pater,
2363 2524 2487 2595 ego
2511 2497 2630 2568 tibi
2651 2498 2875 2595 potius

790 2607 1106 2679 cederem
1136 2608 1344 2678 domo
1370 2630 1524 2680 tota.
1546 2611 1790 2699 Nune,
1824 2611 2060 2698 miser,
2090 2611 2275 2681 illam
2300 2639 2557 2709 occupa
2577 2634 2835 2710 partem
2853 2669 2871 2702 ‚

790 2724 861 2794 in
894 2750 1030 2820 qua
1059 2750 1267 2793 nemo
1304 2744 1363 2792 te
1393 2723 1644 2813 videat,
1677 2724 1747 2793 in
1779 2752 1990 2823 quam
2025 2725 2210 2796 solus
2241 2753 2363 2824 ego
2397 2727 2668 2797 veniam
2697 2753 2709 2796 :
2740 2727 2875 2798 sint

790 2839 985 2936 circa⁶
1005 2861 1067 2910 te
1106 2839 1350 2909 servuli
1393 2840 1672 2910 fideles:
1715 2867 1856 2911 non
1898 2842 2191 2939 gemitus
2228 2863 2381 2913 tuos
2418 2842 2647 2913 audiat
2687 2843 2875 2941 quis-

790 2981 1033 3052 quam,
1075 2980 1216 3024 non
1258 2952 1469 3024 flebili
1518 2981 1807 3025 moerore
1845 2976 2177 3053 pascatur.
2218 2956 2408 3027 Nihil
2446 2978 2542 3026 est
2583 2957 2772 3053 quod
2809 2980 2869 3029 te

788 3067 1092 3139 sollicitet
1129 3069 1632 3139 conversatione
1672 3069 1948 3140 nostri3.
1990 3072 2340 3140 Secretum
2375 3070 2563 3167 quod
2597 3072 2871 3143 eaecitati

790 3203 1169 3280 praestatur,
1206 3182 1358 3254 ideo
1385 3204 1767 3280 praestatur,
1804 3204 1878 3254 ut
1905 3183 2136 3255 minus
2165 3184 2347 3254 oculi
2379 3183 2867 3256 desiderentur.

870 3449 912 3484 ι.
940 3432 1067 3483 Fata
1096 3436 1392 3484 vertuntur!
1422 3434 1496 3484 Ea
1527 3451 1639 3502 quae
1666 3433 1786 3484 fatis
1869 3446 2162 3502 oporteret,
2184 3433 2298 3484 siin
2316 3432 2617 3504 promiscuo
2635 3452 2872 3486 versare·

790 3512 1153 3575 continentur,
1182 3512 1285 3561 sive
1314 3511 1488 3574 bona,
1516 3512 1621 3562 sive
1650 3509 1790 3562 mala

776 3596 1014 3656 satorum
1041 3591 1251 3641 nomine
1279 3589 1652 3658 significantur.

864 3687 910 3721 2.
948 3671 1110 3739 Quam
1150 3668 1312 3719 multo
1353 3672 1551 3721 Coecttm
1591 3670 1790 3743 pudore

791 3748 1017 3800 donavit.
1052 3747 1418 3800 Scribendum:
1455 3767 1614 3820 quam
1647 3747 1788 3800 mul-

792 3841 901 3881 tum
917 3832 1056 3881 Coeco
1064 3830 1310 3900 pudorem
1323 3829 1552 3880 donavit.
1566 3833 1635 3880 Ut
1647 3830 1787 3901 apud

792 3912 1043 3964 Senecam
1074 3912 1128 3961 in
1160 3910 1469 3975 Phoenissis,
1494 3931 1539 3962 v.
1570 3913 1704 3963 233:
1741 3924 1790 3964 et

790 4009 938 4044 aures
969 3992 1208 4064 ingerunt
1237 3993 1491 4064 quidquid
1519 3991 1651 4044 mihi
1678 3995 1788 4046 Do-

790 4070 962 4135 uastis,
985 4069 1122 4122 oculi
1136 4093 1147 4121 :
1165 4072 1256 4122 ubi
1280 4071 1411 4121 vide.
1429 4071 1604 4138 Quam
1627 4073 1789 4124 multa

781 4148 1044 4199 'subtraxit
1058 4149 1234 4212 Omen,
1260 4149 1330 4199 ob
1352 4168 1462 4220 qum
1480 4149 1628 4200 illum
1655 4169 1759 4219 quo

792 4226 915 4278 tidie
961 4226 1272 4280 erubescere
1318 4243 1370 4280 et
1412 4227 1619 4298 pudore
1669 4248 1788 4299 angi

1870 3524 1969 3561 tur.
1997 3512 2160 3563 Geor«.

1938 3593 1988 3643 3.
2005 3591 2165 3644 Nihil
2177 3603 2277 3658 est,
2290 3592 2430 3664 quod
2444 3604 2490 3642 te
2503 3588 2743 3642 sollicitet
2755 3608 2872 3641 con-

1869 3670 2151 3720 versatione
2171 3669 2345 3720 nostri.
2369 3671 2530 3738 Lege‚
2551 3668 2873 3720 conversatio
2899 3713 2906 3719 ,

1869 3753 2027 3802 nostri
2043 3789 2060 3815 ,
2075 3750 2181 3817 vel,
2202 3761 2390 3802 nostra.
2412 3751 2639 3803 Causam
2657 3767 2766 3801 non
2781 3747 2873 3800 ha·

1868 3833 1989 3897 bes,
2014 3852 2107 3884 cur
2129 3831 2394 3884 desideres
2417 3832 2868 3883 conversationem

1868 3913 2229 3984 quotidianam
2274 3913 2509 3962 omnium
2551 3910 2869 3963 domestico-

1870 4013 2001 4045 rum.
2028 3995 2196 4046 Guou.
2221 4024 2292 4032 —
2314 3994 2453 4061 Quia
2477 4011 2575 4044 nos
2598 4011 2870 4044 couversa-

1868 4074 2040 4125 bimur
2077 4074 2310 4145 quotidie
2351 4089 2523 4126 tecum
2543 4112 2559 4139 ,
2597 4073 2730 4125 nihil
2772 4076 2869 4126 erit

1869 4171 1965 4202 cur
1992 4153 2058 4202 sis
2085 4152 2366 4208 sollicitus:
2392 4151 2471 4204 his
2496 4152 2673 4205 finitur
2695 4154 2863 4204 orati·

1867 4246 2046 4302 patris.
