3200 5117
956 490 1397 596 DEchlx.
1449 526 2025 595 GLAmAToR.
2405 550 2528 616 219

450 655 581 727 hoc
609 653 983 755 pulchrum
1009 675 1218 754 atque
1245 654 1705 753 magnificum
1733 674 1863 725 cst:
1893 679 2060 725 nam
2091 677 2217 750 ego
2234 708 2254 741 ‚
2280 650 2532 751 siquid

410 774 415 783 ’
449 770 521 840 in
552 790 819 868 patrem
844 771 1200 843 servatoris
1221 769 1363 842 mei
1386 769 1700 857 confero,
1725 793 1866 839 non
1894 793 2051 839 sum
2075 767 2492 840 laudandus.

544 888 801 958 XVIII.
840 889 1084 987 Neque
1126 885 1612 986 exspectaveris
1647 886 1780 956 hoc
1821 884 2003 975 loco,
2038 907 2258 984 pater,
2302 907 2379 957 ut
2416 883 2532 956 illa

451 1001 708 1091 dicam3
733 1029 1007 1101 semper
1028 1001 1349 1074 odiorum
1381 1001 1715 1073 honestus
1748 1025 2022 1079 occasus
2048 1015 2066 1045 ¹
2098 1021 2233 1073 est:
2265 1021 2336 1072 et
2359 999 2530 1071 dum

451 1119 834 1191 simultates
862 1117 1039 1190 nihil
1068 1117 1256 1190 aliud
1292 1117 1585 1206 hahent,
1619 1140 1834 1216 quam
1867 1118 2165 1189 nocendi
2200 1116 2534 1216 cupidita-

451 1254 592 1304 tem
608 1290 627 1321 ‚
650 1233 957 1331 speciosa
981 1232 1053 1304 in
1080 1233 1333 1304 melius
1362 1232 1582 1303 animi
1614 1234 1903 1305 mutatio
1928 1255 2028 1306 est
2050 1259 2214 1305 cum
2239 1231 2535 1331 exempli

453 1349 750 1438 honore,
769 1349 1164 1449 junctaeque
1190 1376 1269 1422 ex
1298 1350 1525 1422 hostili
1557 1374 1754 1448 paene
1778 1378 2108 1423 consursu
2133 1351 2204 1422 in
2237 1349 2538 1422 affinita-

454 1485 599 1535 tem
623 1490 897 1549 manus.
919 1465 1126 1537 Unde
1152 1486 1434 1539 tantum
1462 1466 1711 1537 misero
1737 1464 1940 1554 honi,
1970 1487 2046 1537 ut
2074 1465 2396 1536 inimicus
2419 1461 2538 1534 sit?

453 1578 724 1678 adspice
774 1580 1051 1669 solnm,·
1092 1601 1411 1679 egentem
1432 1637 1451 1667 ‚
1505 1604 1779 1669 senem,
1837 1581 2164 1653 omnibus
2211 1576 2537 1679 praesidiis

456 1694 897 1770 destitutum:
936 1722 1174 1767 nonne
1207 1696 1709 1767 contumeliam
1747 1697 2039 1768 fortunae
2072 1716 2206 1768 tuae
2239 1693 2442 1782 facis,
2482 1692 2536 1767 si

455 1808 645 1880 hunc
664 1810 863 1882 odisti
878 1864 897 1900 ‚
924 1833 989 1881 et
1007 1811 1237 1882 adhuc
1257 1832 1373 1881 tua
1395 1830 1597 1908 putas
1623 1810 1939 1881 interesse
1955 1867 1973 1899 ,
1996 1834 2084 1881 ne
2097 1809 2319 1881 vivat?
2342 1808 2537 1881 nulla

453 1924 576 1995 tibi
606 1926 1002 2023 contingere
1031 1926 1257 2025 major
1286 1926 1457 1998 ultio
1485 1945 1740 2024 potest,
1772 1952 1986 2024 quam
2021 1925 2074 1995 si
2108 1924 2263 1996 talis
2291 1942 2425 2013 est,
2465 1943 2540 1995 ut

456 2037 881 2111 illius-etiam
916 2064 1045 2113 nos
1080 2040 1555 2113 misereamur.
1592 2042 1852 2139 Magna
1885 2040 2231 2111 mehercle
2265 2039 2413 2140 jam
2454 2039 2539 2110 de

456 2176 677 2227 vetere
710 2155 965 2228 oemulo
998 2180 1201 2256 poena
1229 2174 1567 2256 superest,
1602 2174 1857 2256 panem
1892 2157 2150 2256 eripere
2185 2155 2541 2243 mendico,

458 2291 525 2343 et
547 2272 959 2369 gravissimae
988 2298 1110 2372 per
1132 2300 1203 2346 se
1231 2275 1523 2347 fortunae
1552 2298 1772 2345 manu
1806 2274 2082 2374 pondus
2100 2289 2124 2317 ²
2155 2272 2537 2371 imponere.

460 2390 637 2485 Age,
671 2389 725 2459 si
760 2390 1074 2487 perisset,
1111 2389 1396 2462 cadaver
1427 2389 1791 2462 calcasses?
1822 2388 1982 2461 ferae
2023 2386 2371 2460 mehercle
2418 2412 2542 2485 ge—

461 2502 869 2596 nerosiores,
898 2507 1206 2607 jacentes
1250 2526 1636 2594 transeunt3
1686 2528 1755 2579 et
1793 2505 2108 2579 reservati
2154 2505 2409 2593 hostes,
2451 2524 2546 2573 re-

461 2618 1068 2718 stitutoequeurhes
1090 2621 1350 2722 majora
1371 2621 1617 2694 causa³
1639 2622 1950 2721 exempla
1967 2623 2133 2694 sint:
2160 2618 2349 2720 quod
2365 2617 2506 2691 scio
2523 2675 2542 2705 ,

461 2732 650 2805 victis
688 2735 898 2808 etiam
943 2736 1347 2834 gladiatores
1391 2760 1699 2838 parcunt.
1743 2740 1900 2810 Post
1940 2739 2345 2829 orbitatem,
2394 2756 2546 2836 post

538 2990 585 3025 1.
619 2976 850 3027 Occasus.
872 2975 1074 3029 Anudit
1108 2976 1176 3029 sd
1200 2976 1287 3043 ld,
1318 2977 1464 3050 quod

462 3068 623 3123 supra
664 3053 813 3121 dixit,
851 3055 1089 3109 mortales
1120 3074 1235 3110 esse
1271 3055 1464 3110 debere

461 3147 792 3196 lnlmtctt1883
839 3152 1044 3187 occasus
1077 3154 1205 3187 vero
1242 3150 1463 3188 mortem

462 3222 649 3261 notat:
695 3210 810 3263 vide
847 3214 1024 3266 Vorst.
1064 3212 1134 3266 ad
1166 3213 1282 3266 val.
1321 3214 1462 3267 Max.

464 3292 561 3355 111,
588 3295 791 3359 ¹17.1ta
818 3294 1017 3348 vivaces
1038 3297 1137 3350 im
1156 3299 1356 3350 Juuoni
1374 3299 1465 3351 tri-

465 3366 582 3419 buit
605 3366 784 3424 Senec.
812 3374 967 3426 Herc.
992 3376 1115 3427 Fur.
1150 3393 1242 3445 27³
1275 3390 1329 3429 ut
1360 3396 1464 3428 me-

469 3458 661 3500 morem
682 3450 813 3503 iram
837 3452 1083 3525 Virgilius
1106 3477 1118 3505 z
1144 3457 1273 3508 Stat.
1292 3455 1461 3507 Theb.

466 3528 597 3596 xit,
633 3530 727 3597 441
757 3553 771 3584 =
805 3535 1001 3588 Vivum
1037 3536 1160 3587 odia
1195 3537 1465 3606 improba,

470 3608 653 3661 vivunt
669 3632 684 3660 .·
710 3625 865 3664 antea
891 3614 1093 3666 dixerat
1102 3615 1321 3685 suiectus
1350 3615 1464 3669 iras.

468 3688 533 3739 Et
563 3704 676 3759 qnoe
700 3688 753 3742 id
785 3706 949 3760 genus
973 3693 1156 3764 plura,
1185 3697 1466 3766 praesertim

469 3766 614 3838 apud
632 3784 848 3838 poetas,
869 3787 1172 3824 occurrunt.
1195 3775 1361 3826 Bmm.

543 3864 591 3898 a.
628 3849 1029 3919 nuncupandus.
1058 3853 1229 3923 Majus
1247 3854 1467 3923 pondus,

469 3926 600 3980 (ὢν.
628 3926 815 3979 dubito
839 3948 909 3981 tn
934 3946 1100 3995 recte,
1124 3951 1287 4002 quum
1311 3952 1469 3985 manu

471 4009 736 4079 invomere
762 4004 1023 4061 diversum
1059 4024 1112 4060 ct
1147 4014 1467 4063 contrarium

468 4088 805 4161 sitqraviper
818 4107 868 4140 se
882 4110 898 4138 .·
914 4106 1035 4145 nam
1051 4090 1122 4141 ita
1136 4092 1295 4142 etiam
1308 4106 1469 4144 manu

458 4167 613 4239 facta
647 4168 776 4233 issiu,
815 4186 930 4241 quse
966 4182 1159 4239 sponte
1194 4182 1248 4221 et
1280 4184 1470 4225 natura

471 4252 821 4320 proveniunt,
871 4253 1077 4322 opponi
1122 4249 1349 4304 vidimus
1400 4253 1467 4307 ad

1544 2976 1637 3029 lib.
1658 2975 1706 3031 5.
1729 2978 1858 3030 Inst.
1880 2994 1998 3048 cap.
2015 2974 2226 3036 x1v3et
2248 2979 2349 3026 sic:
2373 2996 2393 3018 κ
2409 2975 2548 3025 Mor-

1550 3080 1573 3102 «
1592 3055 1720 3122 bos,
1745 3074 1882 3128 quos
1907 3073 2066 3107 manu
2096 3055 2343 3117 facimus,
2365 3076 2387 3099 ι
2418 3051 2549 3104 dixit

1546 3136 1728 3189 Senec.
1752 3135 1818 3188 de
1837 3138 2027 3189 Brevit.
2050 3136 2137 3187 vit.
2159 3136 2227 3186 ΙΙΙ
2241 3172 2258 3201 ,
2283 3139 2362 3184 Ita
2387 3152 2546 3184 manu

1546 3220 1805 3270 restituere
1819 3217 2080 3289 proelium.
2097 3212 2225 3268 Stat.
2238 3213 2406 3266 Theb.
2424 3212 2521 3265 ΧΠ
2532 3253 2548 3282 ,

1545 3298 1684 3365 ⁴373
1726 3320 1748 3343 ι
1769 3315 1928 3350 manu
1965 3292 2345 3351 stimulavimus
2378 3294 2497 3346 iras.
2521 3315 2544 3339 ι

1544 3378 1687 3430 Flor.
1717 3380 1814 3445 ΙΙΙ,
1847 3396 1938 3445 to,
1965 3392 2015 3430 et
2041 3378 2248 3431 similia.

1616 3459 1667 3510 3.
1684 3461 1892 3529 Maiora
1908 3476 2089 3512 eausoe.
2111 3458 2273 3510 Causa
2293 3456 2546 3509 Obrecht.

1546 3555 1715 3605 recte,
1757 3558 1841 3592 me
1882 3541 2092 3610 judice:
2146 3543 2351 3610 majora
2393 3550 2516 3592 snut
2532 3580 2549 3608 ‚

1549 3638 1710 3691 quam
1747 3633 1805 3672 ut
1848 3638 2015 3673 causae
2049 3638 2174 3672 meae
2199 3621 2550 3685 conveniant,

1548 3710 1602 3750 et
1640 3696 2123 3751 accommodentur.
2162 3696 2240 3751 Cl.
2286 3697 2553 3748 Schultin-

1547 3781 1665 3850 gius
1694 3780 1832 3831 idem
1849 3782 1959 3849 jaan
1998 3780 2371 3831 observaverat
2400 3778 2551 3843 olim,

1550 3872 1602 3909 et
1627 3872 1874 3930 preterea
1901 3859 2139 3931 legebat:
2167 3881 2190 3905 ι
2210 3860 2408 3911 Servati
2426 3857 2555 3911 hos-

1554 3962 1577 3986 ·
1601 3955 1704 4001 teu
1741 3943 2098 4011 restitutaeque
2131 3939 2213 3992 his
2248 3939 2408 3992 urbes
2446 3958 2556 3990 ma-

1554 4030 1577 4063 b
1590 4023 1713 4088 jora
1739 4036 1897 4071 causa
1925 4019 2161 4089 exempla
2193 4032 2366 4070 sunt.»
2387 4020 2556 4069 Vero-

1546 4114 1665 4148 rnm
1701 4099 1840 4149 enim
1873 4096 2136 4148 hellurum
2173 4098 2386 4169 ignarus
2410 4109 2555 4161 erat,

1547 4178 1615 4230 de
1635 4176 2016 4249 gladiatoribus
2035 4194 2189 4245 vero,
2209 4192 2266 4230 ut
2290 4190 2554 4248 «asperim,

1548 4255 1696 4327 loqui
1719 4269 1946 4327 poterat.
1978 4257 2145 4306 Bunm.
