<?xml version="1.0" encoding="UTF-8"?>
<!DOCTYPE html PUBLIC "-//W3C//DTD XHTML 1.0 Transitional//EN"
    "http://www.w3.org/TR/xhtml1/DTD/xhtml1-transitional.dtd">
<html xmlns="http://www.w3.org/1999/xhtml" xml:lang="en" lang="en">
 <head>
  <title>
</title>
<meta http-equiv="Content-Type" content="text/html;charset=utf-8" />
  <meta name='ocr-system' content='tesseract 3.04.00' />
  <meta name='ocr-capabilities' content='ocr_page ocr_carea ocr_par ocr_line ocrx_word'/>
</head>
<body>
  <div class='ocr_page' id='page_1' title='image "./deinstitutioneo01flacgoog_0044.png"; bbox 0 0 3200 5117; ppageno 0'>
   <div class='ocr_carea' id='block_1_1' title="bbox 771 524 2867 735">
    <p class='ocr_par' dir='ltr' id='par_1_1' title="bbox 771 524 2867 735">
     <span class='ocr_line' id='line_1_1' title="bbox 771 524 2602 610; baseline 0.005 -26"><span class='ocrx_word' id='word_1_1' title='bbox 771 524 832 585; x_wconf 86' lang='lat' dir='ltr'>xl</span> <span class='ocrx_word' id='word_1_2' title='bbox 949 526 1350 590; x_wconf 78' lang='lat' dir='ltr'>EDITORIS</span> <span class='ocrx_word' id='word_1_3' title='bbox 1396 525 1843 587; x_wconf 70' lang='lat' dir='ltr'>PRAEFATIO</span> <span class='ocrx_word' id='word_1_4' title='bbox 1890 528 1974 588; x_wconf 78' lang='lat' dir='ltr'>IN</span> <span class='ocrx_word' id='word_1_5' title='bbox 2026 528 2268 590; x_wconf 82' lang='lat' dir='ltr'>DECL.</span> <span class='ocrx_word' id='word_1_6' title='bbox 2304 530 2602 610; x_wconf 75' lang='lat' dir='ltr'>QUIN&#39;I&#39;.</span> 
     </span>
     <span class='ocr_line' id='line_1_2' title="bbox 852 652 2867 735; baseline 0.002 -26"><span class='ocrx_word' id='word_1_7' title='bbox 852 655 924 711; x_wconf 77' lang='lat' dir='ltr'>N.</span> <span class='ocrx_word' id='word_1_8' title='bbox 960 658 1030 712; x_wconf 89' lang='lat' dir='ltr'>B.</span> <span class='ocrx_word' id='word_1_9' title='bbox 1076 656 1199 712; x_wconf 87' lang='lat' dir='ltr'>Has</span> <span class='ocrx_word' id='word_1_10' title='bbox 1230 653 1616 713; x_wconf 89' lang='lat' dir='ltr'>eruditorum</span> <span class='ocrx_word' id='word_1_11' title='bbox 1656 652 1927 710; x_wconf 88' lang='lat' dir='ltr'>virorum</span> <span class='ocrx_word' id='word_1_12' title='bbox 1966 653 2289 734; x_wconf 63' lang='lat' dir='ltr'>epistol-³5,</span> <span class='ocrx_word' id='word_1_13' title='bbox 2328 658 2433 735; x_wconf 85' lang='lat' dir='ltr'>qui</span> <span class='ocrx_word' id='word_1_14' title='bbox 2476 669 2779 729; x_wconf 86' lang='lat' dir='ltr'>veterum,</span> <span class='ocrx_word' id='word_1_15' title='bbox 2809 669 2867 713; x_wconf 92' lang='lat' dir='ltr'>et</span> 
     </span>
    </p>
   </div>
   <div class='ocr_carea' id='block_1_2' title="bbox 759 759 2867 3971">
    <p class='ocr_par' dir='ltr' id='par_1_2' title="bbox 759 759 2867 3288">
     <span class='ocr_line' id='line_1_3' title="bbox 773 759 2867 847; baseline -0.002 -24"><span class='ocrx_word' id='word_1_16' title='bbox 773 765 1108 847; x_wconf 80' lang='lat' dir='ltr'>praesertim</span> <span class='ocrx_word' id='word_1_17' title='bbox 1158 761 1506 837; x_wconf 75' lang='lat' dir='ltr'>Quintiiani</span> <span class='ocrx_word' id='word_1_18' title='bbox 1540 775 1597 817; x_wconf 86' lang='lat' dir='ltr'>et</span> <span class='ocrx_word' id='word_1_19' title='bbox 1627 759 1943 838; x_wconf 75' lang='lat' dir='ltr'>Calpurnii</span> <span class='ocrx_word' id='word_1_20' title='bbox 1969 761 2530 820; x_wconf 86' lang='lat' dir='ltr'>Declamationibns</span> <span class='ocrx_word' id='word_1_21' title='bbox 2555 761 2867 820; x_wconf 87' lang='lat' dir='ltr'>elucidan-</span> 
     </span>
     <span class='ocr_line' id='line_1_4' title="bbox 771 857 2864 943; baseline -0.003 -21"><span class='ocrx_word' id='word_1_22' title='bbox 771 866 864 922; x_wconf 87' lang='lat' dir='ltr'>dis</span> <span class='ocrx_word' id='word_1_23' title='bbox 900 879 1025 922; x_wconf 89' lang='lat' dir='ltr'>tam</span> <span class='ocrx_word' id='word_1_24' title='bbox 1062 865 1391 943; x_wconf 78' lang='lat' dir='ltr'>diligenter</span> <span class='ocrx_word' id='word_1_25' title='bbox 1428 857 1881 930; x_wconf 83' lang='lat' dir='ltr'>incubuerunt,</span> <span class='ocrx_word' id='word_1_26' title='bbox 1919 858 1981 915; x_wconf 89' lang='lat' dir='ltr'>in</span> <span class='ocrx_word' id='word_1_27' title='bbox 2024 858 2354 938; x_wconf 83' lang='lat' dir='ltr'>quemdam</span> <span class='ocrx_word' id='word_1_28' title='bbox 2385 859 2569 917; x_wconf 88' lang='lat' dir='ltr'>veluti</span> <span class='ocrx_word' id='word_1_29' title='bbox 2605 859 2864 930; x_wconf 86' lang='lat' dir='ltr'>fascem,</span> 
     </span>
     <span class='ocr_line' id='line_1_5' title="bbox 772 951 2867 1038; baseline -0.003 -18"><span class='ocrx_word' id='word_1_30' title='bbox 772 961 924 1020; x_wconf 80' lang='lat' dir='ltr'>duce</span> <span class='ocrx_word' id='word_1_31' title='bbox 954 965 1343 1033; x_wconf 81' lang='lat' dir='ltr'>BurmannO,</span> <span class='ocrx_word' id='word_1_32' title='bbox 1373 951 1750 1036; x_wconf 75' lang='lat' dir='ltr'>colligendas</span> <span class='ocrx_word' id='word_1_33' title='bbox 1776 957 2160 1033; x_wconf 74' lang='lat' dir='ltr'>cui-aviniuS,</span> <span class='ocrx_word' id='word_1_34' title='bbox 2185 970 2254 1014; x_wconf 92' lang='lat' dir='ltr'>ut</span> <span class='ocrx_word' id='word_1_35' title='bbox 2284 955 2476 1015; x_wconf 88' lang='lat' dir='ltr'>lector</span> <span class='ocrx_word' id='word_1_36' title='bbox 2504 958 2618 1014; x_wconf 88' lang='lat' dir='ltr'>sibi</span> <span class='ocrx_word' id='word_1_37' title='bbox 2647 976 2867 1038; x_wconf 87' lang='lat' dir='ltr'>quam-</span> 
     </span>
     <span class='ocr_line' id='line_1_6' title="bbox 771 1048 2866 1134; baseline -0.003 -17"><span class='ocrx_word' id='word_1_38' title='bbox 771 1058 913 1117; x_wconf 85' lang='lat' dir='ltr'>dam</span> <span class='ocrx_word' id='word_1_39' title='bbox 945 1059 1022 1116; x_wconf 87' lang='lat' dir='ltr'>de</span> <span class='ocrx_word' id='word_1_40' title='bbox 1046 1073 1170 1117; x_wconf 90' lang='lat' dir='ltr'>arte</span> <span class='ocrx_word' id='word_1_41' title='bbox 1196 1055 1581 1115; x_wconf 76' lang='lat' dir='ltr'>declamandi</span> <span class='ocrx_word' id='word_1_42' title='bbox 1614 1048 1778 1127; x_wconf 83' lang='lat' dir='ltr'>apud</span> <span class='ocrx_word' id='word_1_43' title='bbox 1812 1067 2038 1110; x_wconf 81' lang='lat' dir='ltr'>veteres</span> <span class='ocrx_word' id='word_1_44' title='bbox 2070 1053 2493 1134; x_wconf 82' lang='lat' dir='ltr'>disciplinam,</span> <span class='ocrx_word' id='word_1_45' title='bbox 2517 1066 2866 1132; x_wconf 80' lang='lat' dir='ltr'>certamque</span> 
     </span>
     <span class='ocr_line' id='line_1_7' title="bbox 769 1144 2867 1236; baseline -0.003 -20"><span class='ocrx_word' id='word_1_46' title='bbox 769 1173 929 1216; x_wconf 83' lang='lat' dir='ltr'>recte</span> <span class='ocrx_word' id='word_1_47' title='bbox 954 1155 1273 1236; x_wconf 84' lang='lat' dir='ltr'>judicandi</span> <span class='ocrx_word' id='word_1_48' title='bbox 1308 1175 1594 1213; x_wconf 87' lang='lat' dir='ltr'>normam</span> <span class='ocrx_word' id='word_1_49' title='bbox 1627 1144 1964 1227; x_wconf 75' lang='lat' dir='ltr'>effingeret.</span> <span class='ocrx_word' id='word_1_50' title='bbox 1991 1153 2128 1209; x_wconf 88' lang='lat' dir='ltr'>Jam</span> <span class='ocrx_word' id='word_1_51' title='bbox 2163 1153 2303 1209; x_wconf 87' lang='lat' dir='ltr'>satis</span> <span class='ocrx_word' id='word_1_52' title='bbox 2335 1166 2712 1232; x_wconf 81' lang='lat' dir='ltr'>perspectum</span> <span class='ocrx_word' id='word_1_53' title='bbox 2745 1166 2867 1224; x_wconf 86' lang='lat' dir='ltr'>est,</span> 
     </span>
     <span class='ocr_line' id='line_1_8' title="bbox 771 1247 2862 1335; baseline 0 -30"><span class='ocrx_word' id='word_1_54' title='bbox 771 1271 1073 1335; x_wconf 66' lang='lat' dir='ltr'>quantun„</span> <span class='ocrx_word' id='word_1_55' title='bbox 1112 1253 1455 1312; x_wconf 75' lang='lat' dir='ltr'>Thaddaeus</span> <span class='ocrx_word' id='word_1_56' title='bbox 1495 1250 1787 1328; x_wconf 67' lang='lat' dir='ltr'>Ugolttsss</span> <span class='ocrx_word' id='word_1_57' title='bbox 1826 1247 1902 1305; x_wconf 83' lang='lat' dir='ltr'>tle</span> <span class='ocrx_word' id='word_1_58' title='bbox 1940 1251 2303 1327; x_wconf 63' lang='lat' dir='ltr'>antiquitate</span> <span class='ocrx_word' id='word_1_59' title='bbox 2342 1250 2498 1308; x_wconf 70' lang='lat' dir='ltr'>belle</span> <span class='ocrx_word' id='word_1_60' title='bbox 2535 1250 2862 1324; x_wconf 71' lang='lat' dir='ltr'>uleruerlt‚</span> 
     </span>
     <span class='ocr_line' id='line_1_9' title="bbox 772 1349 2864 1436; baseline -0.002 -23"><span class='ocrx_word' id='word_1_61' title='bbox 772 1356 875 1435; x_wconf 89' lang='lat' dir='ltr'>qui</span> <span class='ocrx_word' id='word_1_62' title='bbox 900 1357 1132 1436; x_wconf 85' lang='lat' dir='ltr'>primus</span> <span class='ocrx_word' id='word_1_63' title='bbox 1155 1357 1218 1412; x_wconf 92' lang='lat' dir='ltr'>in</span> <span class='ocrx_word' id='word_1_64' title='bbox 1242 1353 1443 1412; x_wconf 81' lang='lat' dir='ltr'>lucem</span> <span class='ocrx_word' id='word_1_65' title='bbox 1464 1349 1956 1410; x_wconf 81' lang='lat' dir='ltr'>Declamationes</span> <span class='ocrx_word' id='word_1_66' title='bbox 1979 1349 2264 1428; x_wconf 75' lang='lat' dir='ltr'>squalore</span> <span class='ocrx_word' id='word_1_67' title='bbox 2282 1351 2540 1423; x_wconf 76' lang='lat' dir='ltr'>obsitaS,</span> <span class='ocrx_word' id='word_1_68' title='bbox 2561 1350 2864 1428; x_wconf 84' lang='lat' dir='ltr'>tineisque</span> 
     </span>
     <span class='ocr_line' id='line_1_10' title="bbox 770 1446 2863 1528; baseline -0.003 -17"><span class='ocrx_word' id='word_1_69' title='bbox 770 1473 1048 1513; x_wconf 85' lang='lat' dir='ltr'>corrosas</span> <span class='ocrx_word' id='word_1_70' title='bbox 1075 1453 1151 1510; x_wconf 90' lang='lat' dir='ltr'>ab</span> <span class='ocrx_word' id='word_1_71' title='bbox 1189 1453 1441 1511; x_wconf 79' lang='lat' dir='ltr'>interitu</span> <span class='ocrx_word' id='word_1_72' title='bbox 1481 1448 1849 1520; x_wconf 72' lang='lat' dir='ltr'>vindicavit,</span> <span class='ocrx_word' id='word_1_73' title='bbox 1885 1461 1942 1506; x_wconf 85' lang='lat' dir='ltr'>et</span> <span class='ocrx_word' id='word_1_74' title='bbox 1971 1446 2224 1506; x_wconf 83' lang='lat' dir='ltr'>confusa</span> <span class='ocrx_word' id='word_1_75' title='bbox 2266 1448 2348 1506; x_wconf 84' lang='lat' dir='ltr'>ibi</span> <span class='ocrx_word' id='word_1_76' title='bbox 2391 1449 2634 1521; x_wconf 90' lang='lat' dir='ltr'>omnia,</span> <span class='ocrx_word' id='word_1_77' title='bbox 2667 1447 2863 1528; x_wconf 75' lang='lat' dir='ltr'>leges,</span> 
     </span>
     <span class='ocr_line' id='line_1_11' title="bbox 771 1544 2863 1628; baseline -0.002 -21"><span class='ocrx_word' id='word_1_78' title='bbox 771 1565 1160 1628; x_wconf 75' lang='lat' dir='ltr'>argumenta,</span> <span class='ocrx_word' id='word_1_79' title='bbox 1189 1569 1526 1619; x_wconf 75' lang='lat' dir='ltr'>sermoneS,</span> <span class='ocrx_word' id='word_1_80' title='bbox 1549 1566 1660 1605; x_wconf 89' lang='lat' dir='ltr'>suo</span> <span class='ocrx_word' id='word_1_81' title='bbox 1689 1565 1950 1625; x_wconf 78' lang='lat' dir='ltr'>quaeque</span> <span class='ocrx_word' id='word_1_82' title='bbox 1979 1545 2199 1604; x_wconf 81' lang='lat' dir='ltr'>ordine</span> <span class='ocrx_word' id='word_1_83' title='bbox 2225 1545 2524 1604; x_wconf 77' lang='lat' dir='ltr'>distinxit.</span> <span class='ocrx_word' id='word_1_84' title='bbox 2549 1546 2737 1625; x_wconf 85' lang='lat' dir='ltr'>Cujus</span> <span class='ocrx_word' id='word_1_85' title='bbox 2762 1544 2863 1603; x_wconf 90' lang='lat' dir='ltr'>be·</span> 
     </span>
     <span class='ocr_line' id='line_1_12' title="bbox 770 1643 2861 1724; baseline -0.003 -18"><span class='ocrx_word' id='word_1_86' title='bbox 770 1648 992 1707; x_wconf 80' lang='lat' dir='ltr'>neficio</span> <span class='ocrx_word' id='word_1_87' title='bbox 1020 1649 1260 1706; x_wconf 86' lang='lat' dir='ltr'>accessit</span> <span class='ocrx_word' id='word_1_88' title='bbox 1283 1659 1455 1704; x_wconf 80' lang='lat' dir='ltr'>aetate</span> <span class='ocrx_word' id='word_1_89' title='bbox 1479 1646 1756 1723; x_wconf 84' lang='lat' dir='ltr'>sequenti</span> <span class='ocrx_word' id='word_1_90' title='bbox 1790 1645 1854 1700; x_wconf 90' lang='lat' dir='ltr'>P.</span> <span class='ocrx_word' id='word_1_91' title='bbox 1885 1643 2193 1716; x_wconf 74' lang='lat' dir='ltr'>AErodiuS,</span> <span class='ocrx_word' id='word_1_92' title='bbox 2217 1666 2397 1722; x_wconf 88' lang='lat' dir='ltr'>quem</span> <span class='ocrx_word' id='word_1_93' title='bbox 2425 1665 2553 1703; x_wconf 88' lang='lat' dir='ltr'>sors</span> <span class='ocrx_word' id='word_1_94' title='bbox 2577 1643 2861 1724; x_wconf 83' lang='lat' dir='ltr'>quaedam</span> 
     </span>
     <span class='ocr_line' id='line_1_13' title="bbox 770 1737 2861 1822; baseline -0.002 -20"><span class='ocrx_word' id='word_1_95' title='bbox 770 1744 1036 1804; x_wconf 79' lang='lat' dir='ltr'>secunda</span> <span class='ocrx_word' id='word_1_96' title='bbox 1064 1746 1138 1804; x_wconf 89' lang='lat' dir='ltr'>ad</span> <span class='ocrx_word' id='word_1_97' title='bbox 1170 1744 1338 1803; x_wconf 83' lang='lat' dir='ltr'>Fabii</span> <span class='ocrx_word' id='word_1_98' title='bbox 1370 1764 1577 1802; x_wconf 87' lang='lat' dir='ltr'>curam</span> <span class='ocrx_word' id='word_1_99' title='bbox 1606 1755 1664 1800; x_wconf 86' lang='lat' dir='ltr'>et</span> <span class='ocrx_word' id='word_1_100' title='bbox 1698 1740 1997 1798; x_wconf 86' lang='lat' dir='ltr'>medelam</span> <span class='ocrx_word' id='word_1_101' title='bbox 2026 1741 2448 1799; x_wconf 79' lang='lat' dir='ltr'>doctrinarum</span> <span class='ocrx_word' id='word_1_102' title='bbox 2476 1742 2652 1822; x_wconf 87' lang='lat' dir='ltr'>copia</span> <span class='ocrx_word' id='word_1_103' title='bbox 2679 1737 2861 1818; x_wconf 88' lang='lat' dir='ltr'>juris-</span> 
     </span>
     <span class='ocr_line' id='line_1_14' title="bbox 769 1837 2861 1921; baseline -0.001 -22"><span class='ocrx_word' id='word_1_104' title='bbox 769 1864 886 1920; x_wconf 88' lang='lat' dir='ltr'>quc</span> <span class='ocrx_word' id='word_1_105' title='bbox 912 1844 1150 1900; x_wconf 86' lang='lat' dir='ltr'>romani</span> <span class='ocrx_word' id='word_1_106' title='bbox 1180 1843 1396 1921; x_wconf 86' lang='lat' dir='ltr'>peritia</span> <span class='ocrx_word' id='word_1_107' title='bbox 1426 1838 1963 1898; x_wconf 85' lang='lat' dir='ltr'>instructissimum</span> <span class='ocrx_word' id='word_1_108' title='bbox 1993 1837 2252 1910; x_wconf 87' lang='lat' dir='ltr'>addixit,</span> <span class='ocrx_word' id='word_1_109' title='bbox 2285 1837 2453 1917; x_wconf 92' lang='lat' dir='ltr'>quod</span> <span class='ocrx_word' id='word_1_110' title='bbox 2479 1853 2538 1896; x_wconf 88' lang='lat' dir='ltr'>et</span> <span class='ocrx_word' id='word_1_111' title='bbox 2570 1839 2697 1918; x_wconf 88' lang='lat' dir='ltr'>ipse</span> <span class='ocrx_word' id='word_1_112' title='bbox 2731 1858 2861 1896; x_wconf 88' lang='lat' dir='ltr'>non</span> 
     </span>
     <span class='ocr_line' id='line_1_15' title="bbox 766 1932 2860 2016; baseline -0.001 -21"><span class='ocrx_word' id='word_1_113' title='bbox 766 1939 1071 1996; x_wconf 85' lang='lat' dir='ltr'>inurbane</span> <span class='ocrx_word' id='word_1_114' title='bbox 1090 1953 1299 1996; x_wconf 87' lang='lat' dir='ltr'>narrat</span> <span class='ocrx_word' id='word_1_115' title='bbox 1322 1938 1383 1994; x_wconf 93' lang='lat' dir='ltr'>in</span> <span class='ocrx_word' id='word_1_116' title='bbox 1407 1934 1663 2016; x_wconf 82' lang='lat' dir='ltr'>epistola</span> <span class='ocrx_word' id='word_1_117' title='bbox 1691 1935 1766 1991; x_wconf 88' lang='lat' dir='ltr'>ad</span> <span class='ocrx_word' id='word_1_118' title='bbox 1787 1932 2119 1993; x_wconf 82' lang='lat' dir='ltr'>Thuanum</span> <span class='ocrx_word' id='word_1_119' title='bbox 2143 1957 2198 2016; x_wconf 53' lang='lat' dir='ltr'>px</span> <span class='ocrx_word' id='word_1_120' title='bbox 2217 1934 2461 1994; x_wconf 82' lang='lat' dir='ltr'>aesidem</span> <span class='ocrx_word' id='word_1_121' title='bbox 2478 1981 2493 2008; x_wconf 94' lang='lat'>,</span> <span class='ocrx_word' id='word_1_122' title='bbox 2518 1955 2655 2016; x_wconf 79' lang='lat' dir='ltr'>quae</span> <span class='ocrx_word' id='word_1_123' title='bbox 2679 1955 2860 2015; x_wconf 86' lang='lat' dir='ltr'>supra</span> 
     </span>
     <span class='ocr_line' id='line_1_16' title="bbox 765 2027 2862 2117; baseline -0.002 -23"><span class='ocrx_word' id='word_1_124' title='bbox 765 2051 986 2115; x_wconf 85' lang='lat' dir='ltr'>quarto</span> <span class='ocrx_word' id='word_1_125' title='bbox 1026 2037 1222 2117; x_wconf 86' lang='lat' dir='ltr'>capite</span> <span class='ocrx_word' id='word_1_126' title='bbox 1261 2033 1636 2093; x_wconf 72' lang='lat' dir='ltr'>inscribitur.</span> <span class='ocrx_word' id='word_1_127' title='bbox 1687 2032 1850 2107; x_wconf 85' lang='lat' dir='ltr'>Quid</span> <span class='ocrx_word' id='word_1_128' title='bbox 1901 2032 2106 2091; x_wconf 87' lang='lat' dir='ltr'>dicam</span> <span class='ocrx_word' id='word_1_129' title='bbox 2149 2033 2225 2091; x_wconf 85' lang='lat' dir='ltr'>de</span> <span class='ocrx_word' id='word_1_130' title='bbox 2253 2027 2528 2113; x_wconf 46' lang='lat' dir='ltr'>&#39;utraque</span> <span class='ocrx_word' id='word_1_131' title='bbox 2572 2034 2862 2092; x_wconf 85' lang='lat' dir='ltr'>nostratis</span> 
     </span>
     <span class='ocr_line' id='line_1_17' title="bbox 764 2129 2861 2213; baseline -0.001 -21"><span class='ocrx_word' id='word_1_132' title='bbox 764 2136 832 2192; x_wconf 91' lang='lat' dir='ltr'>P.</span> <span class='ocrx_word' id='word_1_133' title='bbox 866 2133 1084 2193; x_wconf 84' lang='lat' dir='ltr'>Pithoei</span> <span class='ocrx_word' id='word_1_134' title='bbox 1115 2133 1414 2213; x_wconf 79' lang='lat' dir='ltr'>epistola?</span> <span class='ocrx_word' id='word_1_135' title='bbox 1449 2133 1510 2188; x_wconf 87' lang='lat' dir='ltr'>in</span> <span class='ocrx_word' id='word_1_136' title='bbox 1543 2131 1731 2209; x_wconf 79' lang='lat' dir='ltr'>priori</span> <span class='ocrx_word' id='word_1_137' title='bbox 1762 2151 1982 2210; x_wconf 84' lang='lat' dir='ltr'>nempe</span> <span class='ocrx_word' id='word_1_138' title='bbox 2011 2153 2196 2211; x_wconf 86' lang='lat' dir='ltr'>quam</span> <span class='ocrx_word' id='word_1_139' title='bbox 2230 2133 2302 2189; x_wconf 84' lang='lat' dir='ltr'>ad</span> <span class='ocrx_word' id='word_1_140' title='bbox 2338 2132 2624 2191; x_wconf 87' lang='lat' dir='ltr'>eumdem</span> <span class='ocrx_word' id='word_1_141' title='bbox 2652 2129 2861 2190; x_wconf 83' lang='lat' dir='ltr'>Thua-</span> 
     </span>
     <span class='ocr_line' id='line_1_18' title="bbox 763 2227 2864 2308; baseline -0.001 -18"><span class='ocrx_word' id='word_1_142' title='bbox 763 2253 951 2304; x_wconf 90' lang='lat' dir='ltr'>num,</span> <span class='ocrx_word' id='word_1_143' title='bbox 982 2233 1181 2289; x_wconf 84' lang='lat' dir='ltr'>virum</span> <span class='ocrx_word' id='word_1_144' title='bbox 1217 2230 1515 2308; x_wconf 71' lang='lat' dir='ltr'>singulari</span> <span class='ocrx_word' id='word_1_145' title='bbox 1563 2227 1813 2284; x_wconf 87' lang='lat' dir='ltr'>laudum</span> <span class='ocrx_word' id='word_1_146' title='bbox 1854 2231 2029 2308; x_wconf 85' lang='lat' dir='ltr'>copia</span> <span class='ocrx_word' id='word_1_147' title='bbox 2072 2231 2134 2286; x_wconf 90' lang='lat' dir='ltr'>in</span> <span class='ocrx_word' id='word_1_148' title='bbox 2183 2252 2288 2288; x_wconf 88' lang='lat' dir='ltr'>sna</span> <span class='ocrx_word' id='word_1_149' title='bbox 2333 2245 2507 2290; x_wconf 81' lang='lat' dir='ltr'>aetate</span> <span class='ocrx_word' id='word_1_150' title='bbox 2545 2230 2864 2288; x_wconf 84' lang='lat' dir='ltr'>ornatissi-</span> 
     </span>
     <span class='ocr_line' id='line_1_19' title="bbox 766 2324 2862 2408; baseline -0.001 -21"><span class='ocrx_word' id='word_1_151' title='bbox 766 2350 937 2387; x_wconf 88' lang='lat' dir='ltr'>mum</span> <span class='ocrx_word' id='word_1_152' title='bbox 960 2328 1194 2398; x_wconf 79' lang='lat' dir='ltr'>scribit,</span> <span class='ocrx_word' id='word_1_153' title='bbox 1219 2339 1519 2407; x_wconf 86' lang='lat' dir='ltr'>quantum</span> <span class='ocrx_word' id='word_1_154' title='bbox 1547 2324 1744 2383; x_wconf 85' lang='lat' dir='ltr'>edidit</span> <span class='ocrx_word' id='word_1_155' title='bbox 1769 2326 2133 2384; x_wconf 84' lang='lat' dir='ltr'>eruditionis</span> <span class='ocrx_word' id='word_1_156' title='bbox 2154 2330 2458 2408; x_wconf 87' lang='lat' dir='ltr'>specimen</span> <span class='ocrx_word' id='word_1_157' title='bbox 2483 2328 2739 2406; x_wconf 78' lang='lat' dir='ltr'>insignis</span> <span class='ocrx_word' id='word_1_158' title='bbox 2761 2324 2862 2385; x_wconf 83' lang='lat' dir='ltr'>ille</span> 
     </span>
     <span class='ocr_line' id='line_1_20' title="bbox 759 2420 2860 2504; baseline 0 -21"><span class='ocrx_word' id='word_1_159' title='bbox 759 2424 1265 2504; x_wconf 83' lang='lat' dir='ltr'>jurisconsultus,</span> <span class='ocrx_word' id='word_1_160' title='bbox 1299 2439 1357 2482; x_wconf 77' lang='lat' dir='ltr'>ct</span> <span class='ocrx_word' id='word_1_161' title='bbox 1395 2424 1606 2504; x_wconf 57' lang='lat' dir='ltr'>patria}</span> <span class='ocrx_word' id='word_1_162' title='bbox 1644 2420 1844 2480; x_wconf 88' lang='lat' dir='ltr'>laudis</span> <span class='ocrx_word' id='word_1_163' title='bbox 1881 2423 2164 2504; x_wconf 89' lang='lat' dir='ltr'>publicus</span> <span class='ocrx_word' id='word_1_164' title='bbox 2203 2438 2484 2499; x_wconf 81' lang='lat' dir='ltr'>assertor,</span> <span class='ocrx_word' id='word_1_165' title='bbox 2520 2426 2626 2504; x_wconf 89' lang='lat' dir='ltr'>qui</span> <span class='ocrx_word' id='word_1_166' title='bbox 2662 2425 2860 2484; x_wconf 85' lang='lat' dir='ltr'>decla-</span> 
     </span>
     <span class='ocr_line' id='line_1_21' title="bbox 764 2520 2860 2608; baseline -0.001 -25"><span class='ocrx_word' id='word_1_167' title='bbox 764 2524 977 2583; x_wconf 86' lang='lat' dir='ltr'>mandi</span> <span class='ocrx_word' id='word_1_168' title='bbox 1001 2526 1275 2584; x_wconf 88' lang='lat' dir='ltr'>studium</span> <span class='ocrx_word' id='word_1_169' title='bbox 1299 2550 1331 2587; x_wconf 91' lang='lat' dir='ltr'>e</span> <span class='ocrx_word' id='word_1_170' title='bbox 1352 2526 1570 2587; x_wconf 79' lang='lat' dir='ltr'>Galliis</span> <span class='ocrx_word' id='word_1_171' title='bbox 1596 2529 1660 2584; x_wconf 92' lang='lat' dir='ltr'>in</span> <span class='ocrx_word' id='word_1_172' title='bbox 1689 2520 1926 2581; x_wconf 78' lang='lat' dir='ltr'>Urbem</span> <span class='ocrx_word' id='word_1_173' title='bbox 1953 2524 2249 2608; x_wconf 81' lang='lat' dir='ltr'>adscitum</span> <span class='ocrx_word' id='word_1_174' title='bbox 2275 2545 2429 2597; x_wconf 82' lang='lat' dir='ltr'>esse,</span> <span class='ocrx_word' id='word_1_175' title='bbox 2452 2537 2510 2580; x_wconf 88' lang='lat' dir='ltr'>ct</span> <span class='ocrx_word' id='word_1_176' title='bbox 2535 2521 2860 2604; x_wconf 85' lang='lat' dir='ltr'>plerosque</span> 
     </span>
     <span class='ocr_line' id='line_1_22' title="bbox 762 2617 2859 2704; baseline -0 -25"><span class='ocrx_word' id='word_1_177' title='bbox 762 2633 1035 2679; x_wconf 86' lang='lat' dir='ltr'>oratores</span> <span class='ocrx_word' id='word_1_178' title='bbox 1055 2621 1278 2680; x_wconf 80' lang='lat' dir='ltr'>forensi</span> <span class='ocrx_word' id='word_1_179' title='bbox 1297 2624 1497 2701; x_wconf 75' lang='lat' dir='ltr'>gloria</span> <span class='ocrx_word' id='word_1_180' title='bbox 1520 2625 1778 2704; x_wconf 57' lang='lat' dir='ltr'>inclytos</span> <span class='ocrx_word' id='word_1_181' title='bbox 1799 2643 1830 2680; x_wconf 85' lang='lat' dir='ltr'>e</span> <span class='ocrx_word' id='word_1_182' title='bbox 1846 2620 2044 2678; x_wconf 84' lang='lat' dir='ltr'>Gallia</span> <span class='ocrx_word' id='word_1_183' title='bbox 2068 2634 2272 2678; x_wconf 85' lang='lat' dir='ltr'>nostra</span> <span class='ocrx_word' id='word_1_184' title='bbox 2293 2620 2590 2678; x_wconf 86' lang='lat' dir='ltr'>oriundos</span> <span class='ocrx_word' id='word_1_185' title='bbox 2606 2617 2859 2678; x_wconf 88' lang='lat' dir='ltr'>abunde</span> 
     </span>
     <span class='ocr_line' id='line_1_23' title="bbox 764 2715 2858 2798; baseline 0.001 -24"><span class='ocrx_word' id='word_1_186' title='bbox 764 2718 1138 2778; x_wconf 84' lang='lat' dir='ltr'>demontrat.</span> <span class='ocrx_word' id='word_1_187' title='bbox 1186 2721 1385 2778; x_wconf 80' lang='lat' dir='ltr'>Altera</span> <span class='ocrx_word' id='word_1_188' title='bbox 1424 2735 1631 2780; x_wconf 89' lang='lat' dir='ltr'>autem</span> <span class='ocrx_word' id='word_1_189' title='bbox 1656 2766 1671 2795; x_wconf 90' lang='lat'>,</span> <span class='ocrx_word' id='word_1_190' title='bbox 1716 2741 1836 2798; x_wconf 88' lang='lat' dir='ltr'>qua</span> <span class='ocrx_word' id='word_1_191' title='bbox 1876 2719 2217 2777; x_wconf 89' lang='lat' dir='ltr'>uberrimos</span> <span class='ocrx_word' id='word_1_192' title='bbox 2256 2717 2617 2776; x_wconf 84' lang='lat' dir='ltr'>eruditionis</span> <span class='ocrx_word' id='word_1_193' title='bbox 2657 2715 2858 2776; x_wconf 87' lang='lat' dir='ltr'>fontes</span> 
     </span>
     <span class='ocr_line' id='line_1_24' title="bbox 764 2816 2857 2896; baseline 0 -22"><span class='ocrx_word' id='word_1_194' title='bbox 764 2836 903 2874; x_wconf 89' lang='lat' dir='ltr'>cum</span> <span class='ocrx_word' id='word_1_195' title='bbox 931 2831 1152 2896; x_wconf 84' lang='lat' dir='ltr'>nepotc</span> <span class='ocrx_word' id='word_1_196' title='bbox 1181 2822 1630 2896; x_wconf 88' lang='lat' dir='ltr'>communicat,</span> <span class='ocrx_word' id='word_1_197' title='bbox 1655 2819 2116 2884; x_wconf 84' lang='lat' dir='ltr'>solertissimam</span> <span class='ocrx_word' id='word_1_198' title='bbox 2141 2818 2214 2876; x_wconf 84' lang='lat' dir='ltr'>de</span> <span class='ocrx_word' id='word_1_199' title='bbox 2239 2832 2511 2874; x_wconf 82' lang='lat' dir='ltr'>veterum</span> <span class='ocrx_word' id='word_1_200' title='bbox 2541 2816 2857 2874; x_wconf 84' lang='lat' dir='ltr'>Declama-</span> 
     </span>
     <span class='ocr_line' id='line_1_25' title="bbox 761 2912 2858 3001; baseline 0.001 -32"><span class='ocrx_word' id='word_1_201' title='bbox 761 2912 1039 2971; x_wconf 85' lang='lat' dir='ltr'>tionibus</span> <span class='ocrx_word' id='word_1_202' title='bbox 1067 2915 1599 2994; x_wconf 75' lang='lat' dir='ltr'>investigationem</span> <span class='ocrx_word' id='word_1_203' title='bbox 1626 2920 2077 3001; x_wconf 82' lang='lat' dir='ltr'>complectitur,</span> <span class='ocrx_word' id='word_1_204' title='bbox 2103 2918 2270 2977; x_wconf 87' lang='lat' dir='ltr'>unde</span> <span class='ocrx_word' id='word_1_205' title='bbox 2303 2930 2541 2987; x_wconf 85' lang='lat' dir='ltr'>exacta,</span> <span class='ocrx_word' id='word_1_206' title='bbox 2566 2927 2623 2973; x_wconf 87' lang='lat' dir='ltr'>et</span> <span class='ocrx_word' id='word_1_207' title='bbox 2658 2935 2858 2994; x_wconf 89' lang='lat' dir='ltr'>quan-</span> 
     </span>
     <span class='ocr_line' id='line_1_26' title="bbox 764 3001 2857 3095; baseline 0.001 -29"><span class='ocrx_word' id='word_1_208' title='bbox 764 3023 897 3067; x_wconf 89' lang='lat' dir='ltr'>tum</span> <span class='ocrx_word' id='word_1_209' title='bbox 945 3010 1083 3068; x_wconf 87' lang='lat' dir='ltr'>licet</span> <span class='ocrx_word' id='word_1_210' title='bbox 1130 3012 1412 3071; x_wconf 83' lang='lat' dir='ltr'>absoluta</span> <span class='ocrx_word' id='word_1_211' title='bbox 1456 3012 1587 3074; x_wconf 73' lang='lat' dir='ltr'>hmo</span> <span class='ocrx_word' id='word_1_212' title='bbox 1633 3018 1929 3076; x_wconf 80' lang='lat' dir='ltr'>doctrinae</span> <span class='ocrx_word' id='word_1_213' title='bbox 1978 3035 2306 3095; x_wconf 79' lang='lat' dir='ltr'>compages</span> <span class='ocrx_word' id='word_1_214' title='bbox 2330 3057 2345 3086; x_wconf 93' lang='lat'>,</span> <span class='ocrx_word' id='word_1_215' title='bbox 2397 3011 2595 3070; x_wconf 88' lang='lat' dir='ltr'>multo</span> <span class='ocrx_word' id='word_1_216' title='bbox 2642 3001 2857 3069; x_wconf 82' lang='lat' dir='ltr'>labore</span> 
     </span>
     <span class='ocr_line' id='line_1_27' title="bbox 762 3109 2858 3194; baseline 0.001 -30"><span class='ocrx_word' id='word_1_217' title='bbox 762 3124 1143 3188; x_wconf 79' lang='lat' dir='ltr'>comparata,</span> <span class='ocrx_word' id='word_1_218' title='bbox 1173 3124 1231 3168; x_wconf 89' lang='lat' dir='ltr'>et</span> <span class='ocrx_word' id='word_1_219' title='bbox 1248 3109 1465 3188; x_wconf 90' lang='lat' dir='ltr'>judicii</span> <span class='ocrx_word' id='word_1_220' title='bbox 1499 3118 1804 3194; x_wconf 80' lang='lat' dir='ltr'>exquisito</span> <span class='ocrx_word' id='word_1_221' title='bbox 1838 3116 2125 3174; x_wconf 84' lang='lat' dir='ltr'>acumine</span> <span class='ocrx_word' id='word_1_222' title='bbox 2148 3114 2408 3192; x_wconf 76' lang='lat' dir='ltr'>digesta,</span> <span class='ocrx_word' id='word_1_223' title='bbox 2433 3132 2502 3168; x_wconf 84' lang='lat' dir='ltr'>ex</span> <span class='ocrx_word' id='word_1_224' title='bbox 2528 3110 2858 3189; x_wconf 86' lang='lat' dir='ltr'>antiquita-</span> 
     </span>
     <span class='ocr_line' id='line_1_28' title="bbox 762 3205 2044 3288; baseline 0.007 -25"><span class='ocrx_word' id='word_1_225' title='bbox 762 3207 837 3264; x_wconf 86' lang='lat' dir='ltr'>tis</span> <span class='ocrx_word' id='word_1_226' title='bbox 864 3205 1108 3266; x_wconf 83' lang='lat' dir='ltr'>latebris</span> <span class='ocrx_word' id='word_1_227' title='bbox 1128 3220 1186 3266; x_wconf 90' lang='lat' dir='ltr'>et</span> <span class='ocrx_word' id='word_1_228' title='bbox 1211 3212 1385 3288; x_wconf 85' lang='lat' dir='ltr'>quasi</span> <span class='ocrx_word' id='word_1_229' title='bbox 1417 3211 1741 3272; x_wconf 82' lang='lat' dir='ltr'>ruderibus</span> <span class='ocrx_word' id='word_1_230' title='bbox 1769 3213 2044 3273; x_wconf 85' lang='lat' dir='ltr'>eruitur?</span> 
     </span>
    </p>

    <p class='ocr_par' dir='ltr' id='par_1_3' title="bbox 759 3302 2855 3971">
     <span class='ocr_line' id='line_1_29' title="bbox 841 3302 2852 3391; baseline 0.002 -31"><span class='ocrx_word' id='word_1_231' title='bbox 841 3302 1156 3362; x_wconf 90' lang='lat' dir='ltr'>Nonnulla</span> <span class='ocrx_word' id='word_1_232' title='bbox 1187 3306 1439 3385; x_wconf 85' lang='lat' dir='ltr'>quidem</span> <span class='ocrx_word' id='word_1_233' title='bbox 1469 3307 1563 3367; x_wconf 90' lang='lat' dir='ltr'>his</span> <span class='ocrx_word' id='word_1_234' title='bbox 1596 3309 1858 3389; x_wconf 83' lang='lat' dir='ltr'>adjicere</span> <span class='ocrx_word' id='word_1_235' title='bbox 1887 3333 2234 3391; x_wconf 85' lang='lat' dir='ltr'>possemus,</span> <span class='ocrx_word' id='word_1_236' title='bbox 2262 3324 2321 3368; x_wconf 86' lang='lat' dir='ltr'>et</span> <span class='ocrx_word' id='word_1_237' title='bbox 2347 3311 2422 3369; x_wconf 89' lang='lat' dir='ltr'>de</span> <span class='ocrx_word' id='word_1_238' title='bbox 2453 3330 2595 3368; x_wconf 86' lang='lat' dir='ltr'>vero</span> <span class='ocrx_word' id='word_1_239' title='bbox 2623 3307 2852 3365; x_wconf 86' lang='lat' dir='ltr'>harum</span> 
     </span>
     <span class='ocr_line' id='line_1_30' title="bbox 764 3396 2852 3484; baseline 0.003 -30"><span class='ocrx_word' id='word_1_240' title='bbox 764 3396 1295 3457; x_wconf 83' lang='lat' dir='ltr'>Declamationum</span> <span class='ocrx_word' id='word_1_241' title='bbox 1330 3416 1577 3461; x_wconf 87' lang='lat' dir='ltr'>auctore</span> <span class='ocrx_word' id='word_1_242' title='bbox 1611 3406 2013 3483; x_wconf 71' lang='lat' dir='ltr'>quaestionem</span> <span class='ocrx_word' id='word_1_243' title='bbox 2048 3407 2306 3484; x_wconf 81' lang='lat' dir='ltr'>agitare,</span> <span class='ocrx_word' id='word_1_244' title='bbox 2335 3426 2472 3484; x_wconf 81' lang='lat' dir='ltr'>quae</span> <span class='ocrx_word' id='word_1_245' title='bbox 2511 3418 2598 3463; x_wconf 90' lang='lat' dir='ltr'>tot</span> <span class='ocrx_word' id='word_1_246' title='bbox 2632 3418 2689 3462; x_wconf 89' lang='lat' dir='ltr'>et</span> <span class='ocrx_word' id='word_1_247' title='bbox 2720 3417 2852 3461; x_wconf 86' lang='lat' dir='ltr'>tam</span> 
     </span>
     <span class='ocr_line' id='line_1_31' title="bbox 760 3492 2855 3582; baseline 0.004 -32"><span class='ocrx_word' id='word_1_248' title='bbox 760 3492 1012 3552; x_wconf 87' lang='lat' dir='ltr'>diversis</span> <span class='ocrx_word' id='word_1_249' title='bbox 1043 3496 1413 3576; x_wconf 89' lang='lat' dir='ltr'>scriptorum</span> <span class='ocrx_word' id='word_1_250' title='bbox 1444 3499 1751 3558; x_wconf 87' lang='lat' dir='ltr'>nobilium</span> <span class='ocrx_word' id='word_1_251' title='bbox 1780 3501 2188 3582; x_wconf 90' lang='lat' dir='ltr'>opinionibus</span> <span class='ocrx_word' id='word_1_252' title='bbox 2215 3517 2447 3561; x_wconf 84' lang='lat' dir='ltr'>versata</span> <span class='ocrx_word' id='word_1_253' title='bbox 2473 3523 2639 3562; x_wconf 89' lang='lat' dir='ltr'>nunc</span> <span class='ocrx_word' id='word_1_254' title='bbox 2665 3502 2855 3559; x_wconf 85' lang='lat' dir='ltr'>etiam</span> 
     </span>
     <span class='ocr_line' id='line_1_32' title="bbox 761 3591 2853 3680; baseline 0.003 -30"><span class='ocrx_word' id='word_1_255' title='bbox 761 3591 1050 3650; x_wconf 82' lang='lat' dir='ltr'>fluctuat:</span> <span class='ocrx_word' id='word_1_256' title='bbox 1098 3607 1159 3651; x_wconf 89' lang='lat' dir='ltr'>at</span> <span class='ocrx_word' id='word_1_257' title='bbox 1202 3608 1611 3675; x_wconf 64' lang='lat' dir='ltr'>praeterquam</span> <span class='ocrx_word' id='word_1_258' title='bbox 1653 3599 1823 3678; x_wconf 89' lang='lat' dir='ltr'>quod</span> <span class='ocrx_word' id='word_1_259' title='bbox 1871 3621 1979 3680; x_wconf 88' lang='lat' dir='ltr'>per</span> <span class='ocrx_word' id='word_1_260' title='bbox 2022 3621 2134 3658; x_wconf 86' lang='lat' dir='ltr'>nos</span> <span class='ocrx_word' id='word_1_261' title='bbox 2181 3600 2437 3659; x_wconf 84' lang='lat' dir='ltr'>minime</span> <span class='ocrx_word' id='word_1_262' title='bbox 2484 3612 2599 3657; x_wconf 81' lang='lat' dir='ltr'>stat</span> <span class='ocrx_word' id='word_1_263' title='bbox 2647 3611 2853 3657; x_wconf 86' lang='lat' dir='ltr'>tantas</span> 
     </span>
     <span class='ocr_line' id='line_1_33' title="bbox 760 3690 2851 3776; baseline 0.005 -32"><span class='ocrx_word' id='word_1_264' title='bbox 760 3708 1130 3768; x_wconf 83' lang='lat' dir='ltr'>componere</span> <span class='ocrx_word' id='word_1_265' title='bbox 1155 3690 1318 3766; x_wconf 85' lang='lat' dir='ltr'>lites,</span> <span class='ocrx_word' id='word_1_266' title='bbox 1346 3691 1476 3752; x_wconf 81' lang='lat' dir='ltr'>haec</span> <span class='ocrx_word' id='word_1_267' title='bbox 1505 3696 1648 3754; x_wconf 88' lang='lat' dir='ltr'>satis</span> <span class='ocrx_word' id='word_1_268' title='bbox 1677 3717 1801 3754; x_wconf 85' lang='lat' dir='ltr'>esse</span> <span class='ocrx_word' id='word_1_269' title='bbox 1818 3740 1833 3770; x_wconf 94' lang='lat'>,</span> <span class='ocrx_word' id='word_1_270' title='bbox 1861 3697 2085 3776; x_wconf 87' lang='lat' dir='ltr'>quibus</span> <span class='ocrx_word' id='word_1_271' title='bbox 2110 3719 2284 3756; x_wconf 85' lang='lat' dir='ltr'>suam</span> <span class='ocrx_word' id='word_1_272' title='bbox 2308 3697 2474 3756; x_wconf 91' lang='lat' dir='ltr'>ultro</span> <span class='ocrx_word' id='word_1_273' title='bbox 2499 3696 2692 3756; x_wconf 83' lang='lat' dir='ltr'>lector</span> <span class='ocrx_word' id='word_1_274' title='bbox 2714 3718 2851 3755; x_wconf 88' lang='lat' dir='ltr'>sen-</span> 
     </span>
     <span class='ocr_line' id='line_1_34' title="bbox 761 3787 2855 3877; baseline 0.005 -34"><span class='ocrx_word' id='word_1_275' title='bbox 761 3788 1017 3845; x_wconf 87' lang='lat' dir='ltr'>tentiam</span> <span class='ocrx_word' id='word_1_276' title='bbox 1045 3787 1349 3860; x_wconf 87' lang='lat' dir='ltr'>firmaret‚</span> <span class='ocrx_word' id='word_1_277' title='bbox 1386 3793 1898 3868; x_wconf 80' lang='lat' dir='ltr'>existimavimus3</span> <span class='ocrx_word' id='word_1_278' title='bbox 1938 3796 2002 3853; x_wconf 91' lang='lat' dir='ltr'>in</span> <span class='ocrx_word' id='word_1_279' title='bbox 2038 3817 2163 3876; x_wconf 92' lang='lat' dir='ltr'>quo</span> <span class='ocrx_word' id='word_1_280' title='bbox 2197 3794 2466 3875; x_wconf 79' lang='lat' dir='ltr'>benigne</span> <span class='ocrx_word' id='word_1_281' title='bbox 2492 3793 2855 3877; x_wconf 85' lang='lat' dir='ltr'>accipiendo</span> 
     </span>
     <span class='ocr_line' id='line_1_35' title="bbox 759 3881 1892 3971; baseline 0.008 -33"><span class='ocrx_word' id='word_1_282' title='bbox 759 3881 954 3942; x_wconf 87' lang='lat' dir='ltr'>facilis</span> <span class='ocrx_word' id='word_1_283' title='bbox 992 3886 1117 3964; x_wconf 88' lang='lat' dir='ltr'>ipse</span> <span class='ocrx_word' id='word_1_284' title='bbox 1151 3888 1517 3966; x_wconf 85' lang='lat' dir='ltr'>acquiescat,</span> <span class='ocrx_word' id='word_1_285' title='bbox 1552 3912 1892 3971; x_wconf 87' lang='lat' dir='ltr'>precamur.</span> 
     </span>
    </p>
   </div>
   <div class='ocr_carea' id='block_1_3' title="bbox 2184 4009 2443 4067">
    <p class='ocr_par' dir='ltr' id='par_1_4' title="bbox 2184 4009 2443 4067">
     <span class='ocr_line' id='line_1_36' title="bbox 2184 4009 2443 4067; baseline 0.015 -5"><span class='ocrx_word' id='word_1_286' title='bbox 2184 4010 2239 4066; x_wconf 82' lang='lat' dir='ltr'>J.</span> <span class='ocrx_word' id='word_1_287' title='bbox 2276 4009 2330 4066; x_wconf 84' lang='lat' dir='ltr'>J.</span> <span class='ocrx_word' id='word_1_288' title='bbox 2369 4010 2443 4067; x_wconf 90' lang='lat' dir='ltr'>D.</span> 
     </span>
    </p>
   </div>
   <div class='ocr_carea' id='block_1_4' title="bbox 3190 2496 3198 3068">
    <p class='ocr_par' dir='ltr' id='par_1_5' title="bbox 3190 2496 3198 3068">
     <span class='ocr_line' id='line_1_37' title="bbox 3190 2496 3198 3068; baseline 0 0"><span class='ocrx_word' id='word_1_289' title='bbox 3190 2496 3198 3068; x_wconf 95' lang='lat' dir='ltr'> </span> 
     </span>
    </p>
   </div>
  </div>
 </body>
</html>
