3200 5117
703 561 1121 627 DECLAM.
1169 559 1248 622 V.
1300 558 1578 622 AEGER
1625 557 2232 626 REDEMPTUS.
2393 580 2498 621 121

434 683 876 756 redemissem
896 738 914 771 ‚
942 683 1063 781 qui
1092 682 1280 780 prior
1305 680 1637 779 languere
1668 680 2011 778 coepisset:
2045 681 2102 752 si
2133 682 2308 752 duos
2332 680 2516 779 pari-

432 822 533 872 ter
559 799 919 898 naufragia
953 817 1304 896 raperent,
1341 796 1443 869 illi
1478 798 1896 895 porrigerem
1931 824 2224 870 manum
2247 853 2266 886 ,
2302 822 2512 892 quem

423 915 574 1016 jam
598 913 1080 985 membrorum
1106 912 1543 984 contentione
1562 910 1888 982 lassatum
1910 909 2155 983 fluctus
2173 908 2479 981 hauriret
2494 966 2513 997 ,

433 1028 488 1101 si
515 1027 921 1102 vulneribus
949 1028 1290 1099 confectos
1317 1025 1683 1097 remisisset
1707 1025 1884 1098 acies
1901 1081 1921 1116 ‚
1947 1024 2429 1124 properantius
2451 1023 2515 1094 ei

433 1143 822 1215 clauderem
840 1142 1082 1241 plagas
1099 1197 1118 1230 ,
1141 1168 1263 1238 per
1282 1166 1453 1237 quos
1473 1140 1789 1212 animam
1804 1139 2056 1238 largior
2070 1138 2352 1239 sanguis
2373 1163 2517 1235 ege·

434 1279 629 1331 reret.
659 1257 993 1355 Ignoscite
1017 1312 1036 1345 ,
1069 1256 1166 1327 dii
1186 1257 1437 1354 pariter
1454 1277 1658 1355 atque
1677 1256 2031 1343 homines;
2064 1281 2205 1328 non
2232 1278 2514 1353 possum

436 1373 521 1445 de
538 1373 767 1445 liberis
784 1430 803 1463 ‚
826 1398 1111 1470 possum
1131 1372 1380 1471 eligere
1401 1372 1487 1443 de
1503 1372 1771 1444 miseris
1797 1399 1811 1444 :
1833 1373 2081 1472 gratias
2101 1371 2273 1470 quin
2295 1371 2515 1442 immo

403 1476 406 1480 ’
434 1490 725 1559 fortunae
739 1544 758 1578 ‚
779 1486 1031 1588 gratias
1051 1513 1181 1587 ago
1198 1544 1217 1578 ‚
1238 1489 1428 1587 quod
1449 1487 1676 1560 adhuc
1700 1516 1873 1588 aeger
1890 1488 2095 1562 sentit
2113 1546 2134 1579 ‚
2156 1487 2226 1558 in
2237 1484 2512 1584 telligit:

436 1603 697 1701 alioqui
716 1601 1005 1676 cadaver
1028 1628 1421 1703 acceperam
1441 1661 1460 1694 ‚
1488 1624 1554 1675 et
1574 1605 1788 1702 pretia
1813 1603 2109 1676 duorum
2128 1628 2251 1702 pro
2276 1602 2517 1672 funere

436 1737 706 1789 tantum
727 1718 1208 1817 supremisque
1227 1718 1691 1817 persolveram
1711 1734 1729 1765 ¹
1743 1775 1757 1789 .
1779 1720 2014 1792 Nescis
2033 1736 2374 1817 quantum
2394 1741 2517 1813 pu·

436 1830 623 1920 dori,
657 1852 1002 1929 quantum
1030 1831 1305 1932 adjiciat
1334 1833 1699 1904 affectibus
1730 1833 1902 1904 meis
1936 1834 2112 1905 inter
2133 1852 2281 1902 tam
2305 1829 2520 1926 impa-

436 1971 542 2018 res
572 1967 834 2045 aequata
867 1947 1208 2020 conditio:
1250 1974 1463 2047 aeger,
1497 1949 1619 2047 qui
1656 1947 2091 2020 tantumdem
2121 1967 2217 2017 est
2243 1941 2474 2043 piratis
2497 1999 2515 2030 ,

437 2059 591 2160 plus
610 2081 709 2133 est
731 2061 928 2161 pat'ri.
948 2061 1142 2136 Velis
1161 2083 1393 2135 tamen
1409 2063 1659 2155 ,'nolis,
1685 2051 1924 2136 infelix
1943 2079 2258 2134 senectus
2275 2115 2295 2148 ,
2315 2060 2521 2130 faten-

439 2176 612 2248 dum
642 2197 742 2248 est
769 2176 957 2273 quod
999 2177 1245 2249 merito
1279 2178 1469 2276 quod
1502 2205 1781 2251 summa
1820 2178 2070 2276 pietate
2092 2177 2350 2248 factum
2384 2192 2518 2260 est,
2545 2269 2550 2274 Ι

439 2319 651 2390 quam
686 2291 972 2367 difficile
1010 2294 1402 2367 fecerimus.
1434 2296 1609 2385 Quae
1638 2314 1803 2366 tune
1831 2292 2010 2364 mihi
2036 2289 2477 2391 cogitationes
2498 2343 2518 2375 ‚

441 2407 597 2514 quis
613 2408 941 2507 temporis
956 2407 1145 2479 illius
1160 2409 1441 2480 animus
1459 2410 1594 2480 fuit
1611 2466 1629 2498 ,
1651 2436 1873 2505 quum
1896 2407 2071 2479 inter
2086 2405 2259 2477 duos
2273 2403 2520 2475 liberos

440 2521 696 2593 incerta
710 2521 934 2595 miser
970 2522 1303 2596 electione
1344 2522 1842 2596 discurrerem?
1885 2522 2075 2594 hunc
2113 2520 2375 2591 diutius
2420 2544 2522 2589 os-

446 2633 747 2724 culabar,
774 2635 978 2708 illurn
993 2637 1333 2735 putabam
1350 2638 1825 2737 desperatione
1848 2637 2271 2711 moriturum
2297 2662 2311 2705 ε
2335 2631 2523 2705 lacri-

447 2775 594 2820 mas
614 2748 699 2821 ad
720 2750 1164 2850 languentem
1184 2753 1622 2852 gemitusque
1639 2753 2115 2826 transtuleram
2135 2782 2153 2841 ;
2172 2771 2235 2822 et
2250 2771 2326 2821 tu
2342 2748 2521 2819 mihi

444 2861 784 2938 videbaris
818 2866 1089 2943 futurus
1132 2894 1326 2967 aeger.
1365 2868 1658 2959 Quoties
1690 2888 1961 2939 catenas
1988 2889 2136 2939 tuas
2178 2859 2522 2937 solu'turus

446 2977 705 3051 invasi?
728 2979 844 3051 sed
869 2981 1047 3053 mihi
1071 2982 1605 3055 commendabat
1623 2982 1937 3056 relictum
1957 3038 1975 3071 ,
2006 2978 2194 3077 quod
2213 2992 2240 3023 ²
2271 2999 2333 3047 te
2353 3002 2526 3076 prae-

446 3093 752 3168 tulissem
780 3123 794 3167 :
837 3124 1062 3193 quam
1089 3099 1483 3197 frequenter
1515 3099 1666 3199 jam
1708 3098 1930 3169 laxata
1964 3095 2216 3167 misero
2249 3091 2524 3164 vincula

446 3234 680 3282 rursus
714 3211 1059 3310 imposui,
1093 3213 1268 3284 dum
1309 3212 1487 3283 mihi
1534 3234 1652 3284 tua
1693 3212 1921 3311 potius
1966 3210 2219 3281 sanitas
2257 3205 2526 3307 placet?

448 3323 895 3398 Dissimulare
924 3352 1068 3430 non
1099 3353 1381 3427 possum
1406 3326 1819 3399 conditionis
1849 3324 2032 3398 illius
2065 3344 2349 3395 secretas
2383 3320 2526 3394 dif-

451 3438 817 3512 ficultates:
855 3441 1105 3513 redimi
1141 3441 1435 3513 debebat
1462 3468 1658 3541 aeger,
1692 3468 1819 3540 ego
1851 3461 1915 3512 te
1943 3439 2281 3510 volebam.

436 3649 441 3652 .
527 3553 731 3648 XIX.
780 3557 1042 3626 Ponere
1084 3581 1201 3626 vos
1219 3612 1238 3646 ‚
1272 3555 1574 3656 judices,
1623 3555 1807 3626 velut
1843 3554 1915 3625 in
1959 3553 2076 3625 illa
2108 3550 2525 3624 necessitatis

454 3694 620 3742 meae
667 3670 1025 3768 praesentia
1053 3669 1242 3741 volo:
1284 3696 1476 3759 ecce,
1514 3670 1751 3744 infelix
1785 3669 1870 3741 ad
1909 3670 2219 3770 primum
2252 3666 2527 3766 adspec-

454 3802 602 3853 tum
661 3783 873 3880 patris
924 3805 1207 3856 conatus
1262 3810 1608 3883 assurgere
1637 3841 1655 3876 ,
1715 3783 1864 3855 illas
1927 3784 2257 3883 pallentes
2311 3780 2528 3853 sordi-

532 3966 549 4001 ι
561 3989 573 4000 .
590 3951 961 4023 Acceperam...
974 3953 1341 4024 persolveram3
1353 3973 1449 4026 pro
1530 3955 1700 4025 Hujus
1717 3955 1984 4006 sententie
2000 3951 2394 4005 subtilissimum
2413 3966 2531 4000 acu·

454 4029 772 4100 accepissem,
788 4029 1154 4102 persolvissent,
1173 4033 1317 4104 quod
1332 4052 1450 4084 mu·
1531 4051 1685 4099 men,
1719 4051 1824 4103 qua
1858 4030 2263 4083 commendabat
2292 4028 2531 4080 relictum

454 4107 669 4159 tationis
704 4126 870 4178 genus
906 4109 1027 4180 plus
1061 4128 1218 4182 quam
1255 4113 1452 4163 centies
1532 4111 1696 4163 filium
1717 4111 1905 4164 electio
1925 4112 2224 4176 fratris‚ita
2238 4122 2296 4160 ut
2310 4104 2528 4159 vividius

454 4186 600 4258 apud
623 4202 824 4240 veteres
849 4190 1095 4240 occurrit.
1121 4192 1212 4241 En.
1532 4202 1761 4262 nequeat
1780 4188 1993 4260 depingi
2007 4190 2181 4240 miseri
2199 4187 2363 4259 patris
2382 4202 2530 4236 mens

520 4266 1246 4346 2.Commendabatrelictum‚
1257 4265 1449 4339 quod...
1534 4265 1677 4318 ultro
1702 4269 1941 4338 citroque
1964 4267 2230 4319 distracta.
2256 4267 2346 4316 En.
