3200 5117
608 567 878 631 DECL.
927 566 1048 629 Vl.
1097 562 1572 631 CORPORIS
1619 563 2105 629 PROJECTI.
2281 573 2395 654 147

328 715 588 762 nomen
614 689 809 761 omni
832 688 982 786 lege
1008 686 1234 787 majus
1258 706 1380 757 est.
1407 683 1759 757 Tribunos
1778 684 2217 779 deducimuS,
2240 715 2404 761 can-

328 805 595 877 didatos
626 805 914 876 ferimus
933 831 947 874 :
965 803 1085 905 jus
1106 802 1307 874 nobis
1323 800 1816 907 vittenecisque
1840 829 2245 876 concessum
2277 826 2398 877 est.

329 921 401 993 Si
430 946 573 991 non
600 919 840 992 fecerit
879 917 1068 1016 quod
1096 916 1351 1017 jubeo,
1389 942 1535 987 non
1571 915 1876 989 deferam
1919 917 2125 991 illum
2167 918 2255 991 ad
2290 945 2404 991 se-

333 1035 731 1135 pulturam:
777 1057 1053 1105 necesse
1094 1030 1340 1101 habuit
1383 1055 1658 1128 parere:
1707 1057 1847 1102 non
1897 1031 2233 1122 deseruit,
2284 1034 2405 1106 sed

328 1149 677 1221 abductus
705 1168 839 1218 est:
869 1145 1101 1232 crede,
1132 1171 1275 1220 non
1304 1164 1713 1243 contemptu
1737 1146 1840 1217 tui
1868 1147 2157 1219 venitin
2188 1175 2409 1221 carce-

328 1290 481 1336 rem

430 1380 586 1448 XV.
636 1378 789 1447 Sint
824 1401 988 1447 sane
1022 1374 1184 1474 jura
1217 1373 1452 1471 paria,
1493 1373 1858 1474 sedeatque
1897 1377 2175 1449 medius
2229 1377 2411 1454 inter

334 1495 512 1566 duos
531 1492 787 1595 judex:
823 1517 967 1563 non
1005 1489 1421 1592 comparabo
1464 1514 1820 1587 personas,
1861 1493 2178 1591 quamvis
2217 1492 2411 1591 apud

330 1634 580 1681 omnes
612 1627 845 1705 gentes
878 1605 1032 1705 plus
1061 1605 1238 1706 juris
1280 1602 1532 1677 habeat
1563 1611 1796 1703 pater:
1840 1606 1926 1679 sit
1960 1633 2122 1678 sane
2164 1629 2412 1680 natura

330 1722 766 1809 communis,
792 1747 941 1793 non
969 1719 1335 1819 imputabo
1363 1718 1559 1818 quod
1586 1745 1849 1792 nomen
1880 1720 2074 1810 dedi,
2099 1721 2290 1820 quod
2315 1724 2413 1793 fa·

335 1833 604 1910 miliam
618 1892 640 1925 ‚
663 1833 855 1933 quod
874 1833 1227 1933 impensas
1245 1890 1262 1922 ,
1286 1832 1476 1931 quod
1491 1832 1664 1908 dum
1682 1834 1784 1905 illi
1799 1833 2084 1932 acquiro
2107 1849 2125 1880 ¹
2137 1891 2156 1925 ,
2173 1855 2413 1933 captus

332 1975 532 2021 sum:
561 1975 705 2020 non
730 1947 1175 2045 indulgentiae
1194 1946 1565 2024 discrimen
1590 1948 1930 2022 excutiam
1947 2003 1966 2035 ,
1992 1948 2079 2020 de
2109 1974 2246 2047 qua
2263 1948 2414 2049 jam

338 2064 451 2137 lite
484 2090 891 2137 concessum
933 2083 1050 2135 est.
1092 2063 1383 2135 Fuerint
1413 2061 1702 2160 quidem
1739 2061 1864 2134 ista
1903 2063 2261 2152 facienda3
2294 2065 2417 2135 sed

338 2204 467 2277 ego
494 2179 611 2279 jus
641 2205 882 2250 meum
912 2177 1256 2276 reprimo:
1295 2176 1474 2249 inter
1503 2175 1679 2248 ditos
1703 2199 2024 2274 parentes
2062 2204 2280 2251 caecus
2305 2179 2415 2251 αξξ

336 2292 553 2364 fectus
585 2313 724 2365 est:
763 2292 1067 2364 exorabit
1094 2292 1215 2391 qui
1248 2292 1435 2390 prior
1466 2291 1826 2389 rogaverit.
1857 2293 2206 2391 Tempore
2240 2316 2417 2368 certe

338 2406 581 2479 vinco:
617 2427 775 2479 ante
804 2406 1010 2479 miser
1032 2432 1185 2478 ,esse
1212 2405 1425 2505 coepi:
1463 2426 1541 2477 tu
1584 2404 1816 2477 adhuc
1846 2404 2110 2505 integra
2146 2433 2253 2500 ee,
2288 2435 2417 2509 ego

326 2518 481 2620 jam
524 2520 841 2618 alligatus
882 2546 1079 2592 sum:
1125 2540 1209 2592 tu
1247 2545 1411 2591 sana
1454 2519 1528 2589 in
1576 2519 1823 2609 domo,
1866 2546 1994 2619 ego
2038 2521 2177 2620 jam
2221 2547 2420 2622 poene

338 2634 715 2708 defunctus
746 2635 820 2705 in
849 2659 1151 2706 carcere:
1180 2631 1310 2705 tibi
1336 2631 1564 2703 a'dhuc
1593 2658 1737 2705 non
1762 2659 1937 2730 opus
1966 2655 2066 2705 est
2089 2634 2264 2727 filio,
2291 2664 2419 2736 ego

330 2751 483 2851 jam
518 2776 681 2848 rogo
704 2778 720 2821 ε
747 2777 1000 2848 nempe
1026 2747 1372 2820 calamitas
1406 2768 1531 2820 tua
1549 2768 1713 2821 nata
1740 2768 1840 2821 est
1866 2770 2018 2846 post
2050 2751 2418 2849 epistolam

341 2891 615 2952 meam;
658 2863 794 2936 nisi
834 2884 898 2936 te
940 2863 1225 2936 flentem
1266 2860 1601 2934 consolari
1643 2861 1826 2934 filius
1866 2863 2220 2951 voluisset,
2263 2887 2419 2938 ante

341 2978 716 3050 caecitatem
741 2998 933 3050 tuam
967 2978 1238 3050 exisset:
1266 2976 1409 3048 noli
1441 2976 1712 3067 mirari,
1739 2976 1797 3047 si
1828 2997 1893 3047 te
1923 2977 2136 3074 gratia
2176 2978 2376 3050 vinco
2403 3009 2418 3050 z

341 3112 503 3164 ante
547 3093 863 3178 exoravi?
902 3088 1165 3184 filinm,
1207 3117 1423 3191 quam
1468 3112 1545 3164 tu
1593 3116 1886 3191 rogares.
1935 3091 2005 3162 Si
2051 3092 2424 3191 quisquam

345 3206 760 3305 figuratione
774 3208 1077 3307 quadam
1096 3207 1168 3279 in
1185 3208 1312 3279 hac
1332 3205 1682 3280 malorum
1704 3205 2097 3282 conditione
2108 3206 2425 3307 judicem

344 3340 599 3419 ponat,
633 3322 951 3412 fortuna,
990 3348 1220 3421 quaeso
1243 3378 1263 3413 ‚
1297 3320 1508 3411 absit,
1552 3319 1755 3421 cujus
1790 3339 1981 3392 tanta
2015 3316 2046 3365 ⁸
2067 3318 2421 3394 calamitas

424 3556 469 3591 ι.
507 3539 746 3613 Λοφιὶω.
785 3542 1044 3596 Absolute
1078 3546 1310 3615 positum
1325 3581 1344 3610 ‚
1492 3545 1541 3596 3.
1568 3545 1722 3614 Cujus
1742 3553 1891 3596 tanta
1908 3540 2192 3599 calamitas.
2214 3542 2423 3613 Malim,

344 3617 413 3674 de
438 3636 545 3690 quo
569 3620 685 3673 vide
708 3619 776 3672 ad
796 3623 964 3674 Instit.
989 3619 1080 3674 lib.
1106 3624 1156 3687 1,
1183 3640 1231 3674 0.
1263 3640 1341 3676 12.
1423 3627 1569 3697 cujus
1598 3625 1846 3698 juvanda
1892 3624 2176 3678 calumnas.
2224 3625 2426 3679 Malum

418 3718 469 3753 2.
505 3700 642 3753 Ante
679 3703 887 3756 exoravi
912 3701 1115 3775 filium.
1150 3706 1346 3756 Nonne
1425 3705 2423 3777 enimomendepreontur.Scuum·.Ego

344 3791 497 3851 pater
514 3776 630 3830 boc
663 3778 784 3832 loco
817 3781 873 3832 in
899 3800 1111 3834 sensnm
1138 3796 1348 3834 contra·
1426 3785 1569 3839 bunc
1593 3804 1806 3840 sensum
1829 3807 1942 3841 esse
1967 3801 2125 3859 puto,
2146 3806 2201 3840 se
2222 3788 2427 3841 nullum

345 3859 481 3908 rium
503 3857 718 3925 incidit,
736 3860 781 3911 oi
800 3857 867 3911 ad
885 3860 1230 3930 procedentia
1249 3879 1346 3914 nos
1418 3867 1653 3938 judicem
1671 3907 1688 3935 ‚
1732 3887 1892 3939 quem
1932 3872 2050 3941 quis
2091 3870 2286 3940 fingere
2327 3870 2427 3923 sibi

346 3938 666 4006 referamus,
696 3942 893 4011 quippe
920 3942 1013 4012 qui
1038 3960 1147 3994 non
1180 3941 1346 3995 filium
1426 3951 2425 4021 potest,accume‚praeterfortnnam,

347 4023 670 4088 exoraverit,
697 4035 757 4073 ut
784 4033 1000 4092 paterna
1025 4022 1234 4073 vincula
1263 4041 1349 4075 as·-
1429 4048 1542 4102 φη
1582 4043 1782 4083 tantam
1825 4030 2178 4083 calamitatem
2214 4033 2426 4084 invexit.

349 4117 614 4170 sumeret,
645 4117 832 4156 contra
866 4106 948 4155 vix
978 4103 1225 4174 precibus
1258 4104 1350 4156 filii
1426 4112 1607 4162 Posset
1626 4113 1784 4162 etiam
1806 4110 1936 4181 legi:
1967 4132 1990 4156 α
2011 4111 2426 4176 Βοηυηειᾞὶηἰῑ,

350 4202 406 4238 se
437 4183 577 4237 ultro
610 4186 881 4237 offerentis
907 4187 1105 4249 victum
1129 4187 1232 4237 nisi
1253 4187 1345 4238 int.
1433 4209 1456 4233 α
1475 4190 1626 4258 cnjus
1665 4191 1717 4240 vi
1755 4201 1902 4241 tanta
1947 4188 2214 4241 calamitas
2258 4191 2373 4240 fuit.
2395 4211 2419 4238 a·

348 4263 580 4337 metaph.
606 4267 830 4319 carceris
853 4267 1228 4320 exorationem.
1253 4266 1345 4321 Eu.
1428 4266 1552 4321 Vult
1575 4287 1700 4338 ergo
1724 4287 1834 4321 non
1857 4283 1996 4322 sorte
2020 4284 2112 4322 aut
2135 4281 2322 4323 eventu
2342 4271 2428 4337 ju·

2062 4372 2140 4407 ιο.
