3200 5117
14 4067 23 4686 —-——-—-—-r-2⁴-⁴*-——-—-ffi.-.
14 3967 17 4050 ffi4„-„

770 586 851 650 32
1268 586 1359 651 M.
1407 585 1656 649 FABII
1702 580 2336 667 QU1NT1L1AN1

768 707 948 780 boris
983 730 1246 780 tanturn
1269 766 1287 798 ‚
1317 708 1502 779 unde
1524 708 1683 779 vitia
1711 705 2053 777 mentium
2085 704 2394 791 vincant,
2431 701 2845 799 plerumque

767 823 1038 894 facinus
1067 823 1461 894 infirmitate
1488 823 1806 893 fecerant.
1834 823 2015 891 Sane
2048 840 2279 889 tamen
2311 817 2440 887 illis
2475 813 2844 886 sceleribus

767 941 1079 1010 sufficere
1114 967 1254 1010 non
1285 939 1581 1037 possint,
1612 964 1765 1034 quae
1801 935 2182 1006 discursum
2204 990 2222 1021 ‚
2255 960 2408 1029 quae
2432 932 2713 1029 exigunt
2747 930 2847 1001 la-

767 1053 1043 1125 borem:
1077 1053 1265 1151 quod
1300 1079 1458 1123 vero
1504 1072 1646 1121 tam
1691 1049 2029 1119 muliebre
2083 1047 2294 1146 possis
2339 1046 2643 1116 invenire
2685 1045 2846 1114 faci-

770 1193 938 1255 nu5‚
970 1194 1185 1265 quam
1226 1166 1530 1238 occidere
1574 1163 1935 1233 hominem
1971 1162 2167 1261 juxta
2210 1182 2274 1230 te
2305 1157 2696 1260 jacentem?
2727 1184 2847 1255 ag-

768 1281 958 1378 gredi
992 1309 1226 1353 senem
1251 1338 1268 1369 ,
1304 1280 1423 1379 qui
1465 1306 1534 1350 sc
1579 1278 1712 1349 tuis
1753 1276 2112 1347 crediderit
2144 1272 2617 1372 amplexibus?
2645 1274 2843 1373 cujus

766 1421 1045 1465 somnos
1071 1395 1212 1493 ipsa
1237 1393 1599 1492 disponas?
1631 1393 1774 1491 ipsa
1808 1390 2186 1463 custodias?
2211 1389 2463 1461 Omnis
2489 1387 2663 1458 alius
2693 1415 2847 1485 per-

768 1536 1004 1582 cussor
1054 1509 1478 1607 deprehendi
1525 1529 1742 1607 potest
1784 1529 2156 1604 antequam
2208 1505 2437 1591 feriat,
2483 1530 2651 1574 uxor
2699 1529 2841 1574 non

767 1624 1079 1712 sentitur,
1105 1624 1236 1694 nisi
1266 1624 1437 1693 dum
1470 1622 1734 1691 occidit.
1758 1623 1916 1691 Non
1942 1641 2074 1707 est,
2085 1618 2388 1721 judices,
2415 1616 2840 1703 incredibile,

768 1758 846 1808 ut
887 1739 1205 1809 occiderit
1254 1737 1503 1808 mulier
1544 1736 1943 1824 hominem,
1987 1761 2199 1833 quem
2247 1733 2494 1805 dicitur
2548 1732 2842 1833 potuisse

768 1880 985 1924 caecus
1011 1855 1340 1926 occidere:

862 1970 979 2038 lx.
1015 1970 1311 2040 Facinus
1346 1991 1480 2057 est,
1501 1999 1528 2070 J
1543 1968 1810 2050 udices,
1851 1966 1901 2037 si
1934 1993 2142 2038 caecos
2172 1965 2420 2037 habere
2451 1991 2592 2036 non
2629 1963 2872 2068 credis

766 2111 956 2175 muS,
985 2085 1112 2155 nisi
1138 2085 1545 2156 necessitatis
1570 2083 2068 2155 innocentiam.
2091 2082 2324 2153 Prima
2352 2103 2452 2152 est
2477 2080 2842 2151 infirmitas

766 2201 1113 2287 caecitatiS,
1151 2222 1225 2270 ut
1269 2201 1458 2271 nolit.
1496 2200 1781 2271 Fallitur
1817 2200 2125 2298 quisquis
2160 2198 2337 2270 hanc
2368 2198 2838 2269 calamita-tem

766 2340 907 2384 non
930 2315 1320 2386 animorum
1345 2338 1538 2413 putat
1559 2343 1722 2400 esse,
1748 2316 1864 2386 sed
1888 2341 2283 2412 corporum:
2313 2314 2515 2385 totius
2540 2313 2868 2412 bominis⁸

766 2429 1081 2501 debilitas
1111 2453 1208 2501 est
1241 2432 1473 2503 oculos
1504 2432 1897 2530 perdidisse.
1935 2434 2018 2501 Et
2043 2431 2095 2501 si
2132 2431 2496 2528 diligenter
2520 2451 2714 2500 actus
2749 2429 2842 2498 in·

770 2545 1016 2616 tuearis
1056 2546 1439 2635 humanoS,
1472 2547 1849 2618 ministeria
1887 2547 2240 2617 luminum
2279 2571 2541 2617 sumus.
2597 2525 2866 2615 Caecus'

764 2686 908 2729 non
928 2661 1268 2752 irascitur,
1302 2689 1443 2733 non
1475 2663 1657 2752 odit,
1694 2689 1833 2733 nou
1857 2661 2299 2760 concupiscit.
2329 2663 2412 2730 Et
2436 2687 2656 2758 quum
2683 2688 2838 2731 cor-

766 2804 932 2873 pora
975 2799 1199 2848 nostra
1241 2779 1542 2877 vigorem
1585 2782 1671 2850 de
1711 2780 2098 2850 luminibus
2145 2778 2513 2876 accipiant,
2552 2799 2839 2875 pereunt

763 2916 928 2962 cum
966 2893 1106 2963 suis
1145 2894 1308 2965 vitia
1347 2895 1588 2965 causis.
1638 2899 1744 2965 En
1784 2893 1870 2966 ad
1917 2894 2106 2992 quod
2147 2914 2514 2991 erumpant
2555 2920 2834 2983 manus,

763 3032 915 3102 quae
936 3007 1246 3103 proxima
1266 3035 1556 3107 quaeque
1580 3009 1847 3079 tamdiu
1869 3007 2221 3105 quaerunt?
2239 3034 2513 3095 manus,
2534 3034 2687 3105 quae
2709 3035 2835 3078 sua

762 3148 1039 3217 quoque
1074 3123 1453 3194 ministeria
1497 3151 1636 3194 non
1683 3123 2057 3220 explicant?
2105 3122 2409 3193 Audebit
2447 3122 2833 3220 quidquam

762 3263 1004 3332 corpus
1039 3237 1214 3308 illud
1240 3239 1427 3334 quod
1453 3238 1542 3308 ad
1572 3238 1880 3336 singulos
1905 3238 2035 3309 sibi
2060 3237 2328 3309 videtur
2348 3238 2663 3309 decidere
2685 3265 2836 3309 mo-

761 3352 906 3421 tus?
938 3353 1046 3423 cui
1080 3354 1420 3451 quidquid
1452 3376 1612 3425 ante
1642 3382 1710 3425 sc
1734 3376 1861 3444 est,
1895 3355 2110 3427 donec
2140 3353 2555 3450 exploretur,
2583 3352 2839 3453 abrup-

764 3488 914 3537 tum
959 3468 1091 3539 est?
1134 3470 1432 3541 Facinus
1468 3470 1816 3560 admittet,
1858 3471 1929 3541 in
1967 3499 2105 3567 quo
2140 3470 2316 3550 nihil
2352 3470 2495 3567 ipse
2531 3471 2831 3542 facturus

761 3579 897 3651 est?
937 3583 1228 3654 Facinus
1257 3583 1443 3679 quod
1490 3606 1713 3655 totum
1758 3585 1990 3656 credat
2018 3584 2171 3655 alii?
2215 3584 2410 3673 Quid
2457 3584 2511 3654 si
2562 3584 2831 3655 caecitas

759 3694 878 3782 sit,
896 3722 1110 3790 quam
1137 3696 1423 3767 fecerint
1449 3697 1679 3795 ignes?
1704 3702 1930 3770 Nemo
1957 3698 2028 3769 in
2052 3698 2372 3769 incendio
2395 3697 2570 3768 solos
2596 3724 2673 3767 ex
2704 3697 2834 3768 ho-

761 3808 948 3878 mine
965 3807 1191 3908 perdit
1209 3809 1678 3883 oculos.Tunc
1701 3811 1903 3882 facies
1924 3812 2129 3883 sentit
2146 3810 2552 3881 incendium
2568 3867 2588 3900 ,
2605 3838 2831 3908 quum

759 3921 1059 3993 ambusti
1108 3923 1412 3996 defecere
1459 3951 1757 4023 gressuS,
1805 3952 2027 4022 quum
2076 3925 2335 4022 opponi
2371 3951 2510 3995 non
2547 3946 2834 4022 possunt

759 4064 883 4137 pro
902 4037 1116 4109 oculis
1137 4066 1410 4130 manus,
1433 4062 1500 4113 et
1518 4040 1605 4111 ad
1625 4041 1898 4120 lumina
1922 4061 2152 4112 nostra
2172 4039 2487 4111 flammas
2507 4039 2831 4114 omnium

759 4154 1236 4227 membrorum
1280 4157 1680 4229 vulneribus
1723 4156 2178 4227 admittimus.
2224 4158 2507 4228 Caecum
2550 4154 2655 4226 vel
2701 4156 2834 4228 hoc

754 4269 960 4342 faciet
1010 4269 1499 4364 innocentem,
1552 4270 1741 4369 quod
1789 4270 1952 4342 licet
2000 4268 2292 4363 viribus,
2340 4269 2501 4343 licet
2538 4270 2835 4344 sufficiat
