3200 5117
747 546 865 624 244
1242 547 1330 609 M.
1381 546 1628 607 FABII
1676 541 2314 626 QUINTILIANI

736 665 1068 754 mentiar,
1102 665 1271 738 scies
1301 665 1615 764 proxima
1642 686 1862 736 nocte.
1902 666 2171 736 Omnes
2209 664 2553 738 mehercle
2582 691 2821 763 paren·

738 800 868 865 teS,
898 780 1133 877 utique
1159 779 1279 879 qui
1307 778 1559 849 liberos
1588 777 2068 876 perdiderunt,
2102 778 2199 848 ire
2224 778 2294 849 in
2331 778 2488 849 istos
2521 778 2815 867 ¹oculoS,

737 892 809 962 in
850 893 975 963 ista
1009 920 1129 964 ora
1161 892 1533 970 debebant.

833 1006 1024 1077 Xv1.
1056 1009 1167 1077 Tu
1192 1007 1287 1077 sic
1326 1005 1555 1076 filium
1579 1026 1784 1075 tuum
1814 1004 2151 1095 clausisti,
2183 1027 2544 1104 tamquam
2573 1033 2820 1079 nocen-

736 1141 831 1191 tes
870 1119 958 1191 ad
1001 1121 1257 1191 inferos
1292 1119 1587 1192 revocari
1631 1118 1895 1190 soleant
1923 1119 2210 1206 animae,
2250 1147 2402 1218 quae
2445 1121 2620 1192 inter
2655 1120 2816 1192 lan-

736 1237 1105 1335 guentium
1137 1236 1474 1307 familiam
1495 1293 1512 1325 ‚
1547 1256 1615 1307 et
1650 1236 1865 1307 tristes
1886 1236 2259 1332 'penatium
2291 1233 2599 1326 morbos„
2627 1263 2816 1334 vagae

737 1373 1177 1449 errantesque
1230 1351 1500 1448 magica
1544 1351 1842 1421 vanitate
1887 1350 2256 1450 optantur?
2300 1354 2672 1448 Laqueone
2712 1354 2820 1423 vi-

735 1488 879 1539 tam
915 1468 1287 1539 damnatus
1322 1458 1633 1538 eliserat?
1666 1467 1953 1537 noxium
1988 1494 2111 1565 per
2141 1494 2268 1538 sua
2297 1468 2549 1538 viscera
2578 1493 2818 1566 exege-

737 1603 837 1653 rat
875 1581 1181 1652 ferrum?
1227 1609 1315 1651 an
1354 1609 1434 1653 ex
1478 1581 1900 1653 conscientia
1944 1608 2216 1683 venena·
2250 1582 2816 1680 praesumpserat?

734 1723 862 1767 nec
901 1696 1267 1794 recipiebat
1304 1723 1409 1786 se,
1455 1696 1587 1767 nisi
1623 1696 1931 1767 carmine
1975 1695 2323 1767 inclusus?
2364 1696 2643 1794 quando
2682 1696 2816 1768 do-

736 1836 936 1880 mum
973 1832 1169 1882 tuam
1198 1812 1528 1881 funereus
1554 1824 1577 1853 ²
1615 1831 1682 1881 et
1713 1808 2104 1906 squalidus»,
2139 1809 2420 1908 quando
2446 1832 2512 1881 te
2538 1809 2818 1881 terruit?

734 1922 1223 1996 Crudelissime
1258 1924 1578 1995 omnium
1625 1944 1854 2020 pater,
1888 1924 1973 1995 de
2008 1923 2149 1994 filio
2183 1945 2306 1995 tuo
2348 1923 2611 1994 malam
2652 1950 2814 1995 um—

733 2038 931 2110 bram
971 2038 1187 2109 fecisti
1221 2066 1236 2108 :
1284 2065 1455 2136 quas
1500 2063 1691 2108 nunc
1730 2058 1931 2135 putas
1970 2037 2194 2108 uxoris
2232 2036 2631 2108 miserrimae
2675 2063 2815 2109 esse

732 2152 1209 2249 cogitationes?
1238 2180 1375 2250 qua
1398 2173 1713 2223 materna
1733 2152 1990 2223 viscera
2016 2151 2454 2250 persuasione
2480 2151 2815 2250 torqueri?

732 2270 936 2338 Nunc
974 2267 1159 2338 filius
1196 2293 1394 2338 meus
1437 2265 1612 2353 illic,
1644 2265 1832 2337 unde
1869 2265 2097 2337 venire
2136 2286 2609 2352 consueverat,
2629 2266 2816 2366 jacet

733 2379 1033 2467 strictus,
1079 2378 1429 2476 alligatus,
1473 2379 1891 2477 impatiens:
1948 2379 2257 2476 queritur
2307 2379 2506 2452 solito
2558 2401 2808 2452 terram

733 2493 1146 2590 graviorem,
1174 2494 1410 2591 utique
1431 2520 1653 2591 quum
1679 2494 1888 2565 sentit
1909 2494 2167 2564 venisse
2190 2515 2468 2565 noctem
2487 2551 2506 2584 ,
2533 2494 2811 2593 quando

735 2606 1001 2678 umbrae
1017 2607 1349 2678 feliciores
1377 2607 1821 2679 dimittuntur
1840 2610 1927 2680 ad
1953 2631 2229 2681 matres.
2249 2613 2339 2680 At
2359 2636 2520 2681 vero
2538 2668 2556 2699 ,
2590 2610 2643 2680 si
2673 2637 2810 2710 qua

736 2722 914 2793 inter
956 2748 1198 2794 manes
1237 2721 1585 2818 colloquia
1623 2745 1825 2811 sunt,
1866 2744 1932 2794 et
1974 2751 2116 2795 esse
2160 2723 2399 2812 credo,
2444 2751 2588 2795 non
2628 2724 2815 2797 deest

733 2837 852 2935 qui
876 2838 1117 2938 juveni
1156 2863 1312 2909 meo
1350 2836 1559 2927 dicat,
1594 2865 1808 2936 quam
1847 2837 1997 2908 vilis
2037 2838 2172 2909 tuis
2209 2838 2433 2909 fuisti!
2472 2865 2684 2938 quam
2717 2838 2810 2908 li-

733 2953 975 3025 benter
1005 2975 1070 3025 te
1114 2952 1599 3051 perdiderunt!
1646 2953 1839 3042 Quid
1880 2954 1995 3025 illa
2039 2977 2292 3044 mater,
2336 2955 2426 3026 ad
2465 2981 2675 3051 quam
2712 2953 2806 3024 ire

734 3069 1220 3142 consueveras?
1256 3070 1379 3139 has
1413 3069 1533 3139 tibi
1572 3091 1879 3156 catenas,
1910 3069 2053 3141 haec
2075 3071 2359 3142 vincula
2393 3097 2515 3169 pro
2558 3068 2806 3140 merito

735 3184 1070 3257 reddidit?
1106 3185 1199 3255 ita
1226 3184 1696 3255 infelicissima
1723 3186 2042 3256 omnium
2079 3186 2362 3277 mulier,
2392 3207 2463 3258 et
2483 3185 2537 3257 si
2563 3210 2809 3282 magus

733 3300 944 3371 etiam
966 3299 1269 3386 recedat,
1291 3299 1421 3369 hoc
1443 3299 1899 3397 periclitatur,
1924 3327 2009 3372 ne
2032 3301 2218 3373 filius
2237 3328 2307 3373 se
2332 3321 2529 3400 putet
2547 3299 2809 3371 venisse

734 3415 819 3485 ad
858 3414 1169 3485 invitam.
1213 3414 1374 3511 Agit
1402 3414 1553 3515 jam
1592 3415 1725 3487 hoc
1761 3416 1908 3486 loco
1939 3417 2308 3488 nobiscum
2339 3417 2625 3489 maritus
2663 3412 2813 3515 gra-

732 3529 902 3617 vius,
939 3528 1163 3618 altius,
1198 3529 1594 3627 sapientiuS,
1624 3551 1700 3601 ut
1714 3531 1927 3602 homo
1949 3532 2094 3606 sine
2111 3531 2384 3603 dolore-z
2411 3552 2614 3630 negat
2638 3530 2811 3603 ullos

808 3707 851 3739 1.
884 3688 969 3739 Ire
1002 3689 1057 3737 in
1088 3689 1205 3739 istos
1236 3686 1423 3743 oculos.
1450 3689 1728 3759 Unguibus
1809 3692 2090 3763 legendum
2125 3696 2219 3745 sit:
2260 3715 2281 3740 ι
2302 3692 2500 3744 Omnes
2535 3705 2809 3763 parentet,

730 3766 924 3820 scilicet
940 3764 1295 3837 ;0vidius.1·:p.
1314 3769 1385 3818 XI
1397 3805 1413 3832 ‚
1431 3770 1523 3838 89:
1551 3771 1727 3821 «Tunc
1816 3794 1837 3817 α
1861 3774 2042 3843 utique
2059 3790 2175 3842 quae
2190 3770 2383 3824 liberos
2399 3768 2760 3841 perdideram.
2783 3793 2804 3815 υ

738 3872 758 3894 a
774 3847 990 3901 demum
1012 3860 1230 3917 pectora
1258 3846 1438 3918 plangi
1462 3850 1724 3920 Contigit,
1809 3851 1977 3901 Βῑήηι.
2651 3863 2655 3865 ‘
2694 3870 2700 3875 ·
2753 3882 2762 3891 -

737 3949 759 3974 a
775 3931 938 3999 inque
958 3947 1100 3979 meas
1119 3928 1383 3998 unguibus
1403 3931 1476 3981 ire
1495 3948 1675 3999 genas,
1699 3955 1720 3977 n
1881 3946 1930 3981 π.
1946 3929 2215 3981 Funereus.
2234 3926 2295 3978 ld
2309 3942 2388 3980 est
2403 3966 2420 3993 ,
2434 3925 2609 3993 dirus,
2626 3926 2811 3980 oculos

729 4008 907 4060 Amor.
936 4010 987 4072 1,
1010 4024 1069 4075 7,
1093 4007 1191 4073 64:
1225 4030 1246 4052 ιι
1264 4010 1507 4062 Protinus
1545 4012 1600 4061 in
1627 4008 1737 4061 vul·
1820 4006 2099 4060 videntium
2133 4010 2529 4072 contaminans,
2569 4019 2630 4058 ut
2669 4019 2811 4058 recte

734 4112 757 4136 a
778 4103 862 4141 tus
901 4088 1164 4158 unguibus
1210 4091 1285 4140 ire
1325 4109 1487 4143 meos.
1520 4114 1543 4137 ιι
1594 4092 1729 4159 Quia
1817 4086 2042 4159 explicat
2065 4086 2242 4140 Barth.
2273 4085 2343 4138 ad
2365 4086 2494 4138 Stat.
2522 4082 2691 4137 Theb.
2718 4084 2809 4148 IV,

729 4182 905 4220 autem
935 4166 1045 4219 haec
1079 4169 1189 4219 fere
1223 4186 1367 4221 arma
1401 4183 1523 4221 sunt
1550 4168 1733 4222 mulie·
1816 4168 1947 4232 5103
1985 4169 2078 4221 ubi
2113 4168 2263 4220 locus
2285 4165 2549 4220 classicus
2575 4184 2694 4218 cum
2724 4162 2807 4216 his

732 4250 875 4319 bria,
911 4248 1096 4302 dubito
1129 4249 1480 4317 vehementer,
1515 4269 1581 4304 an
1622 4270 1727 4304 non
1812 4250 2033 4301 maxitne
2057 4246 2426 4301 conferendus.
2454 4246 2621 4299 Bm.
