3200 5117
770 521 890 598 305
1269 518 1361 579 M.
1416 515 1663 578 mnu
1708 512 2339 596 QUINTlLlANl

765 641 1094 713 animalia
1141 641 1510 712 hominum
1571 665 1771 709 causa
1824 639 2094 709 finxerit
2142 637 2608 737 providentia,
2660 639 2859 735 quod

767 759 1092 830 omnibus
1123 758 1438 844 nascitur,
1473 753 1823 826 industriae
1853 755 2215 853 praemium
2242 777 2363 824 est.
2396 752 2591 843 Quid
2618 775 2853 826 autem

767 900 910 944 non
938 873 1236 943 liberum
1269 893 1515 942 natura
1540 868 1827 967 genuit?
1850 889 2038 939 taceo
2064 867 2149 938 de
2174 869 2376 939 servis
2394 927 2412 956 ,
2436 895 2611 966 quos
2632 867 2819 939 bello
2845 905 2861 924 ι

770 1016 922 1058 rum
955 988 1281 1084 iniquitas
1311 988 1381 1057 in
1409 985 1712 1084 praedam
1736 984 2108 1055 victoribus
2133 982 2359 1073 dedit,
2392 983 2639 1054 iisdem
2671 981 2855 1080 legi-

767 1105 898 1176 bus
916 1163 933 1192 ,
957 1103 1197 1175 eadem
1221 1106 1495 1175 fortuna
1515 1160 1533 1191 ,
1556 1102 1801 1172 eadem
1825 1101 2216 1172 necessitate
2242 1121 2471 1171 natos:
2500 1127 2583 1171 ex
2605 1099 2853 1172 eodem

769 1218 935 1288 caelo
978 1217 1289 1314 spiritum
1333 1216 1653 1286 trahunt:
1705 1241 1833 1284 nec
1874 1236 2117 1285 natura
2156 1213 2377 1301 vilis¹,
2421 1213 2537 1284 sed
2575 1214 2856 1285 fortuna

770 1335 1137 1406 dominum
1165 1333 1373 1404 dedit.
1400 1335 1546 1403 Cur
1568 1332 1922 1402 infrenatis
1947 1331 2144 1427 equis
2158 1329 2641 1401 victorinsidet
2658 1344 2709 1416 ²,
2731 1357 2855 1400 cur

771 1451 1025 1549 injusto
1043 1447 1535 1548 quotidiejugo
1552 1448 1771 1516 boum
1789 1445 1963 1515 colla
1982 1445 2394 1515 deterimus?
2414 1445 2627 1516 curin
2646 1472 2851 1515 usum

769 1566 1059 1636 vestium
1099 1590 1274 1658 saepe
1315 1561 1541 1660 pecori
1578 1561 1750 1631 lanae
1790 1560 2279 1630 detrahuntur?
2310 1561 2536 1630 Taceo
2569 1560 2654 1631 de
2689 1588 2853 1632 san-

772 1682 983 1778 guine
1018 1702 1083 1749 et
1116 1679 1339 1776 epulis
1375 1705 1496 1776 per
1527 1699 1821 1748 mortem
1853 1678 2100 1775 paratis
2130 1705 2143 1746 :
2181 1677 2234 1746 si
2272 1677 2542 1764 omnia,
2579 1703 2728 1773 qnae
2759 1677 2855 1746 li-

770 1796 932 1866 bera
970 1815 1402 1891 generantur,
1440 1814 1695 1862 naturae
1733 1790 2015 1880 demuS,
2054 1791 2360 1862 desinitis
2394 1789 2631 1862 divites
2662 1816 2850 1862 esse:

771 1912 824 1981 si
854 1936 1009 1981 vero
1039 1910 1181 1980 haec
1213 1909 1519 1979 conditio
1547 1929 1681 1996 est,
1714 1929 1789 1977 ut
1817 1907 2159 2006 quidquid
2191 1935 2269 1978 ex
2296 1908 2404 1978 his
2435 1905 2852 1977 animalibus

774 2026 845 2094 in
874 2051 1077 2094 usum
1110 2022 1381 2094 homini
1410 2025 1643 2111 cessit,
1672 2011 2029 2121 proprium
2054 2022 2136 2093 sit
2162 2023 2478 2094 habentis
2501 2053 2518 2106 ;
2548 2022 2848 2121 profecto

772 2139 1115 2236 quidquid
1138 2138 1292 2236 jure
1325 2139 1733 2236 possidetur,
1770 2138 2026 2236 injuria
2055 2141 2398 2227 aufertur,
2445 2160 2521 2208 ut
2548 2137 2851 2208 volucres

773 2257 1004 2342 miteS,
1040 2277 1104 2324 et
1136 2255 1320 2342 aliae,
1353 2281 1503 2353 quae
1540 2283 1660 2352 per
1695 2253 1974 2324 rusticas
2006 2254 2232 2342 villas,
2269 2281 2561 2352 quaeque
2596 2253 2849 2324 ditibus

772 2369 959 2439 cellis
980 2369 1398 2464 saginantur,
1427 2370 1498 2438 in
1521 2369 1776 2466 quibus
1800 2391 2032 2439 tamen
2055 2370 2325 2439 domini
2351 2368 2681 2466 ambigua
2704 2394 2849 2465 pos-

773 2480 1020 2553 sessio3
1065 2503 1195 2569 est,
1239 2502 1304 2552 et
1344 2508 1596 2572 vaccae,
1641 2504 1710 2555 ct
1749 2504 2093 2572 armenta,
2145 2504 2208 2552 et
2249 2509 2458 2554 omne
2500 2481 2849 2581 pecudum

775 2627 1012 2697 genus.

871 2715 988 2782 IX.
1016 2713 1149 2784 Sed
1176 2713 1295 2783 illa
1325 2715 1682 2814 impositus
1717 2715 1990 2788 cohibet
2020 2718 2377 2815 magister:
2410 2716 2699 2815 pejusne
2728 2714 2852 2785 do·-

776 2829 970 2899 mino
1004 2828 1076 2898 in
1115 2829 1196 2898 iis
1218 2830 1330 2928 jus
1362 2852 1492 2921 est,
1526 2833 1780 2928 quibus
1800 2890 1816 2922 ,
1846 2834 2123 2904 custode
2154 2860 2296 2903 non
2327 2861 2499 2931 opus
2525 2831 2661 2902 est?
2686 2817 2848 2899 nani

773 2943 826 3014 si
860 2944 990 3014 hoc
1018 2944 1274 3035 dicitis,
1306 2946 1481 3017 nihil
1514 2974 1654 3018 esse
1685 2970 1996 3019 nostrum
2024 2951 2212 3047 quod
2243 2950 2462 3048 perire
2489 2946 2732 3045 possit,
2764 2970 2849 3013 ex

775 3103 926 3155 simili
946 3123 1101 3155 sensu
1128 3107 1447 3159 venatc'onem
1465 3109 1593 3178 poni
1611 3110 1775 3159 notis-

777 3185 963 3234 simum
991 3199 1082 3234 est.
1113 3187 1274 3236 Remu.

1925 3110 2246 3181 3.Amb1·9ua
2264 3109 2512 3181 possessio.
2530 3103 2847 3173 Ambiguam

856 3281 896 3314 ι.
935 3265 1047 3316 Nec
1072 3277 1255 3317 natura
1285 3266 1414 3318 vilis.
1445 3269 1608 3318 Immo
1644 3266 1775 3332 illis,

773 3346 929 3396 servis
959 3359 1101 3414 puta.
1128 3349 1440 3398 GnoxoviuS.
1462 3347 1593 3399 Illis.
1618 3350 1707 3398 W.
1726 3361 1777 3398 et

773 3427 826 3474 in
849 3425 996 3476 Leid.
1024 3446 1106 3496 pr.
1132 3447 1231 3497 pro
1252 3447 1358 3478 var.
1386 3428 1628 3481 lectione.

847 3523 893 3555 α.
919 3507 1204 3576 Infrenatis
1227 3511 1366 3580 equis·
1390 3512 1552 3560 victor
1570 3510 1769 3561 insidet.

772 3587 940 3654 Lege,
968 3600 1150 3651 vector,
1176 3603 1233 3640 ut
1261 3590 1539 3659 Virgilius:
1575 3613 1596 3635 ιι
1617 3592 1773 3661 Rapi-

773 3666 979 3738 dusque
994 3670 1121 3718 rotis
1138 3671 1373 3720 insistere
1390 3684 1586 3722 vector.
1601 3695 1622 3717 u
1644 3673 1774 3722 Gno-

773 3761 893 3795 uov.
922 3747 1031 3812 Ego
1056 3743 1141 3795 bic
1168 3747 1332 3798 victor
1360 3750 1592 3814 retineo,
1629 3750 1773 3820 quod

773 3824 957 3876 melius
979 3825 1252 3895 infrenatis
1275 3827 1585 3898 responden
1610 3849 1773 3900 quum

773 3905 922 3973 equis
934 3941 950 3967 ‚
968 3917 1124 3955 antea
1138 3903 1317 3958 liberis
1330 3943 1346 3971 ‚
1364 3905 1456 3958 sed
1472 3927 1612 3960 nunc
1628 3910 1775 3959 frena

773 3984 885 4053 pati
899 3985 1123 4048 coactis,
1141 3986 1329 4050 victor,
1349 3986 1402 4037 id
1422 4000 1526 4052 est,
1548 3986 1778 4039 domitor

771 4061 993 4115 insidet?
1028 4066 1286 4134 respicere
1320 4080 1493 4119 autem
1531 4084 1665 4138 puto
1703 4070 1771 4120 ad

773 4140 1010 4192 fabulam
1049 4160 1078 4193 a
1107 4141 1324 4197 Phaedro
1359 4145 1450 4198 lib.
1495 4149 1580 4213 IV,
1622 4148 1681 4212 33
1720 4161 1773 4200 ct

775 4221 888 4274 aliis
906 4235 1185 4276 narratam.

1854 3190 2242 3259 possessionem
2266 3202 2447 3250 vocat,
2472 3185 2755 3255 respiciens
2781 3180 2851 3232 ad

1856 3266 2093 3317 volucres
2127 3267 2277 3331 illas,
2311 3285 2426 3337 quae
2456 3262 2669 3338 quidem
2698 3263 2848 3312 mites

1857 3360 1907 3399 et
1936 3349 1988 3397 in
2021 3347 2254 3398 dominio
2284 3347 2575 3411 habentur,
2603 3342 2851 3415 quamdiu

1855 3442 2169 3480 coercentur
2196 3430 2355 3499 septis
2389 3442 2441 3479 et
2465 3427 2636 3490 cellis,
2661 3437 2753 3477 aut
2774 3441 2852 3472 re-

1853 3522 2055 3572 meant,
2082 3508 2175 3558 sed
2204 3526 2316 3576 quae
2339 3507 2406 3558 ad
2422 3509 2591 3558 feram
2613 3518 2853 3556 naturam

1854 3584 2163 3651 redeuntes,
2188 3601 2238 3637 et
2264 3599 2566 3638 emanentes
2577 3587 2697 3654 jure
2717 3599 2853 3633 com·

1854 3666 2000 3716 muni
2029 3668 2312 3736 occupanti
2339 3669 2528 3716 iterum
2551 3663 2776 3724 cedunt,
2801 3675 2853 3711 et

1854 3748 1925 3796 ita
1950 3765 2055 3796 non
2080 3758 2271 3798 certam
2306 3749 2662 3818 possessionem
2699 3745 2851 3808 dicit,

1854 3823 1976 3874 dum
2027 3824 2230 3890 volant,
2280 3825 2346 3876 de
2388 3824 2581 3896 quibus
2627 3824 2741 3875 Jcci
2785 3821 2854 3873 ad

1855 3903 1957 3952 Tit.
1985 3906 2111 3954 lnst.
2151 3903 2216 3955 de
2249 3905 2366 3955 Ber.
2406 3905 2570 3955 Divis.
2604 3905 2855 3954 Praeterea

1859 3979 2101 4050 ambigua
2139 3996 2217 4034 est
2255 3983 2549 4053 possessio,
2588 3983 2709 4052 quia
2751 3980 2851 4031 inis

1852 4080 1963 4113 non
2008 4065 2210 4136 imponi
2260 4077 2440 4133 potest
2483 4065 2745 4134 magister,
2790 4073 2853 4111 ut

1850 4145 2051 4208 vaccis,
2077 4159 2177 4196 etc.
2214 4144 2315 4196 Sed
2348 4142 2700 4216 relinquendae
2728 4153 2851 4192 sunt

1854 4244 1950 4276 suo
1971 4227 2181 4296 ingenio
2203 4239 2255 4277 et
2272 4225 2496 4278 tuendae.
2520 4225 2684 4277 Bm.
