3200 5117
751 564 877 629 360
1249 564 1341 627 M.
1392 565 2328 647 FAB11QU1NT1L1AN1

751 686 1097 756 malorum
1130 685 1532 773 minaretur,
1569 687 1758 784 quod
1794 714 1905 756 me
1933 686 2083 785 jam
2120 707 2418 786 coeperat
2450 707 2639 784 pater
2671 712 2849 759 con-

751 803 1089 889 tentione,
1117 829 1253 899 qua
1278 802 1471 873 vobis
1501 803 1943 888 irascebatur,
1973 803 2216 874 odisse.
2243 803 2566 873 Tandem
2598 803 2845 873 infelix

753 918 1068 988 misertus
1104 919 1236 987 mei
1259 973 1277 1002 ‚
1305 919 1621 988 misertus
1655 919 1858 1016 patris
1882 976 1899 1004 ,
1933 947 2155 1015 quum
2193 919 2273 988 de
2312 918 2661 1016 praeteritis
2688 945 2847 1016 pro-

753 1033 1083 1130 spicerem
1104 1034 1368 1133 ,jurgia
1387 1054 1525 1103 tam
1545 1034 1751 1131 longa
1768 1062 1982 1131 quam
2007 1034 2216 1104 vitam
2238 1091 2254 1122 ,
2274 1034 2537 1130 captavi
2563 1089 2581 1121 ,
2603 1034 2842 1121 fateor,

752 1176 1036 1218 omnem
1062 1176 1420 1219 occursum
1447 1163 1493 1235 ¹,
1518 1177 1729 1247 quem
1761 1149 1932 1218 mihi
1953 1150 2236 1220 videbar
2257 1175 2646 1247 exasperare
2669 1174 2846 1245 prae-

755 1263 1006 1351 sentia,
1036 1292 1307 1335 exorare
1332 1261 1500 1332 dum
1529 1264 1803 1349 morior,
1834 1285 1895 1333 et
1923 1284 2285 1361 tamquam
2316 1261 2666 1332 novissimi
2687 1288 2846 1332 am-

750 1377 936 1447 bitus
971 1405 1187 1473 genus
1216 1378 1625 1473 excogitavi,
1665 1396 1741 1446 ut
1771 1404 1880 1446 me
1913 1376 1982 1446 in
2016 1374 2357 1447 honorem
2386 1375 2492 1446 sui
2522 1403 2846 1447 reveren-

754 1493 1064 1590 tiamque
1118 1514 1521 1590 pereuntem
1548 1549 1565 1578 ,
1618 1493 1713 1560 sic
1770 1492 1989 1560 odisse
2050 1491 2421 1581 desineret,
2485 1490 2844 1588 quomodo

754 1632 1031 1705 parcere
1060 1610 1229 1679 solet
1257 1609 1350 1678 ira
1382 1607 1671 1677 cedenti.
1706 1610 1861 1676 Non
1892 1607 2103 1676 habet
2129 1607 2386 1696 alium,
2414 1634 2627 1703 quam
2660 1634 2848 1678 mor-

754 1724 836 1793 tis
869 1724 1129 1794 exitum
1168 1724 1348 1795 filius
1371 1781 1387 1810 ‚
1426 1724 1546 1823 qui
1581 1751 1709 1794 nec
1744 1723 2168 1794 reconciliari
2200 1744 2453 1821 potest,
2485 1751 2610 1794 nec
2641 1722 2847 1795 abdi-

757 1841 916 1910 cari

851 1959 973 2028 IV.
1013 1961 1173 2029 Erat
1200 1959 1268 2029 in
1300 1959 1508 2029 domo
1537 1979 1764 2029 nostra
1789 1957 2012 2043 locuS,
2045 1957 2116 2027 in
2146 1984 2357 2052 quem
2392 1970 2415 1999 ²
2436 1954 2842 2027 secedebam

757 2102 1028 2171 semper
1074 2103 1263 2162 reus,
1311 2075 1382 2144 in
1425 2102 1636 2171 quem
1689 2071 2070 2143 revertebar
2111 2072 2497 2158 absolutus,
2547 2068 2845 2167 querelis

759 2190 934 2259 meis
966 2189 1565 2287 laci·imisquejam
1600 2189 1908 2258 conscius
1929 2186 1982 2274 3,
2013 2188 2079 2257 in
2109 2215 2321 2285 quem
2350 2214 2418 2257 se
2449 2183 2734 2257 ferant4.
2762 2187 2844 2254 ln

757 2303 948 2373 hunc
971 2362 988 2391 ,
1023 2333 1162 2374 non
1198 2327 1555 2402 tamquam
1588 2304 1908 2375 custodia»
1940 2303 2143 2401 patris
2179 2304 2611 2401 imponerem
2641 2304 2846 2396 (nam

764 2418 931 2512 quid
964 2421 1173 2514 possit
1208 2419 1535 2507 inveniri,
1569 2447 1708 2516 quo
1747 2447 1886 2489 non
1921 2447 2033 2488 me
2071 2420 2405 2518 captantis
2435 2417 2696 2516 aliquid
2730 2415 2849 2486 de-

761 2533 1185 2630 prehendere
1222 2537 1381 2605 cura
1415 2535 1891 2632 sequereturP)
1925 2534 2080 2623 sed,
2117 2535 2289 2606 sicut
2319 2534 2538 2605 solent
2568 2532 2687 2632 qui
2721 2530 2847 2601 im·

763 2649 939 2720 mori
975 2650 1251 2734 volunt,
1284 2652 1585 2748 pudore,
1622 2679 1760 2721 non
1798 2652 1930 2737 ira,
1963 2652 2048 2721 ab
2076 2652 2441 2740 omnibus,
2478 2676 2631 2748 quae
2656 2647 2850 2721 vide-

759 2763 1015 2834 bantur
1058 2787 1452 2854 avocatnra,
1500 2767 1780 2836 secessi:
1834 2794 1997 2836 nam
2049 2792 2174 2835 nec
2228 2765 2582 2862 placuerat
2633 2762 2848 2833 exitus

760 2905 978 2976 genus
1020 2881 1431 2977 querulum,
1474 2881 2024 2969 tumultuosum,
2068 2902 2187 2951 aut
2222 2880 2409 2976 quod
2449 2880 2701 2949 faceret
2736 2875 2849 2945 in-

759 2994 1036 3066 vidiam.
1095 2996 1223 3066 Sed
1276 2997 1444 3095 quid
1501 2997 1674 3066 mihi
1730 3017 1957 3066 tecum
2019 3016 2118 3065 est
2174 2993 2575 3090 integritatis
2622 2988 2839 3061 nimia

761 3109 1200 3208 simplicitas?
1243 3138 1382 3180 non
1435 3132 1634 3208 putat
1675 3137 1743 3180 se
1788 3137 1981 3209 posse
2024 3108 2490 3207 deprehendi,
2531 3102 2841 3205 quisquis

761 3251 1110 3296 venenum
1157 3247 1349 3324 parat
1397 3227 1537 3324 ipse
1587 3246 1893 3323 poturus.
1941 3226 2160 3295 Totus
2204 3224 2420 3295 oculis
2469 3222 2843 3318 animoque

761 3368 1122 3411 conversus
1153 3342 1500 3413 haerebam
1531 3342 1739 3412 miser
1772 3342 1841 3411 in
1880 3368 2082 3440 opere
2116 3339 2501 3427 moriendi,
2540 3365 2668 3409 nec
2698 3336 2844 3407 dis-

837 3512 877 3542 ι.
911 3496 1125 3563 Captavi
1151 3514 1354 3544 omnem
1382 3514 1661 3547 occursum.
1687 3498 1757 3546 L't
1839 3495 1934 3544 viri
1960 3492 2129 3556 docti;
2156 3496 2409 3544 Passerat.
2445 3490 2509 3541 ad
2530 3492 2764 3560 Propert.
2790 3491 2843 3546 l..

759 3573 1048 3640 perieulum
1073 3575 1324 3636 fat-erem,
1348 3594 1450 3643 quo
1475 3576 1527 3624 in
1549 3593 1629 3623 me
1650 3574 1758 3623 ani·
1842 3593 1933 3634 κη
1979 3578 2222 3626 Tot-rent.
2276 3574 2341 3624 ad
2390 3575 2607 3624 Sueton.
2658 3574 2842 3623 caesar.

761 3668 847 3699 mo
884 3666 1033 3700 esset.
1067 3654 1345 3702 Asevnsius
1380 3670 1635 3704 occursum
1673 3671 1762 3701 ex·
1843 3676 1958 3726 cap.
1993 3657 2042 3706 5.

758 3728 917 3798 plient
949 3749 1103 3780 omne
1135 3730 1361 3780 medium
1380 3770 1395 3794 ‚
1426 3746 1476 3782 et
1508 3730 1764 3801 quidquid
1913 3737 1961 3786 3.
2000 3737 2253 3786 Conscius.
2281 3735 2526 3784 Dativum
2552 3730 2845 3782 adsciscere

762 3813 990 3861 occurrit
1020 3809 1087 3860 ad
1119 3812 1413 3862 faciendum
1445 3815 1599 3862 finem
1629 3812 1761 3863 odiis
1843 3815 1980 3867 hanc
2006 3835 2189 3867 vorem
2212 3813 2442 3866 ostendit
2466 3811 2642 3864 multis
2668 3813 2842 3862 Heius.

764 3893 1012 3959 paternis.
1844 3894 1908 3944 ad
1936 3893 2088 3948 Ovid.
2117 3896 2241 3944 Met.
2273 3897 2338 3943 Vl
2360 3931 2375 3956 ,
2402 3894 2521 3945 588.

835 3988 861 4021 2
888 3972 952 4018 In
975 3990 1123 4041 quem
1148 3972 1450 4023 set-edebam.
1484 3976 1541 4024 Ῑη
1564 3993 1668 4045 quo
1691 3992 1764 4024 se·
1914 3975 1963 4040 4.
1990 3974 2054 4023 In
2080 3991 2234 4044 quem
2254 3991 2304 4024 se
2316 3971 2518 4040 ferant.
2539 3967 2730 4020 Badius
2754 3985 2846 4018 ac-

759 4051 968 4112 debam3
994 4055 1190 4124 Gryph.
1219 4057 1260 4106 si
1287 4057 1591 4107 auctoribus
1618 4057 1758 4107 MSS.
1844 4056 2010 4125 repit,
2030 4072 2129 4125 pro
2153 4055 2435 4104 ronferunt
2460 4071 2544 4116 se,
2571 4053 2662 4122 qui
2683 4049 2845 4100 latere

759 4149 866 4181 non
899 4133 1062 4182 male:
1094 4134 1261 4184 sedere
1284 4137 1422 4185 enim
1453 4136 1666 4206 proprie
1696 4133 1761 4184 de
1842 4136 2025 4187 volunt
2046 4157 2055 4184 :
2080 4154 2176 4202 ego
2202 4134 2403 4198 malim,
2430 4135 2484 4185 in
2511 4151 2669 4204 quem
2694 4149 2749 4183 se
2768 4131 2847 4180 fe-

761 4211 990 4277 misewis,
1020 4226 1068 4261 et
1096 4215 1148 4262 in
1173 4212 1317 4264 luctu
1345 4226 1395 4263 et
1418 4213 1662 4265 sordibus
1687 4215 1764 4264 vi·
1844 4231 1960 4268 rant
1995 4216 2214 4267 lacrima:
2250 4230 2301 4268 et
2339 4214 2596 4286 querelae;
2628 4224 2849 4285 propter

759 4292 998 4344 ventibm
1027 4293 1157 4363 dici,
1179 4309 1431 4350 notarunt
1445 4295 1758 4368 jamdudum
1844 4315 2002 4366 quem
2029 4296 2224 4346 flerem.
