<?xml version="1.0" encoding="UTF-8"?>
<!DOCTYPE html PUBLIC "-//W3C//DTD XHTML 1.0 Transitional//EN"
    "http://www.w3.org/TR/xhtml1/DTD/xhtml1-transitional.dtd">
<html xmlns="http://www.w3.org/1999/xhtml" xml:lang="en" lang="en">
 <head>
  <title>
</title>
<meta http-equiv="Content-Type" content="text/html;charset=utf-8" />
  <meta name='ocr-system' content='tesseract 3.04.00' />
  <meta name='ocr-capabilities' content='ocr_page ocr_carea ocr_par ocr_line ocrx_word'/>
</head>
<body>
  <div class='ocr_page' id='page_1' title='image "./deinstitutioneo01flacgoog_0361.png"; bbox 0 0 3200 5117; ppageno 0'>
   <div class='ocr_carea' id='block_1_1' title="bbox 793 541 2463 630">
    <p class='ocr_par' dir='ltr' id='par_1_1' title="bbox 793 541 2463 630">
     <span class='ocr_line' id='line_1_1' title="bbox 793 541 2463 630; baseline -0.002 -21"><span class='ocrx_word' id='word_1_1' title='bbox 793 544 1066 610; x_wconf 78' lang='lat' dir='ltr'>nEcL.</span> <span class='ocrx_word' id='word_1_2' title='bbox 1113 545 1308 610; x_wconf 77' lang='lat' dir='ltr'><strong>xlv,</strong></span> <span class='ocrx_word' id='word_1_3' title='bbox 1356 544 1571 610; x_wconf 81' lang='lat' dir='ltr'>oon</span> <span class='ocrx_word' id='word_1_4' title='bbox 1621 542 1924 610; x_wconf 84' lang='grc' dir='ltr'>ΡοΤιο</span> <span class='ocrx_word' id='word_1_5' title='bbox 1973 546 2023 609; x_wconf 92' lang='lat'>1.</span> <span class='ocrx_word' id='word_1_6' title='bbox 2339 541 2463 630; x_wconf 77' lang='lat'>3117</span> 
     </span>
    </p>
   </div>
   <div class='ocr_carea' id='block_1_2' title="bbox 357 822 2467 847">
    <p class='ocr_par' dir='ltr' id='par_1_2' title="bbox 357 822 2467 847">
     <span class='ocr_line' id='line_1_2' title="bbox 357 822 2467 847; baseline -0.002 -2"><span class='ocrx_word' id='word_1_7' title='bbox 357 824 1580 847; x_wconf 47' lang='lat' dir='ltr'>§flmmmmstmmmm</span> <span class='ocrx_word' id='word_1_8' title='bbox 1589 823 1874 845; x_wconf 62' lang='lat' dir='ltr'>mmm</span> <span class='ocrx_word' id='word_1_9' title='bbox 1881 822 2169 845; x_wconf 62' lang='lat' dir='ltr'>mm</span> <span class='ocrx_word' id='word_1_10' title='bbox 2177 822 2467 845; x_wconf 55' lang='grc' dir='ltr'>Μὶν-Δ</span> 
     </span>
    </p>
   </div>
   <div class='ocr_carea' id='block_1_3' title="bbox 923 999 1882 1126">
    <p class='ocr_par' dir='ltr' id='par_1_3' title="bbox 923 999 1882 1126">
     <span class='ocr_line' id='line_1_3' title="bbox 923 999 1882 1126; baseline -0.004 -2"><span class='ocrx_word' id='word_1_11' title='bbox 923 999 1639 1124; x_wconf 64' lang='grc' dir='ltr'>ῡΕοιΑΜΑτιό</span> <span class='ocrx_word' id='word_1_12' title='bbox 1675 1052 1882 1126; x_wconf 80' lang='lat' dir='ltr'><strong>xlv.</strong></span> 
     </span>
    </p>
   </div>
   <div class='ocr_carea' id='block_1_4' title="bbox 981 1300 1837 1378">
    <p class='ocr_par' dir='ltr' id='par_1_4' title="bbox 981 1300 1837 1378">
     <span class='ocr_line' id='line_1_4' title="bbox 981 1300 1837 1378; baseline -0.002 0"><span class='ocrx_word' id='word_1_13' title='bbox 981 1300 1253 1378; x_wconf 90' lang='lat' dir='ltr'>ODII</span> <span class='ocrx_word' id='word_1_14' title='bbox 1321 1301 1710 1377; x_wconf 89' lang='lat' dir='ltr'>POTIO</span> <span class='ocrx_word' id='word_1_15' title='bbox 1776 1301 1837 1376; x_wconf 92' lang='lat'>1.</span> 
     </span>
    </p>
   </div>
   <div class='ocr_carea' id='block_1_5' title="bbox 1069 1563 1744 1625">
    <p class='ocr_par' dir='ltr' id='par_1_5' title="bbox 1069 1563 1744 1625">
     <span class='ocr_line' id='line_1_5' title="bbox 1069 1563 1744 1625; baseline -0.001 0"><span class='ocrx_word' id='word_1_16' title='bbox 1069 1563 1644 1625; x_wconf 77' lang='lat' dir='ltr'><strong>ARGUMENTU</strong></span> <span class='ocrx_word' id='word_1_17' title='bbox 1657 1564 1744 1624; x_wconf 87' lang='lat' dir='ltr'>M.</span> 
     </span>
    </p>
   </div>
   <div class='ocr_carea' id='block_1_6' title="bbox 354 1732 2464 1898">
    <p class='ocr_par' dir='ltr' id='par_1_6' title="bbox 354 1732 2464 1898">
     <span class='ocr_line' id='line_1_6' title="bbox 354 1732 2464 1817; baseline 0 -20"><span class='ocrx_word' id='word_1_18' title='bbox 354 1736 645 1797; x_wconf 81' lang='lat' dir='ltr'><strong>Meretrix</strong></span> <span class='ocrx_word' id='word_1_19' title='bbox 666 1735 933 1796; x_wconf 83' lang='lat' dir='ltr'>amatori</span> <span class='ocrx_word' id='word_1_20' title='bbox 955 1754 1068 1796; x_wconf 85' lang='lat' dir='ltr'>suo</span> <span class='ocrx_word' id='word_1_21' title='bbox 1089 1733 1350 1817; x_wconf 86' lang='lat' dir='ltr'>pauperi</span> <span class='ocrx_word' id='word_1_22' title='bbox 1374 1732 1547 1794; x_wconf 86' lang='lat' dir='ltr'><strong>dedit</strong></span> <span class='ocrx_word' id='word_1_23' title='bbox 1565 1732 1698 1795; x_wconf 89' lang='lat' dir='ltr'>odii</span> <span class='ocrx_word' id='word_1_24' title='bbox 1724 1733 2069 1817; x_wconf 85' lang='lat' dir='ltr'>potionem.</span> <span class='ocrx_word' id='word_1_25' title='bbox 2097 1734 2464 1798; x_wconf 71' lang='lat' dir='ltr'>Adolescens</span> 
     </span>
     <span class='ocr_line' id='line_1_7' title="bbox 782 1831 2107 1898; baseline 0.003 -5"><span class='ocrx_word' id='word_1_26' title='bbox 782 1831 965 1893; x_wconf 90' lang='lat' dir='ltr'>desiit</span> <span class='ocrx_word' id='word_1_27' title='bbox 991 1853 1235 1892; x_wconf 84' lang='lat' dir='ltr'>amare:</span> <span class='ocrx_word' id='word_1_28' title='bbox 1262 1845 1507 1894; x_wconf 86' lang='lat' dir='ltr'>accusat</span> <span class='ocrx_word' id='word_1_29' title='bbox 1534 1831 1712 1892; x_wconf 87' lang='lat' dir='ltr'>illam</span> <span class='ocrx_word' id='word_1_30' title='bbox 1739 1831 2046 1894; x_wconf 82' lang='lat' dir='ltr'>veneficii.</span> <span class='ocrx_word' id='word_1_31' title='bbox 2100 1891 2107 1898; x_wconf 83' lang='grc'><strong>.</strong></span> 
     </span>
    </p>
   </div>
   <div class='ocr_carea' id='block_1_7' title="bbox 688 2009 2134 2118">
    <p class='ocr_par' dir='ltr' id='par_1_7' title="bbox 688 2009 2134 2118">
     <span class='ocr_line' id='line_1_8' title="bbox 688 2009 2134 2118; baseline 0 -22"><span class='ocrx_word' id='word_1_32' title='bbox 688 2009 833 2096; x_wconf 64' lang='grc' dir='ltr'>ΡΒὸ</span> <span class='ocrx_word' id='word_1_33' title='bbox 884 2049 1185 2118; x_wconf 70' lang='lat' dir='ltr'><strong>JUVENE</strong></span> <span class='ocrx_word' id='word_1_34' title='bbox 1232 2046 1544 2096; x_wconf 72' lang='lat' dir='ltr'>CONTRA</span> <span class='ocrx_word' id='word_1_35' title='bbox 1594 2048 2134 2097; x_wconf 69' lang='lat' dir='ltr'>Mssnn&#39;rmcnu.</span> 
     </span>
    </p>
   </div>
   <div class='ocr_carea' id='block_1_8' title="bbox 354 2225 2469 4061">
    <p class='ocr_par' dir='ltr' id='par_1_8' title="bbox 354 2225 2469 4061">
     <span class='ocr_line' id='line_1_9' title="bbox 454 2225 2466 2329; baseline 0 -29"><span class='ocrx_word' id='word_1_36' title='bbox 454 2229 626 2302; x_wconf 78' lang='lat' dir='ltr'>CAP.</span> <span class='ocrx_word' id='word_1_37' title='bbox 663 2229 718 2300; x_wconf 88' lang='lat'>1.</span> <span class='ocrx_word' id='word_1_38' title='bbox 755 2226 1029 2318; x_wconf 84' lang='lat' dir='ltr'><strong>Sentio,</strong></span> <span class='ocrx_word' id='word_1_39' title='bbox 1062 2226 1379 2329; x_wconf 88' lang='lat' dir='ltr'>judices,</span> <span class='ocrx_word' id='word_1_40' title='bbox 1412 2225 1596 2299; x_wconf 88' lang='lat' dir='ltr'>hanc</span> <span class='ocrx_word' id='word_1_41' title='bbox 1631 2253 1914 2327; x_wconf 91' lang='lat' dir='ltr'>quoque</span> <span class='ocrx_word' id='word_1_42' title='bbox 1949 2226 2466 2300; x_wconf 78' lang='lat' dir='ltr'>calamitatibus</span> 
     </span>
     <span class='ocr_line' id='line_1_10' title="bbox 356 2342 2468 2434; baseline -0 -18"><span class='ocrx_word' id='word_1_43' title='bbox 356 2346 534 2417; x_wconf 89' lang='lat' dir='ltr'>meis</span> <span class='ocrx_word' id='word_1_44' title='bbox 584 2344 948 2417; x_wconf 88' lang='lat' dir='ltr'>accessisse</span> <span class='ocrx_word' id='word_1_45' title='bbox 1004 2342 1383 2416; x_wconf 82' lang='lat' dir='ltr'>novitatem</span> <span class='ocrx_word' id='word_1_46' title='bbox 1403 2401 1422 2434; x_wconf 87' lang='lat'>‚</span> <span class='ocrx_word' id='word_1_47' title='bbox 1476 2364 1555 2416; x_wconf 92' lang='lat' dir='ltr'>ut</span> <span class='ocrx_word' id='word_1_48' title='bbox 1608 2343 1803 2415; x_wconf 83' lang='lat' dir='ltr'>vobis</span> <span class='ocrx_word' id='word_1_49' title='bbox 1853 2344 2179 2416; x_wconf 87' lang='lat' dir='ltr'>nondum</span> <span class='ocrx_word' id='word_1_50' title='bbox 2233 2343 2468 2418; x_wconf 87' lang='lat' dir='ltr'>videar</span> 
     </span>
     <span class='ocr_line' id='line_1_11' title="bbox 356 2459 2469 2560; baseline 0.002 -29"><span class='ocrx_word' id='word_1_51' title='bbox 356 2460 619 2533; x_wconf 88' lang='lat' dir='ltr'>odisse:</span> <span class='ocrx_word' id='word_1_52' title='bbox 655 2488 784 2534; x_wconf 92' lang='lat' dir='ltr'>nec</span> <span class='ocrx_word' id='word_1_53' title='bbox 822 2487 938 2533; x_wconf 88' lang='lat' dir='ltr'>me</span> <span class='ocrx_word' id='word_1_54' title='bbox 973 2460 1276 2559; x_wconf 80' lang='lat' dir='ltr'>praeterit</span> <span class='ocrx_word' id='word_1_55' title='bbox 1308 2459 1701 2560; x_wconf 88' lang='lat' dir='ltr'>plurimum</span> <span class='ocrx_word' id='word_1_56' title='bbox 1738 2460 1965 2560; x_wconf 86' lang='lat' dir='ltr'>perire</span> <span class='ocrx_word' id='word_1_57' title='bbox 1998 2460 2084 2534; x_wconf 88' lang='lat' dir='ltr'>de</span> <span class='ocrx_word' id='word_1_58' title='bbox 2124 2460 2469 2535; x_wconf 89' lang='lat' dir='ltr'>nocentis-</span> 
     </span>
     <span class='ocr_line' id='line_1_12' title="bbox 356 2573 2469 2675; baseline 0.001 -29"><span class='ocrx_word' id='word_1_59' title='bbox 356 2573 548 2646; x_wconf 87' lang='lat' dir='ltr'>simae</span> <span class='ocrx_word' id='word_1_60' title='bbox 574 2574 879 2673; x_wconf 90' lang='lat' dir='ltr'>potionis</span> <span class='ocrx_word' id='word_1_61' title='bbox 905 2573 1203 2664; x_wconf 85' lang='lat' dir='ltr'>invidia,</span> <span class='ocrx_word' id='word_1_62' title='bbox 1231 2573 1403 2645; x_wconf 90' lang='lat' dir='ltr'>dum</span> <span class='ocrx_word' id='word_1_63' title='bbox 1428 2601 1544 2646; x_wconf 89' lang='lat' dir='ltr'>me</span> <span class='ocrx_word' id='word_1_64' title='bbox 1560 2575 1817 2674; x_wconf 88' lang='lat' dir='ltr'>putatis</span> <span class='ocrx_word' id='word_1_65' title='bbox 1838 2575 2070 2648; x_wconf 87' lang='lat' dir='ltr'>adhuc</span> <span class='ocrx_word' id='word_1_66' title='bbox 2093 2574 2469 2675; x_wconf 89' lang='lat' dir='ltr'>impatien-</span> 
     </span>
     <span class='ocr_line' id='line_1_13' title="bbox 357 2688 2465 2789; baseline 0.002 -31"><span class='ocrx_word' id='word_1_67' title='bbox 357 2689 453 2781; x_wconf 75' lang='lat' dir='ltr'>tia</span> <span class='ocrx_word' id='word_1_68' title='bbox 481 2689 709 2789; x_wconf 86' lang='lat' dir='ltr'>priore</span> <span class='ocrx_word' id='word_1_69' title='bbox 741 2688 1081 2759; x_wconf 86' lang='lat' dir='ltr'>miserum</span> <span class='ocrx_word' id='word_1_70' title='bbox 1109 2716 1122 2758; x_wconf 91' lang='lat'>:</span> <span class='ocrx_word' id='word_1_71' title='bbox 1157 2715 1388 2787; x_wconf 84' lang='lat' dir='ltr'>quaeso</span> <span class='ocrx_word' id='word_1_72' title='bbox 1414 2707 1654 2760; x_wconf 88' lang='lat' dir='ltr'>tamen</span> <span class='ocrx_word' id='word_1_73' title='bbox 1679 2690 1787 2761; x_wconf 87' lang='lat' dir='ltr'>vel</span> <span class='ocrx_word' id='word_1_74' title='bbox 1816 2689 1985 2763; x_wconf 87' lang='lat' dir='ltr'>hinc</span> <span class='ocrx_word' id='word_1_75' title='bbox 2011 2712 2224 2764; x_wconf 88' lang='lat' dir='ltr'>totam</span> <span class='ocrx_word' id='word_1_76' title='bbox 2257 2691 2465 2766; x_wconf 89' lang='lat' dir='ltr'>delati</span> 
     </span>
     <span class='ocr_line' id='line_1_14' title="bbox 357 2801 2465 2905; baseline 0.001 -29"><span class='ocrx_word' id='word_1_77' title='bbox 357 2803 627 2877; x_wconf 88' lang='lat' dir='ltr'>sceleris</span> <span class='ocrx_word' id='word_1_78' title='bbox 673 2803 1156 2904; x_wconf 87' lang='lat' dir='ltr'>probationem</span> <span class='ocrx_word' id='word_1_79' title='bbox 1201 2801 1494 2902; x_wconf 75' lang='lat' dir='ltr'>gravitas</span> <span class='ocrx_word' id='word_1_80' title='bbox 1533 2823 1761 2875; x_wconf 88' lang='lat' dir='ltr'>vestra</span> <span class='ocrx_word' id='word_1_81' title='bbox 1803 2804 2219 2905; x_wconf 86' lang='lat' dir='ltr'>prospiciat,</span> <span class='ocrx_word' id='word_1_82' title='bbox 2272 2807 2465 2905; x_wconf 91' lang='lat' dir='ltr'>quod</span> 
     </span>
     <span class='ocr_line' id='line_1_15' title="bbox 355 2917 2466 3020; baseline 0.001 -28"><span class='ocrx_word' id='word_1_83' title='bbox 355 2918 580 2992; x_wconf 92' lang='lat' dir='ltr'>dolori</span> <span class='ocrx_word' id='word_1_84' title='bbox 610 2946 769 2991; x_wconf 90' lang='lat' dir='ltr'>meo</span> <span class='ocrx_word' id='word_1_85' title='bbox 799 2917 1239 3018; x_wconf 88' lang='lat' dir='ltr'>querelaeque</span> <span class='ocrx_word' id='word_1_86' title='bbox 1269 2945 1413 2990; x_wconf 91' lang='lat' dir='ltr'>non</span> <span class='ocrx_word' id='word_1_87' title='bbox 1445 2918 1783 2991; x_wconf 89' lang='lat' dir='ltr'>creditur:</span> <span class='ocrx_word' id='word_1_88' title='bbox 1820 2946 1946 2992; x_wconf 94' lang='lat' dir='ltr'>nec</span> <span class='ocrx_word' id='word_1_89' title='bbox 1978 2948 2175 3013; x_wconf 88' lang='lat' dir='ltr'>amo,</span> <span class='ocrx_word' id='word_1_90' title='bbox 2207 2924 2331 3020; x_wconf 91' lang='lat' dir='ltr'>qui</span> <span class='ocrx_word' id='word_1_91' title='bbox 2361 2950 2466 2994; x_wconf 91' lang='lat' dir='ltr'>ac·</span> 
     </span>
     <span class='ocr_line' id='line_1_16' title="bbox 356 3033 2468 3136; baseline -0.001 -26"><span class='ocrx_word' id='word_1_92' title='bbox 356 3063 593 3110; x_wconf 88' lang='lat' dir='ltr'>cusare</span> <span class='ocrx_word' id='word_1_93' title='bbox 627 3060 949 3136; x_wconf 84' lang='lat' dir='ltr'>possum:</span> <span class='ocrx_word' id='word_1_94' title='bbox 995 3061 1122 3107; x_wconf 89' lang='lat' dir='ltr'>uec</span> <span class='ocrx_word' id='word_1_95' title='bbox 1154 3034 1309 3124; x_wconf 88' lang='lat' dir='ltr'>odi,</span> <span class='ocrx_word' id='word_1_96' title='bbox 1347 3033 1469 3131; x_wconf 85' lang='lat' dir='ltr'>qui</span> <span class='ocrx_word' id='word_1_97' title='bbox 1509 3059 1745 3107; x_wconf 88' lang='lat' dir='ltr'>amare</span> <span class='ocrx_word' id='word_1_98' title='bbox 1780 3034 2093 3108; x_wconf 83' lang='lat' dir='ltr'>mallem.</span> <span class='ocrx_word' id='word_1_99' title='bbox 2130 3035 2324 3125; x_wconf 90' lang='lat' dir='ltr'>Quid</span> <span class='ocrx_word' id='word_1_100' title='bbox 2368 3057 2468 3108; x_wconf 87' lang='lat' dir='ltr'>est</span> 
     </span>
     <span class='ocr_line' id='line_1_17' title="bbox 356 3149 2467 3251; baseline 0 -28"><span class='ocrx_word' id='word_1_101' title='bbox 356 3151 550 3225; x_wconf 85' lang='lat' dir='ltr'>aliud</span> <span class='ocrx_word' id='word_1_102' title='bbox 571 3151 759 3251; x_wconf 90' lang='lat' dir='ltr'>quod</span> <span class='ocrx_word' id='word_1_103' title='bbox 780 3149 927 3222; x_wconf 92' lang='lat' dir='ltr'>bibi</span> <span class='ocrx_word' id='word_1_104' title='bbox 946 3208 965 3241; x_wconf 88' lang='lat'>,</span> <span class='ocrx_word' id='word_1_105' title='bbox 988 3178 1203 3250; x_wconf 89' lang='lat' dir='ltr'>quam</span> <span class='ocrx_word' id='word_1_106' title='bbox 1223 3149 1623 3222; x_wconf 82' lang='lat' dir='ltr'>venenum?</span> <span class='ocrx_word' id='word_1_107' title='bbox 1641 3149 1806 3224; x_wconf 89' lang='lat' dir='ltr'>licet</span> <span class='ocrx_word' id='word_1_108' title='bbox 1825 3149 2039 3250; x_wconf 75' lang='lat' dir='ltr'>igitur</span> <span class='ocrx_word' id='word_1_109' title='bbox 2054 3150 2467 3223; x_wconf 88' lang='lat' dir='ltr'>nocentissi-</span> 
     </span>
     <span class='ocr_line' id='line_1_18' title="bbox 357 3266 2464 3367; baseline 0.001 -30"><span class='ocrx_word' id='word_1_110' title='bbox 357 3292 479 3338; x_wconf 88' lang='lat' dir='ltr'>ma</span> <span class='ocrx_word' id='word_1_111' title='bbox 495 3266 926 3338; x_wconf 89' lang='lat' dir='ltr'>feminarum</span> <span class='ocrx_word' id='word_1_112' title='bbox 948 3266 1168 3340; x_wconf 89' lang='lat' dir='ltr'>rideat</span> <span class='ocrx_word' id='word_1_113' title='bbox 1190 3266 1379 3367; x_wconf 91' lang='lat' dir='ltr'>quod</span> <span class='ocrx_word' id='word_1_114' title='bbox 1401 3294 1654 3340; x_wconf 88' lang='lat' dir='ltr'>accuso</span> <span class='ocrx_word' id='word_1_115' title='bbox 1674 3325 1693 3358; x_wconf 88' lang='lat'>,</span> <span class='ocrx_word' id='word_1_116' title='bbox 1716 3287 1783 3340; x_wconf 91' lang='lat' dir='ltr'>et</span> <span class='ocrx_word' id='word_1_117' title='bbox 1812 3266 1885 3338; x_wconf 91' lang='lat' dir='ltr'>in</span> <span class='ocrx_word' id='word_1_118' title='bbox 1908 3267 2464 3339; x_wconf 87' lang='lat' dir='ltr'>manifestissimi</span> 
     </span>
     <span class='ocr_line' id='line_1_19' title="bbox 357 3378 2465 3481; baseline 0 -29"><span class='ocrx_word' id='word_1_119' title='bbox 357 3378 630 3460; x_wconf 79' lang='lat' dir='ltr'>sceleris</span> <span class='ocrx_word' id='word_1_120' title='bbox 646 3405 724 3451; x_wconf 93' lang='lat' dir='ltr'>co</span> <span class='ocrx_word' id='word_1_121' title='bbox 733 3380 1078 3453; x_wconf 88' lang='lat' dir='ltr'>nfessione</span> <span class='ocrx_word' id='word_1_122' title='bbox 1094 3409 1219 3481; x_wconf 89' lang='lat' dir='ltr'>per</span> <span class='ocrx_word' id='word_1_123' title='bbox 1235 3381 1627 3454; x_wconf 89' lang='lat' dir='ltr'>ludibrium</span> <span class='ocrx_word' id='word_1_124' title='bbox 1649 3379 1998 3454; x_wconf 89' lang='lat' dir='ltr'>malorum</span> <span class='ocrx_word' id='word_1_125' title='bbox 2023 3381 2304 3454; x_wconf 82' lang='lat' dir='ltr'>evadere</span> <span class='ocrx_word' id='word_1_126' title='bbox 2320 3403 2465 3455; x_wconf 89' lang='lat' dir='ltr'>ten-</span> 
     </span>
     <span class='ocr_line' id='line_1_20' title="bbox 356 3496 2464 3598; baseline 0.001 -29"><span class='ocrx_word' id='word_1_127' title='bbox 356 3518 453 3571; x_wconf 86' lang='lat' dir='ltr'>tet</span> <span class='ocrx_word' id='word_1_128' title='bbox 493 3524 860 3586; x_wconf 82' lang='lat' dir='ltr'>meorum3</span> <span class='ocrx_word' id='word_1_129' title='bbox 900 3525 1046 3570; x_wconf 90' lang='lat' dir='ltr'>non</span> <span class='ocrx_word' id='word_1_130' title='bbox 1085 3498 1218 3570; x_wconf 92' lang='lat' dir='ltr'>hoc</span> <span class='ocrx_word' id='word_1_131' title='bbox 1253 3519 1385 3589; x_wconf 85' lang='lat' dir='ltr'>est,</span> <span class='ocrx_word' id='word_1_132' title='bbox 1432 3498 1624 3598; x_wconf 91' lang='lat' dir='ltr'>quod</span> <span class='ocrx_word' id='word_1_133' title='bbox 1660 3496 1872 3570; x_wconf 82' lang='lat' dir='ltr'>hodie</span> <span class='ocrx_word' id='word_1_134' title='bbox 1909 3525 2025 3588; x_wconf 84' lang='lat' dir='ltr'>me</span> <span class='ocrx_word' id='word_1_135' title='bbox 2066 3519 2341 3598; x_wconf 88' lang='lat' dir='ltr'>torquet</span> <span class='ocrx_word' id='word_1_136' title='bbox 2382 3525 2464 3572; x_wconf 90' lang='lat' dir='ltr'>ac</span> 
     </span>
     <span class='ocr_line' id='line_1_21' title="bbox 354 3611 2463 3712; baseline -0 -27"><span class='ocrx_word' id='word_1_137' title='bbox 354 3612 643 3704; x_wconf 87' lang='lat' dir='ltr'>lacerat,</span> <span class='ocrx_word' id='word_1_138' title='bbox 690 3612 880 3712; x_wconf 90' lang='lat' dir='ltr'>quod</span> <span class='ocrx_word' id='word_1_139' title='bbox 927 3641 967 3685; x_wconf 90' lang='lat' dir='ltr'>a</span> <span class='ocrx_word' id='word_1_140' title='bbox 1015 3612 1403 3685; x_wconf 60' lang='lat' dir='ltr'>deterrimas</span> <span class='ocrx_word' id='word_1_141' title='bbox 1450 3613 1771 3685; x_wconf 89' lang='lat' dir='ltr'>mulieris</span> <span class='ocrx_word' id='word_1_142' title='bbox 1823 3612 2104 3685; x_wconf 88' lang='lat' dir='ltr'>caritate</span> <span class='ocrx_word' id='word_1_143' title='bbox 2148 3611 2463 3707; x_wconf 85' lang='lat' dir='ltr'>discessi,</span> 
     </span>
     <span class='ocr_line' id='line_1_22' title="bbox 356 3726 2459 3829; baseline 0.001 -30"><span class='ocrx_word' id='word_1_144' title='bbox 356 3727 478 3800; x_wconf 88' lang='lat' dir='ltr'>sed</span> <span class='ocrx_word' id='word_1_145' title='bbox 519 3727 706 3827; x_wconf 91' lang='lat' dir='ltr'>quod</span> <span class='ocrx_word' id='word_1_146' title='bbox 743 3726 1038 3800; x_wconf 89' lang='lat' dir='ltr'>remedii</span> <span class='ocrx_word' id='word_1_147' title='bbox 1072 3726 1211 3799; x_wconf 91' lang='lat' dir='ltr'>mei</span> <span class='ocrx_word' id='word_1_148' title='bbox 1245 3727 1470 3826; x_wconf 88' lang='lat' dir='ltr'>patior</span> <span class='ocrx_word' id='word_1_149' title='bbox 1502 3726 1842 3799; x_wconf 87' lang='lat' dir='ltr'>dolorem.</span> <span class='ocrx_word' id='word_1_150' title='bbox 1874 3727 2122 3800; x_wconf 90' lang='lat' dir='ltr'>Fidem</span> <span class='ocrx_word' id='word_1_151' title='bbox 2146 3727 2459 3829; x_wconf 86' lang='lat' dir='ltr'>justitiae!</span> 
     </span>
     <span class='ocr_line' id='line_1_23' title="bbox 355 3841 2462 3943; baseline 0 -28"><span class='ocrx_word' id='word_1_152' title='bbox 355 3843 574 3915; x_wconf 89' lang='lat' dir='ltr'>fidem</span> <span class='ocrx_word' id='word_1_153' title='bbox 597 3841 967 3916; x_wconf 84' lang='lat' dir='ltr'>severitatis</span> <span class='ocrx_word' id='word_1_154' title='bbox 990 3841 1354 3915; x_wconf 81' lang='lat' dir='ltr'>humanae!</span> <span class='ocrx_word' id='word_1_155' title='bbox 1381 3869 1468 3914; x_wconf 90' lang='lat' dir='ltr'>ne</span> <span class='ocrx_word' id='word_1_156' title='bbox 1491 3844 1834 3916; x_wconf 87' lang='lat' dir='ltr'>meretrici</span> <span class='ocrx_word' id='word_1_157' title='bbox 1870 3844 2082 3943; x_wconf 90' lang='lat' dir='ltr'>prosit</span> <span class='ocrx_word' id='word_1_158' title='bbox 2097 3901 2116 3934; x_wconf 86' lang='lat'>‚</span> <span class='ocrx_word' id='word_1_159' title='bbox 2141 3845 2251 3916; x_wconf 87' lang='lat' dir='ltr'>vel</span> <span class='ocrx_word' id='word_1_160' title='bbox 2272 3843 2462 3943; x_wconf 90' lang='lat' dir='ltr'>quod</span> 
     </span>
     <span class='ocr_line' id='line_1_24' title="bbox 354 3958 2459 4061; baseline 0 -29"><span class='ocrx_word' id='word_1_161' title='bbox 354 3958 905 4061; x_wconf 75' lang='lat' dir='ltr'>praevaricatione</span> <span class='ocrx_word' id='word_1_162' title='bbox 926 3975 944 4005; x_wconf 89' lang='lat'><em>¹</em></span> <span class='ocrx_word' id='word_1_163' title='bbox 969 3960 1208 4035; x_wconf 85' lang='lat' dir='ltr'>videor</span> <span class='ocrx_word' id='word_1_164' title='bbox 1223 3960 1616 4060; x_wconf 82' lang='lat' dir='ltr'>explicatus.</span> <span class='ocrx_word' id='word_1_165' title='bbox 1640 3963 1771 4032; x_wconf 89' lang='lat' dir='ltr'>Pro</span> <span class='ocrx_word' id='word_1_166' title='bbox 1791 3986 1904 4032; x_wconf 89' lang='lat' dir='ltr'>me</span> <span class='ocrx_word' id='word_1_167' title='bbox 1919 3960 2204 4033; x_wconf 84' lang='lat' dir='ltr'>forsitan</span> <span class='ocrx_word' id='word_1_168' title='bbox 2221 3961 2459 4053; x_wconf 88' lang='lat' dir='ltr'>fuerit,</span> 
     </span>
    </p>
   </div>
   <div class='ocr_carea' id='block_1_9' title="bbox 349 4111 2543 4352">
    <p class='ocr_par' dir='ltr' id='par_1_9' title="bbox 349 4111 2543 4352">
     <span class='ocr_line' id='line_1_25' title="bbox 431 4111 2462 4187; baseline 0 -21"><span class='ocrx_word' id='word_1_169' title='bbox 431 4132 452 4166; x_wconf 89' lang='lat'>1</span> <span class='ocrx_word' id='word_1_170' title='bbox 466 4154 477 4166; x_wconf 97' lang='lat'>.</span> <span class='ocrx_word' id='word_1_171' title='bbox 497 4113 554 4168; x_wconf 87' lang='lat' dir='ltr'><em>V</em></span> <span class='ocrx_word' id='word_1_172' title='bbox 546 4113 597 4167; x_wconf 82' lang='lat' dir='ltr'>el</span> <span class='ocrx_word' id='word_1_173' title='bbox 610 4114 753 4187; x_wconf 83' lang='lat' dir='ltr'>quod</span> <span class='ocrx_word' id='word_1_174' title='bbox 762 4117 1207 4187; x_wconf 76' lang='lat' dir='ltr'>proevaricatione.</span> <span class='ocrx_word' id='word_1_175' title='bbox 1226 4114 1367 4167; x_wconf 82' lang='lat' dir='ltr'>Mal·</span> <span class='ocrx_word' id='word_1_176' title='bbox 1447 4132 1661 4168; x_wconf 81' lang='lat' dir='ltr'>causam</span> <span class='ocrx_word' id='word_1_177' title='bbox 1690 4131 1861 4165; x_wconf 82' lang='lat' dir='ltr'>meam</span> <span class='ocrx_word' id='word_1_178' title='bbox 1884 4111 2077 4174; x_wconf 58' lang='lat' dir='ltr'>videon</span> <span class='ocrx_word' id='word_1_179' title='bbox 2097 4111 2327 4186; x_wconf 83' lang='lat' dir='ltr'>prodere</span> <span class='ocrx_word' id='word_1_180' title='bbox 2364 4112 2462 4166; x_wconf 79' lang='lat' dir='ltr'>ad-</span> 
     </span>
     <span class='ocr_line' id='line_1_26' title="bbox 349 4194 2460 4270; baseline -0.002 -18"><span class='ocrx_word' id='word_1_181' title='bbox 349 4196 487 4265; x_wconf 79' lang='lat' dir='ltr'>lem,</span> <span class='ocrx_word' id='word_1_182' title='bbox 511 4196 654 4270; x_wconf 80' lang='lat' dir='ltr'>quod</span> <span class='ocrx_word' id='word_1_183' title='bbox 685 4195 768 4249; x_wconf 86' lang='lat' dir='ltr'>vel</span> <span class='ocrx_word' id='word_1_184' title='bbox 798 4198 1262 4269; x_wconf 76' lang='lat' dir='ltr'>proevan’catione,</span> <span class='ocrx_word' id='word_1_185' title='bbox 1299 4214 1368 4248; x_wconf 85' lang='lat' dir='ltr'>ne</span> <span class='ocrx_word' id='word_1_186' title='bbox 1447 4194 2164 4267; x_wconf 75' lang='lat' dir='ltr'>versariae‚quiquumverbis</span> <span class='ocrx_word' id='word_1_187' title='bbox 2177 4213 2460 4265; x_wconf 71' lang='lat' dir='ltr'>negemme</span> 
     </span>
     <span class='ocr_line' id='line_1_27' title="bbox 353 4276 2543 4352; baseline -0.002 -19"><span class='ocrx_word' id='word_1_188' title='bbox 353 4282 522 4352; x_wconf 79' lang='lat' dir='ltr'>prosit</span> <span class='ocrx_word' id='word_1_189' title='bbox 559 4280 851 4347; x_wconf 80' lang='lat' dir='ltr'>meretrici,</span> <span class='ocrx_word' id='word_1_190' title='bbox 890 4278 1037 4352; x_wconf 85' lang='lat' dir='ltr'>quod</span> <span class='ocrx_word' id='word_1_191' title='bbox 1069 4280 1229 4331; x_wconf 82' lang='lat' dir='ltr'>etiam</span> <span class='ocrx_word' id='word_1_192' title='bbox 1255 4279 1367 4350; x_wconf 73' lang='lat' dir='ltr'>ipse</span> <span class='ocrx_word' id='word_1_193' title='bbox 1447 4296 1558 4332; x_wconf 86' lang='lat' dir='ltr'>non</span> <span class='ocrx_word' id='word_1_194' title='bbox 1576 4295 1786 4345; x_wconf 77' lang='lat' dir='ltr'>amare,</span> <span class='ocrx_word' id='word_1_195' title='bbox 1805 4276 2142 4331; x_wconf 74' lang='lat' dir='ltr'>accusatione</span> <span class='ocrx_word' id='word_1_196' title='bbox 2158 4277 2274 4348; x_wconf 75' lang='lat' dir='ltr'>ipsa</span> <span class='ocrx_word' id='word_1_197' title='bbox 2289 4288 2464 4329; x_wconf 74' lang='lat' dir='ltr'>osten·</span> <span class='ocrx_word' id='word_1_198' title='bbox 2536 4279 2543 4286; x_wconf 84' lang='lat'><strong><em>&#39;</em></strong></span> 
     </span>
    </p>
   </div>
  </div>
 </body>
</html>
