3200 5117
748 535 895 624 xviij
1290 528 1756 594 EDITORIS
1804 529 2295 593 PRAEFATIO

745 657 1093 723 elaboratis
1115 676 1377 741 parasse
1400 654 1706 718 traditur¹
1739 655 2031 717 Venetiis
2058 654 2434 717 Laurentius
2454 650 2837 733 Patarolius,

746 789 901 829 usus
943 764 1137 826 etiam
1170 762 1455 849 antiquis
1493 759 1928 835 editionibus,
1971 775 2044 821 ut
2079 762 2286 845 prima
2319 761 2605 837 Veneta,
2652 760 2838 839 1481,

744 872 858 934 fol.
892 893 968 932 ex
996 870 1379 930 recensione
1411 867 1675 950 Georgii
1712 867 2016 943 Merulae,
2047 864 2494 941 Alexandrini,
2523 888 2722 952 quam
2747 865 2843 927 in-

745 975 952 1063 spexit
996 976 1191 1036 etiam
1236 972 1550 1035 celeberr.
1600 977 2047 1046 Burmannus,
2096 994 2217 1033 nec
2264 993 2398 1033 non
2447 969 2649 1033 altera
2697 970 2839 1034 sine

742 1097 896 1143 nota
950 1079 1072 1141 loci
1127 1097 1239 1139 aut
1289 1075 1645 1161 temporis,
1698 1098 1846 1161 quae
1897 1089 2102 1136 exstat
2153 1074 2218 1135 in
2272 1074 2433 1136 Bibl.
2487 1073 2837 1152 Leidensi,

740 1211 886 1276 pag.
925 1185 1077 1264 256,
1110 1201 1307 1271 atque
1336 1207 1373 1246 a
1402 1182 1723 1245 Patarolio
1757 1181 2150 1245 describitur
2180 1181 2279 1245 1115
2306 1180 2557 1244 verbis:
2585 1180 2836 1258 Altera,

741 1317 877 1382 quae
901 1290 1071 1381 apud
1094 1314 1189 1353 me
1218 1301 1445 1365 exstat,
1476 1287 1691 1364 editio,
1719 1312 1910 1376 quam
1940 1310 2017 1350 et·
2042 1285 2416 1350 characteris
2431 1287 2652 1377 fiqura
2687 1310 2837 1353 3οω-

739 1403 1035 1485 vamjam
1060 1399 1263 1485 priori
1268 1394 1521 1484 judico,
1548 1418 1674 1456 non
1700 1397 1862 1458 enim
1888 1406 2175 1483 apparet,
2203 1391 2452 1482 quando
2478 1406 2536 1457 et
2562 1391 2670 1455 ubi
2691 1416 2840 1481 pro—

740 1504 955 1581 dierit3
978 1503 1102 1568 hoec
1119 1505 1360 1593 pariter
1379 1514 1464 1564 est
1492 1500 1689 1590 insol.
1716 1504 1977 1590 ipsique,
2004 1525 2194 1590 quum
2216 1504 2491 1590 primum
2515 1500 2837 1587 Quintilia-

741 1638 890 1676 num
911 1613 1324 1706 perleqerem,
1361 1622 1536 1674 nolas
1574 1632 1741 1674 meas
1773 1622 2107 1699 perpetuas
2142 1613 2206 1671 in
2242 1612 2520 1696 marqine
2554 1613 2835 1700 opposui.

740 1722 959 1785 Editio
985 1718 1230 1786 deinde
1258 1737 1460 1784 exstat
1489 1736 1712 1782 curata
1741 1722 1973 1782 Venet.
2017 1719 2208 1798 1482,
2241 1718 2352 1781 fol.
2386 1721 2459 1780 ln
2493 1719 2652 1781 Bibl.
2680 1721 2832 1784 Sen.

740 1829 917 1915 Lips.
948 1846 1044 1892 est
1075 1845 1350 1916 utraque
1384 1830 1665 1904 Veneta,
1697 1827 1899 1889 altera
1938 1827 2120 1905 1481,
2150 1827 2352 1889 altera
2391 1826 2582 1905 1482,
2616 1849 2695 1888 ex
2724 1848 2836 1889 ea-

739 1934 891 1999 dem
931 1935 1227 2012 officina,
1274 1931 1708 2022 ejusdemque
1752 1932 2069 2019 exempli,
2116 1933 2238 1995 nisi
2278 1932 2458 2021 quod
2512 1931 2614 1995 ed.
2671 1932 2827 2011 1481

736 2044 1075 2132 pulchrior
1095 2060 1193 2106 est
1214 2042 1448 2105 altera:
1480 2057 1756 2128 utraque
1781 2057 1843 2104 et
1867 2039 2065 2103 habet
2088 2042 2269 2127 praef.
2291 2041 2428 2104 lac.
2455 2038 2830 2117 Grasolarii,

738 2150 851 2238 qui
885 2150 1045 2213 dicit
1085 2172 1153 2210 se
1184 2164 1405 2211 vetera
1445 2149 1741 2234 exempla
1775 2148 2165 2235 inspexisse,
2200 2164 2265 2210 et
2297 2148 2649 2234 diligenter
2680 2170 2834 2234 per·

738 2257 972 2341 legisse
1011 2280 1023 2319 :
1060 2255 1253 2334 dein,
1303 2278 1387 2318 ne
1433 2254 1591 2343 quid
1639 2256 1769 2319 ulla
1818 2279 1896 2318 ex
1943 2274 2126 2341 parte
2175 2255 2570 2320 mendosum
2620 2274 2827 2334 esset,

738 2364 1023 2449 Georgio
1039 2362 1478 2426 Alexandrino
1502 2364 1891 2450 praeceptori
1913 2385 2033 2427 suo
2055 2362 2520 2449 corrigendum
2537 2361 2830 2427 dedisse:

738 2491 892 2532 eum
939 2470 1125 2532 solita
1166 2468 1497 2556 diligentia
1541 2471 2022 2557 recognovisse.
2066 2471 2238 2534 Dicit
2282 2471 2346 2533 111
2389 2471 2556 2549 fine,
2603 2492 2672 2534 se
2723 2493 2829 2534 eas

739 2578 1029 2642 Declam.
1061 2602 1099 2640 a
1128 2578 1254 2641 situ
1285 2596 1350 2641 et
1379 2580 1684 2666 squalore
1714 2600 2090 2656 revocasse,
2128 2580 2590 2668 hortaturque,
2619 2594 2691 2641 ut
2718 2577 2828 2642 alii

739 2708 932 2748 suum
964 2687 1335 2772 exemplum
1366 2684 1705 2748 imitentur
1736 2685 1818 2748 ad
1851 2684 2204 2774 indaqanda
2232 2704 2296 2750 et
2325 2684 2688 2773 corriqenda
2714 2707 2829 2749 ve-

739 2811 953 2856 terum
994 2794 1238 2880 scriptt.
1266 2792 1620 2857 volumina.
1656 2793 1785 2874 Qui
1817 2790 2054 2857 modus
2084 2792 2403 2881 loquendi
2437 2792 2701 2856 videtur
2733 2793 2830 2856 in-

736 2897 989 2976 dicare,
1022 2899 1191 2962 hanc
1219 2921 1358 2961 esse
1386 2900 1663 2986 primam
1696 2898 2079 2963 editionem.
2122 2898 2385 2979 Aldina,
2427 2901 2621 2979 1514,
2659 2901 2727 2977 8,
2759 2900 2828 2963 111

736 3005 1043 3070 Biblioth.
1078 3007 1534 3093 Buntingiana,
1563 3030 1626 3093 p.
1663 3007 1809 3086 164,
1843 3024 2059 3070 1101313
2092 3008 2254 3071 falso
2286 3024 2402 3071 est.
2432 3010 2510 3070 In
2535 3007 2829 3071 editione

735 3113 1116 3195 Quintiliani
1146 3116 1538 3177 Ascensiana
1570 3115 1730 3202 ¹5¹9
1756 3113 1838 3177 ad
1870 3115 2299 3178 recensendas
2331 3131 2396 3177 et
2425 3111 2829 3201 castigandas

737 3222 1263 3286 Declamationes
1288 3221 1402 3286 has
1429 3223 1908 3286 vetustissimus
1935 3223 2100 3286 liber
2126 3246 2161 3286 e
2191 3223 2593 3287 Bibliotheca
2618 3225 2828 3284 Lexo-

736 3329 977 3390 viensis
1016 3331 1273 3417 collegii
1310 3329 1643 3393 adhibitus
1685 3351 1826 3394 esse
1868 3328 2138 3394 dicitur:
2171 3329 2351 3394 unde
2386 3330 2555 3393 hanc
2590 3326 2827 3391 editio-

736 3457 887 3498 nem
920 3439 1170 3502 caeteris
1205 3437 1463 3525 praefert
1497 3435 1791 3502 Bai-thius
1817 3438 1857 3501 l.
1890 3463 1943 3502 3.
1973 3439 2084 3500 ubi
2118 3453 2182 3500 et
2211 3439 2352 3502 loca
2381 3439 2566 3526 plura
2596 3435 2827 3523 primae

737 3543 1244 3607 Declamationis
1280 3545 1545 3630 corrigit
1588 3559 1655 3606 et
1691 3544 1986 3608 illustrat.
2039 3546 2136 3607 De
2179 3542 2385 3607 nitida
2424 3540 2822 3621 Oxoniensi,

737 3648 851 3712 sed
887 3648 968 3712 ad
1015 3650 1227 3714 nullos
1269 3652 1444 3716 MSS.
1492 3651 1824 3737 recognita
1867 3651 2164 3731 30111335,
2208 3676 2266 3714 a.
2316 3652 2511 3736 1692,
2557 3650 2626 3727 8,
2671 3672 2824 3713 cum

734 3753 1047 3819 brevibus
1089 3757 1298 3832 notis,
1347 3779 1495 3843 quae
1539 3757 1888 3844 Dialogum
1933 3757 2016 3822 de
2062 3759 2272 3821 causis
2313 3775 2643 3844 corrupta:
2687 3757 2823 3820 310-

735 3859 1023 3948 quentiae
1074 3857 1497 3948 subjunctum
1540 3859 1771 3938 habet,
1816 3860 1949 3925 vid.
2002 3865 2156 3924 Acta
2204 3861 2449 3940 Erud.,
2502 3877 2663 3925 tom.
2715 3861 2819 3936 Π,

732 3968 1059 4056 supplem.
1100 3993 1164 4056 p.
1199 3968 1343 4055 317.
1386 3970 1697 4048 Caeteras,
1731 3992 1879 4058 quae
1918 3992 2068 4033 cum
2107 3970 2606 4036 Institutionum
2637 3964 2819 4034 libris

814 4213 851 4244 ι.
879 4195 1107 4249 10111·ηαὶ
1126 4198 1208 4249 des
1227 4197 1474 4258 savants,
1510 4207 1660 4265 1711,
1687 4217 1738 4266 p.
1767 4197 1885 4263 567.
