3200 5117
642 559 741 623 rs
784 556 1203 622 uncum.
1248 556 1345 618 M.
1392 558 1467 619 Ρ.
1510 555 2172 638 chx‘mmssi.
2347 560 2454 650 ιη·

366 707 527 750 ιιι-ε
556 707 699 748 no-
727 681 1113 747 excelluisse
1144 679 1389 756 modo,
1425 677 1547 745 sed
1576 679 1894 744 Romanis
1927 680 2086 769 ipsis
2111 697 2414 745 auctores
2433 731 2450 758 ,

364 791 1041 875 duoesac-agistms
1066 788 1271 852 fuisse
1298 786 1676 874 comperio:
1709 809 1864 851 nam
1891 788 1968 851 L.
1993 787 2311 866 Plotium,
2336 790 2452 877 qni

368 898 617 987 primns
636 893 817 983 apud
842 894 1107 957 latinos
1128 891 1395 958 dicendi
1418 909 1792 980 praeceptor
1812 893 2121 958 extremis
2141 895 2216 958 L.
2235 895 2452 959 Crassi

368 1001 775 1090 tenporibus
794 999 1059 1072 floruit,
1082 998 1347 1063 Gallum
1374 998 1579 1062 fuisse
1605 996 1919 1063 traditum
1950 1014 2088 1063 est:
2119 1015 2186 1064 et
2209 1022 2295 1064 ne
2319 1001 2452 1064 sin·

367 1108 557 1198 gulos
603 1127 995 1170 munerare
1038 1126 1311 1169 necesse
1352 1099 1640 1167 habeam
1660 1153 1678 1183 ,
1727 1107 2022 1192 Augusto
2073 1104 2454 1191 reipublicae

368 1213 629 1278 chrum
642 1212 1281 1289 tenente,Votienus
1296 1211 1658 1274 Montanus
1677 1208 2122 1274 Narbonensis
2142 1232 2268 1299 pro
2288 1233 2456 1275 sum·

366 1345 483 1387 mo
514 1340 775 1386 oratore
804 1317 1100 1396 lnhitns,
1130 1316 1401 1381 demum
1423 1341 1464 1382 a
1485 1316 1760 1382 Tiberio
1783 1317 1854 1381 in
1881 1318 2128 1383 insulas
2155 1318 2454 1384 Baleares

368 1428 703 1515 relegatus
723 1425 979 1513 legitur.
1012 1422 1149 1488 Sub
1171 1424 1319 1511 ipso
1339 1421 1616 1486 Tiberio
1643 1422 2008 1488 Domitium
2034 1424 2266 1488 Afrum
2291 1446 2452 1511 prae·

375 1532 863 1599 stantissimum
888 1547 1217 1594 oratorem
1261 1532 1666 1606 Nemausus,
1702 1527 2011 1595 Clodium
2046 1530 2454 1612 Quirinalem

376 1638 711 1704 rhetorem
744 1638 959 1702 Arelas
985 1635 1154 1700 Urbi
1187 1633 1393 1699 dedit.
1425 1634 1561 1701 Sub
1593 1635 1885 1725 Caligula
1917 1638 2123 1725 Trogi
2158 1639 2454 1726 Pompeii

372 1763 564 1835 pater
593 1768 632 1809 e
652 1744 989 1808 vocontiis
1017 1742 1444 1832 epistolarum
1469 1758 1537 1805 et
1561 1742 1966 1829 legationum
1982 1792 2000 1821 ,
2032 1744 2228 1809 simul
2255 1759 2320 1808 et
2343 1767 2458 1808 an-

370 1852 511 1916 nuli
550 1873 777 1916 curam
818 1848 1069 1914 habuit.
1106 1847 1553 1936 Temporibus
1589 1848 1870 1911 Neronis
1914 1849 1989 1911 L.
2032 1850 2271 1915 Statius
2318 1849 2457 1915 sive

372 1957 684 2039 Ursulus,
708 1958 848 2023 sive
869 1956 1183 2024 Surculus
1202 1955 1481 2020 Tolosas
1501 1958 1730 2019 Romae
1751 1954 2148 2020 rhetoricam
2173 1955 2458 2020 celeber-

370 2065 539 2130 rime
569 2063 829 2130 docuit:
865 2081 933 2128 et
960 2062 1193 2128 eadem
1221 2064 1362 2127 fere
1398 2076 1590 2127 aetate
1627 2062 1846 2126 Julius
1880 2059 2150 2142 Florus,
2180 2077 2454 2149 patruus

372 2169 533 2235 Julii
560 2167 845 2236 Secundi
863 2219 881 2248 ,
910 2169 1093 2233 mirae
1120 2164 1446 2232 facundiae
1479 2183 1546 2231 et
1578 2166 1852 2230 infinitae
1883 2189 2059 2232 curae
2082 2167 2206 2230 viri
2234 2168 2303 2229 in
2329 2166 2462 2232 elo-

374 2279 647 2367 quentia
666 2278 1019 2343 Galliarum
1034 2326 1053 2354 ,
1077 2300 1277 2366 qnam
1302 2293 1370 2341 et
1392 2275 1484 2340 ibi
1506 2275 1778 2340 demum
1799 2277 2123 2356 exercuit,
2150 2277 2459 2364 princeps

372 2400 450 2448 ut
480 2384 655 2448 inter
685 2407 931 2472 paucos
962 2381 1245 2447 disertus
1276 2405 1314 2446 a
1347 2384 1438 2445 M.
1476 2380 1682 2446 Fabio
1708 2381 2012 2447 laudatus
2039 2398 2157 2447 est.
2183 2380 2313 2449 Sed
2338 2405 2461 2449 nec

375 2511 501 2577 ego
524 2491 621 2553 M„
650 2493 895 2579 Aprum
922 2487 1244 2553 indictum
1268 2486 1451 2552 abire
1474 2488 1704 2576 patiar,
1728 2490 1766 2552 J
1772 2488 1888 2552 ulii
1921 2487 2209 2556 Secundi
2244 2511 2462 2579 aequa-

375 2593 543 2674 lem,
578 2594 1083 2659 celeberrimum
1115 2594 1217 2658 sui
1251 2592 1379 2657 fori
1412 2592 1787 2681 ingenium,
1826 2595 2124 2684 quamvis
2159 2592 2460 2683 plerique

379 2699 661 2787 maligne
684 2700 1134 2788 opinarentur,
1163 2718 1288 2761 nec
1310 2694 1617 2762 Secundo
1642 2716 2028 2787 promptum
2052 2721 2196 2765 esse
2222 2721 2463 2765 sermo-

380 2825 534 2869 nem
551 2853 569 2883 ,
597 2804 779 2894 quod
812 2826 951 2870 non
978 2804 1132 2869 satis
1158 2826 1282 2893 pro
1306 2819 1496 2868 aetate
1520 2827 1783 2892 pugnax
1800 2854 1818 2884 ,
1846 2806 2086 2893 saepius
2116 2804 2202 2871 ad
2237 2828 2461 2872 curam

377 2933 600 2977 rerum
626 2911 713 2977 ab
745 2912 1120 2976 elocutione
1148 2911 1480 2997 respicere
1501 2907 1862 2992 videretur,
1899 2928 1966 2976 et
1997 2915 2249 3000 Aprum
2282 2914 2460 3001 inge-

375 3016 490 3082 nio
507 3018 728 3104 potius
749 3032 815 3081 et
831 3017 898 3080 vi
916 3033 1195 3094 naturae,
1219 3038 1416 3104 quam
1438 3015 1850 3081 institutione
1875 3033 1943 3081 et
1958 3017 2194 3081 litteris
2220 3018 2464 3082 famam

377 3123 775 3214 eloquentiae
801 3140 1253 3190 consecutum.
1291 3126 1374 3187 Et
1404 3140 1480 3188 ut
1511 3122 1596 3188 ad
1626 3125 2070 3211 posteriorum
2105 3125 2462 3213 imperato-

375 3252 525 3294 rum
566 3247 865 3319 tempora
906 3245 1265 3307 transeam,
1308 3251 1440 3293 una
1484 3246 1704 3294 nostra
1742 3230 2127 3320 Aquitania,
2164 3232 2460 3319 quamvis

376 3358 587 3424 graeca
611 3360 680 3403 se
703 3337 908 3427 jactet
931 3337 1216 3424 origine,
1235 3333 1461 3424 plures
1483 3334 1650 3398 Urbi
1670 3334 1908 3401 latinos
1929 3334 2228 3402 rhetoras
2254 3354 2465 3402 orato-

380 3463 616 3533 resque
645 3439 863 3520 dedit,
888 3464 1087 3531 quam
1114 3439 1388 3529 reliquae
1416 3437 1615 3505 simul
1640 3463 1873 3506 omnes
1900 3441 2276 3529 provinciae.
2299 3444 2463 3506 Tes-

382 3560 478 3612 tes
507 3548 673 3612 mihi
703 3547 999 3635 inprimis
1032 3562 1229 3611 erunt
1261 3546 1602 3626 Nemi-ius,
1647 3562 1714 3611 et
1750 3547 1957 3634 ipsius
1993 3547 2124 3612 filia
2160 3548 2461 3613 Eunonia

314 3670 330 3686 ·
374 3653 545 3741 patri
569 3652 946 3742 eloquentia
970 3651 1180 3717 nihilo
1205 3651 1514 3716 inferior:
1546 3667 1745 3718 testes
1771 3654 2065 3719 Paterius
2089 3669 2289 3744 atque
2314 3654 2464 3718 Del·
2603 3655 2608 3664 “

373 3755 647 3846 phidius
674 3758 1027 3823 acerrimus
1053 3773 1292 3838 orator,
1319 3757 1710 3823 Marcellino
1732 3758 1979 3841 dictus,
2007 3761 2462 3851 Hieronymia-

378 3883 485 3927 nae
524 3861 822 3929 Hedibiae
857 3864 1172 3954 majoreS,
1219 3880 1287 3928 et
1321 3863 1611 3929 Alcimus
1648 3864 2005 3946 Nitiobrix,
2047 3882 2117 3931 et
2154 3864 2464 3931 Tiberius

375 3968 628 4047 Victor,
656 3967 1082 4060 Alethiusque
1096 4022 1113 4053 ,
1134 3971 1443 4035 Minervii
1468 3969 2000 4060 Burdigalenses,
2024 3971 2141 4039 sed
2162 3989 2229 4038 et
2246 3974 2463 4038 Victo-

377 4074 559 4139 rinus
580 4073 691 4139 ille
705 4124 722 4155 ,
744 4076 859 4166 qui
878 4077 1077 4141 etiam
1094 4078 1163 4140 in
1184 4076 1332 4143 foro
1351 4075 1621 4168 Trajani
1646 4092 1926 4144 statuam
1949 4079 2212 4143 meruit.
2228 4080 2463 4143 Testes

378 4179 770 4249 Tiberianus
804 4199 873 4249 et
901 4184 1200 4251 Titianus
1231 4183 1356 4251 viri
1391 4181 1836 4258 disertissimi:
1865 4209 2153 4278 quorum
2184 4199 2464 4272 uterque
