3200 5117
774 515 898 594 378
1277 515 1369 577 M.
1419 513 1674 576 FABII
1721 513 2369 595 QUINTILIANI

772 666 850 709 ac
885 636 1321 736 parentibus,
1356 659 1457 724 et,
1495 636 1656 708 licet
1684 637 2118 709 dissimulare
2154 638 2493 736 parricida
2525 637 2880 730 videatur,

774 781 1006 824 coram
1057 780 1333 823 rumore
1384 776 1604 823 mater
1655 753 1988 851 inquirit,
2053 755 2222 852 quid
2272 756 2632 827 tormentis
2680 757 2878 828 unici

776 869 1151 966 quaesierit,
1190 869 1360 967 quid
1406 893 1625 940 morte
1675 872 2111 969 compererit.
2154 873 2592 968 Respondeat
2633 872 2881 944 saltem

777 1012 958 1072 reuS,
990 985 1281 1055 fateatur
1311 983 1556 1073 iratus,
1600 1013 1724 1056 cur
1754 986 1823 1055 in
1866 1008 2141 1084 peracta
2167 987 2563 1058 crudelitate
2609 988 2888 1060 modes-

771 1100 881 1170 tiae
928 1102 1154 1170 fronte
1198 1101 1538 1172 substitit¹
1572 1129 1585 1171 ε
1635 1130 1762 1172 nec
1800 1104 1994 1173 uxori
2034 1125 2253 1200 potest
2284 1104 2502 1174 videri
2549 1132 2833 1202 parcere
2860 1162 2882 1193 ,

774 1215 860 1284 de
912 1242 1050 1313 qua
1099 1213 1268 1286 scire
1318 1215 1535 1287 voluit
1579 1244 1668 1287 an
1707 1239 1880 1287 esset
1927 1218 2229 1289 incesta:
2271 1246 2398 1290 nee
2439 1220 2611 1307 filio,
2661 1248 2881 1317 quem

775 1352 1133 1428 tamquam
1177 1331 1410 1419 sciret,
1453 1331 1727 1404 occidit.
1777 1338 1957 1405 Ante
2004 1335 2247 1405 omnia
2286 1335 2526 1431 igitur,
2561 1336 2880 1436 judiceS,

775 1446 1028 1517 mulier
1072 1447 1524 1519 infelicissimi
1568 1451 1851 1546 pudoris
1886 1450 2015 1520 hoc
2057 1453 2146 1521 ab
2180 1453 2538 1522 affectibus
2582 1452 2884 1549 publicis

775 1562 972 1660 petit,
1003 1590 1088 1633 ne
1113 1563 1305 1634 vobis
1334 1592 1657 1635 accusare
1679 1565 2028 1637 videatur:
2072 1594 2256 1637 ream
2282 1595 2351 1637 se
2384 1567 2653 1655 incesti,
2687 1594 2883 1637 ream

775 1677 1123 1776 parricidii
1153 1700 1388 1776 putat:
1428 1680 1706 1753 exhibet
1733 1682 1991 1778 populo
2023 1682 2515 1753 conscientiam
2546 1708 2784 1770 suam,
2815 1702 2888 1752 et

774 1793 1097 1866 adversus
1130 1792 1631 1894 quenicunque
1666 1826 2061 1869 sermonem
2083 1857 2100 1887 ,
2141 1800 2615 1896 quodcunque
2650 1824 2883 1869 secre-

774 1929 922 1978 tum
943 1966 961 1997 ,
1001 1910 1249 1981 marito
1275 1912 1620 2008 famaeque
1643 1933 1911 2011 praestat
1936 1915 2403 2013 interrogandi
2431 1935 2828 2013 potestatem
2862 1942 2880 1983 :

773 2023 974 2095 vellet
1028 2026 1499 2097 innocentiam
1557 2029 1699 2098 suis
1752 2029 2039 2126 probare
2096 2030 2513 2119 visceribuS,
2562 2028 2766 2101 vellet
2804 2029 2883 2100 in

774 2143 1129 2240 equuleos,
1164 2143 1231 2212 in
1267 2144 1458 2240 ignes
1493 2144 1673 2215 hanc
1708 2146 2037 2216 miseram
2068 2146 2491 2244 praecipitare
2522 2147 2879 2245 pietatem.

873 2261 958 2327 11.
1018 2259 1393 2352 Ignoscite,
1429 2258 1737 2359 judiceS,
1771 2262 2257 2359 impatientiae,
2294 2289 2448 2359 quae
2479 2283 2718 2333 contra
2743 2261 2885 2332 cal-

773 2371 1190 2442 lidissimam
1225 2373 1855 2444 dissimulationem
1893 2375 2203 2447 libertate
2239 2376 2492 2447 doloris
2527 2398 2879 2447 exaestuat:

776 2488 1119 2562 incestum
1151 2489 1560 2586 probaretur
1593 2490 1865 2564 silentio
1898 2493 2138 2590 patris,
2173 2492 2228 2564 si
2264 2512 2508 2564 taceret
2536 2513 2606 2564 et
2635 2501 2877 2565 mater.

773 2606 1122 2705 Equidem
1158 2665 1176 2696 ,
1214 2607 1519 2707 judicem,
1565 2627 1708 2680 tam
1755 2609 2128 2680 contrarios
2173 2610 2462 2679 affectus
2504 2608 2684 2679 senis
2724 2609 2884 2679 satis

776 2723 1146 2810 admirari,
1177 2723 1334 2796 satis
1355 2744 1626 2820 stupere
1651 2751 1791 2794 non
1822 2751 2105 2822 possum
2134 2750 2147 2792 ε
2184 2724 2253 2794 in
2279 2749 2556 2794 rumore
2578 2742 2720 2794 tam
2746 2749 2885 2793 sus·

776 2836 1000 2933 picax,
1042 2857 1195 2935 post
1237 2859 1581 2910 tormenta
1623 2839 1916 2935 patienS,
1955 2839 2166 2911 modo
2204 2839 2291 2910 ad
2326 2837 2594 2909 fabulas
2629 2837 2880 2935 vulga-

777 2981 1020 3053 resque
1054 2982 1406 3028 sermones
1441 2982 1704 3053 pronus
1738 2983 1815 3028 ac
1850 2953 2104 3044 facilis,
2142 2955 2211 3025 in
2249 2955 2571 3045 orbitate,
2609 2954 2685 3025 in
2713 2980 2880 3053 par·-

776 3069 1053 3160 ricidio,
1102 3092 1325 3142 reatus
1369 3097 1651 3167 quoque
1696 3069 1930 3142 dolore
1980 3069 2329 3142 conticuit.
2384 3072 2549 3159 Quo
2600 3089 2878 3167 repente

775 3212 1144 3258 conversus
1180 3187 1313 3257 est?
1349 3186 1421 3257 in
1461 3213 1675 3282 quam
1720 3186 2136 3257 modestiam
2182 3184 2877 3283 desperationemque

775 3300 1070 3373 defecit?
1093 3303 1280 3374 torsit
1306 3325 1667 3399 tamquam
1695 3304 2047 3374 dicturum
2073 3330 2085 3373 :
2120 3322 2297 3374 tacet
2318 3323 2680 3400 tamquam
2702 3297 2882 3378 dixe-

783 3416 887 3488 rit.
935 3417 1177 3489 Fidem
1210 3417 1422 3513 igitur
1455 3440 1781 3506 vestram,
1822 3417 2126 3516 judiceS,
2166 3443 2253 3488 ne
2288 3416 2399 3486 cui
2437 3436 2701 3514 praestet
2729 3439 2881 3486 ma·

774 3557 927 3628 gnoe
963 3534 1334 3606 severitatis
1379 3536 1892 3612 auctoritatem,
1932 3561 2076 3605 non
2116 3560 2309 3630 posse
2341 3531 2662 3602 defendi:
2702 3556 2877 3602 neve

777 3647 936 3718 ideo
960 3647 1288 3744 suspicari
1317 3649 1619 3720 nefanda
1650 3648 1931 3738 malitis,
1961 3650 2125 3745 quia
2148 3674 2217 3719 se
2242 3646 2516 3718 silentio
2542 3643 2879 3745 parricida

777 3762 1096 3834 miratur:
1131 3790 1407 3864 parcere
1438 3792 1631 3837 nunc
1662 3766 1860 3837 illum
1893 3767 2221 3864 cuiquam
2251 3764 2544 3836 tacendo
2570 3760 2876 3834 creditis?

774 3873 965 3974 loqui
1000 3904 1070 3950 se
1104 3905 1329 3980 quum
1361 3879 1661 3953 maxime
1693 3900 1887 3979 putat
1908 3894 1966 3951 ²:
2006 3903 2070 3950 et
2098 3879 2359 3950 sibene
2392 3901 2570 3950 artes
2606 3897 2673 3950 et
2706 3902 2872 3974 pro·-

853 4099 894 4133 1.
919 4083 1105 4136 Frome
1128 4083 1363 4138 substitit.
1391 4088 1471 4137 Au
1491 4086 1780 4138 substiterit.
1866 4099 1941 4137 est
1962 4097 2268 4156 primatus,
2295 4085 2523 4153 species,
2545 4094 2605 4133 ut
2623 4083 2704 4133 bis
2732 4093 2877 4133 tem

771 4161 982 4214 Scilicet
1002 4181 1111 4215 non
1137 4182 1445 4235 progressus
1471 4165 1692 4216 ulterius
1717 4164 1786 4216 ad
1864 4165 2096 4216 Decium.
2121 4163 2283 4214 xvn.
2312 4162 2529 4214 Senum.

774 4242 1788 4315 arguendumuxorem.Modestioefrons
1939 4263 1987 4297 2.
2025 4244 2191 4315 Loqui
2218 4262 2267 4297 se
2300 4254 2413 4294 tum
2442 4245 2671 4294 maxime
2698 4250 2871 4313 putat·
