3200 5117
758 567 874 629 116
1252 564 1342 624 M.
1392 561 1639 624 FABll
1684 559 2320 641 QUtNTlLlAM

748 688 932 757 idem
967 707 1097 772 est,
1134 711 1211 755 ac
1245 685 1298 755 si
1336 683 1510 754 mihi
1558 703 1887 754 neutrum
1926 682 2355 753 reddidisset.
2394 682 2527 752 Sed
2562 710 2826 780 quous-

743 833 879 902 que
922 804 1082 873 facti
1113 803 1249 873 mei
1287 800 1741 872 dissimulabo
1784 799 2163 869 rationem?
2193 826 2370 896 aeger
2400 799 2654 870 electus
2690 823 2824 888 est,

742 919 1146 1017 respondete
1178 945 1400 1005 nunc,
1427 918 1481 987 si
1513 917 1798 987 videtur.
1837 916 2290 999 Luxuriosus,
2320 915 2630 1013 perditus
2655 916 2820 985 fuit:

741 1061 1139 1135 parcamu5‚
1177 1060 1439 1130 quaeSO,
1476 1058 1823 1103 memoriae
1845 1063 1862 1119 ;
1902 1057 2329 1101 revereamur
2367 1057 2689 1128 suprema
2722 1058 2824 1101 ci-

742 1153 962 1240 neri53
1000 1151 1360 1248 poeniteret
1388 1177 1499 1219 me
1527 1150 1850 1234 fortasse,
1891 1149 1944 1216 si
1981 1147 2270 1217 viveret:
2306 1148 2555 1217 iterum
2590 1175 2666 1217 ac
2697 1175 2822 1218 sae-

742 1268 935 1365 pius,
963 1266 1151 1363 quod
1182 1290 1456 1335 necesse
1484 1286 1614 1351 est,
1655 1265 1800 1360 ipsa
1832 1263 2139 1332 criminis
2164 1262 2303 1332 mei
2333 1276 2347 1305 ¹
2383 1289 2545 1332 voce
2577 1262 2822 1334 defen·

741 1384 896 1468 dar;
934 1409 1191 1478 aegrum
1223 1381 1507 1451 redemi.
1543 1381 1701 1450 Non
1732 1380 1991 1450 habent
2023 1381 2360 1476 profecto;
2399 1405 2540 1449 non
2569 1378 2823 1451 habent

742 1498 1116 1568 discrimen
1149 1496 1348 1567 liberi
1383 1553 1401 1583 ,
1435 1496 1566 1565 nisi
1597 1495 1684 1565 de
1714 1496 2134 1564 calamitate:
2166 1514 2234 1563 et
2264 1494 2439 1563 inter
2464 1494 2818 1583 homineS,

740 1640 913 1711 quos
952 1634 1196 1683 natura
1219 1612 1484 1709 pietatis
1506 1625 1532 1654 ²
1569 1611 1901 1708 aequavit,
1929 1610 2397 1680 differentiam
2426 1610 2555 1680 nisi
2590 1609 2674 1680 de
2701 1611 2823 1681 do-

740 1728 880 1798 lore
907 1753 1047 1797 non
1077 1726 1405 1825 explices:
1437 1753 1576 1798 non
1606 1754 1766 1797 cum
1795 1753 1921 1797 usu
1954 1751 2145 1796 nunc
2166 1746 2385 1796 vestro
2411 1723 2464 1812 3,
2492 1751 2633 1795 non
2660 1751 2819 1795 cum

740 1843 1051 1913 moribus
1096 1842 1362 1939 loquor.
1395 1842 1516 1914 Ille
1541 1842 1850 1930 anhelat,
1890 1842 2075 1912 illius
2106 1863 2266 1912 sunt
2290 1841 2463 1912 lassa
2493 1842 2816 1940 suspiria,

738 1959 824 2029 ad
847 1958 1045 2029 illum
1072 1959 1286 2031 serius
1312 1960 1467 2029 veni
1486 1957 1537 2027 4.
1563 1957 1970 2056 Excogitasti
2000 1986 2073 2029 ru
2086 1984 2228 2028 rsus
2246 2016 2265 2047 ,
2292 1959 2568 2028 fortuna
2586 2013 2604 2045 ,
2631 1957 2818 2055 quod

737 2094 1269 2170 supercresceret
1312 2073 1609 2161 caritati,
1655 2073 1843 2168 quod
1890 2093 2115 2169 posset
2155 2073 2361 2144 sacris
2409 2071 2818 2143 nominibus

737 2187 1091 2257 accedere:
1123 2185 1234 2257 hic
1267 2188 1449 2256 solus
1479 2187 1699 2285 major
1723 2186 2009 2257 affectus
2032 2207 2127 2258 est
2149 2244 2166 2273 ,
2193 2214 2404 2284 quam
2431 2187 2606 2258 filios
2635 2214 2816 2258 ama·

744 2329 845 2388 re,
880 2301 1006 2370 filii
1040 2303 1365 2372 misereri.

834 2416 986 2482 XV.
1015 2416 1132 2483 Me
1167 2415 1490 2512 quidem,
1517 2415 1823 2514 judiceS,
1860 2417 1913 2486 si
1948 2418 2102 2514 quis
2139 2418 2501 2514 interroget
2524 2476 2540 2506 ,
2578 2415 2815 2487 condi-

735 2529 829 2598 tio
859 2527 972 2597 illa
998 2555 1138 2598 non
1176 2528 1309 2599 fuit
1338 2555 1527 2618 vera,
1559 2553 1706 2599 non
1737 2530 2063 2628 simplex,
2094 2530 2484 2626 habuitque
2513 2530 2812 2628 piraticae

734 2643 1017 2712 feritatis
1054 2644 1453 2740 ingenium:
1487 2669 1745 2740 aegrum
1776 2645 1952 2714 mihi
1985 2668 2127 2714 non
2162 2644 2359 2715 licuit
2389 2645 2809 2741 relinquere,

735 2756 932 2829 licuit
956 2759 1230 2856 eligere.
1268 2763 1372 2830 An
1401 2759 1500 2830 fas
1522 2760 1733 2830 fuisse
1760 2760 1976 2831 credis
1994 2818 2013 2849 ,
2036 2780 2110 2831 ut
2129 2759 2366 2858 juxta⁵
2399 2760 2810 2829 moriturum

810 2934 826 2965 ι
842 2958 852 2967 .
904 2917 1146 2969 Criminis
1190 2920 1308 2970 mei.
1362 2922 1484 2970 Non
1536 2923 1732 2971 crimen

731 2994 867 3046 idem
892 3008 1046 3048 sonat
1070 3015 1133 3046 ac
1155 2995 1358 3061 scelus,
1384 2997 1473 3048 sed
1503 3016 1600 3069 pro
1631 3001 1734 3049 cri-

733 3075 1039 3139 minatione,
1054 3077 1388 3127 accusatione
1402 3076 1729 3146 ponitur-En.

803 3173 850 3204 2.
888 3156 1091 3206 Natura
1125 3158 1347 3225 pietatis.
1394 3161 1494 3208 Pro
1534 3168 1733 3208 naturoe

730 3238 918 3304 pietas,
933 3249 991 3286 ut
1008 3255 1122 3306 sup.
1145 3237 1377 3287 Declam.
1403 3254 1430 3286 2
1448 3259 1459 3285 ι
1483 3260 1503 3281 e·
1523 3239 1730 3307 pietatis

735 3339 755 3359 κ
774 3314 1056 3384 aequalitas.
1077 3341 1098 3361 -ι
1119 3317 1398 3369 Ascensius
1419 3316 1628 3388 legebat
1645 3339 1732 3370 na·

731 3405 842 3442 rura
854 3393 1048 3463 pietate
1069 3397 1308 3465 oequavt‘t.

797 3474 846 3523 3.
878 3476 1004 3524 Cum
1031 3493 1121 3525 usu
1148 3488 1323 3527 vestro.
1350 3477 1631 3529 Ascensius
1657 3481 1730 3529 in·

726 3566 1072 3623 terpretatur,
1113 3575 1271 3627 quem
1314 3558 1484 3608 facitis
1527 3559 1726 3611 utendo

727 3631 910 3696 rebus,
931 3632 1061 3684 alter
1083 3652 1239 3703 parce
1253 3674 1268 3698 ,
1285 3634 1417 3686 alter
1432 3634 1725 3688 luxuriose:

726 3730 825 3780 ego
847 3728 1042 3779 autem,
1066 3714 1131 3767 de
1156 3733 1251 3766 usu
1269 3753 1286 3779 ,
1312 3719 1403 3784 qui
1428 3717 1555 3770 mihi
1578 3722 1642 3770 sit
1667 3740 1729 3771 ex

726 3790 873 3841 vobis
891 3829 906 3856 ,
936 3792 1015 3842 vel
1050 3792 1417 3844 familiaritate.

798 3873 845 3937 4.
882 3871 968 3923 Ad
1002 3871 1157 3924 illum
1191 3875 1346 3926 serius
1380 3878 1512 3927 veni.
1553 3877 1724 3944 Quem

724 3947 951 4019 languor
968 3971 1029 4002 ex
1051 3953 1360 4023 captivitatis
1380 3953 1724 4007 diuturnitate

724 4028 1098 4083 recrudescens
1132 4031 1416 4083 sustulerit.
1452 4034 1579 4100 Quae
1614 4053 1722 4105 seq.

723 4111 1035 4164 confirmant
1047 4151 1064 4178 ,
1081 4126 1138 4163 ut
1151 4112 1334 4164 dixerit
1350 4112 1513 4165 fllium
1531 4130 1726 4166 utrum-

725 4206 828 4258 que
853 4207 1080 4256 amasse,
1105 4190 1195 4242 sed
1222 4190 1520 4259 languentis
1544 4195 1721 4263 praeci·

714 4283 828 4335 pue
850 4268 1122 4318 misertum
1147 4287 1273 4322 esse.
1298 4272 1391 4321 En.

1885 2920 1933 2971 5.
1958 2920 2119 2970 Juxta
2140 2920 2463 2971 moriturum.
2485 2921 2677 2971 Sensus
2697 2937 2805 2970 esse

1813 2998 2016 3051 videtur
2031 3020 2044 3050 ε
2058 3003 2140 3050 An
2160 3015 2316 3072 putas
2334 3013 2538 3051 tantum
2557 3000 2810 3070 aequitatis

1813 3082 1973 3131 fuisse
1994 3083 2209 3152 piratis,
2238 3096 2324 3148 ut,
2356 3085 2397 3132 si
2429 3096 2479 3132 te
2509 3082 2811 3152 elegissem,

1812 3160 2160 3213 reddidissent
2181 3177 2231 3214 te
2252 3162 2407 3224 mihi,
2429 3178 2477 3214 et
2501 3165 2810 3215 moriturum

1811 3239 1891 3308 (ut
1910 3240 2032 3291 inde
2053 3240 2395 3310 colligebant,
2417 3243 2540 3311 quia
2562 3260 2680 3292 eum
2702 3259 2811 3292 non

1813 3322 2115 3393 eligebam),
2142 3337 2427 3375 servassent
2456 3323 2582 3373 sibi:
2611 3338 2753 3374 certe
2782 3342 2810 3375 a

1812 3401 2113 3452 conditione
2138 3403 2337 3472 posita,
2359 3403 2401 3453 si
2423 3421 2609 3452 sanum
2629 3401 2811 3472 elegis-

1810 3500 1944 3545 sem,
1967 3501 2082 3552 quae
2108 3496 2184 3531 est
2209 3482 2385 3532 feritas
2414 3499 2623 3545 eorum,
2650 3499 2813 3532 reces-

1810 3564 2023 3622 sissent,
2045 3577 2096 3613 et
2120 3564 2411 3630 coegissent
2435 3582 2520 3614 me
2537 3582 2732 3630 aegrum
2760 3576 2810 3615 et

1809 3643 2104 3712 periturum
2125 3641 2312 3710 eligere
2332 3663 2343 3692 :
2369 3640 2460 3693 sed
2485 3640 2611 3692 huic
2635 3642 2808 3692 sensui

1810 3739 1876 3770 an
1897 3722 2194 3791 praepositio
2205 3721 2365 3792 juxta
2386 3719 2673 3772 satisfaciat
2690 3739 2807 3771 nes-

1808 3801 1921 3863 cio,
1949 3819 2064 3869 quae
2093 3799 2191 3862 ad,
2224 3815 2385 3870 prope
2417 3796 2498 3849 vel
2526 3811 2643 3870 post
2673 3817 2806 3870 saepe

1809 3891 1980 3928 notat:
2002 3877 2086 3929 hic
2104 3898 2229 3930 vero
2251 3877 2465 3929 deberet
2484 3890 2670 3928 notare
2685 3896 2808 3948 prae-

1804 3956 2080 4007 ferendum
2107 3959 2365 4008 morituro
2395 3974 2581 4007 sanum
2613 3956 2802 4021 fuisse,

1804 4048 1857 4085 et
1885 4053 1984 4104 pro
2008 4047 2209 4107 proeter,
2235 4035 2314 4086 vel
2343 4053 2498 4106 supra
2525 4036 2686 4104 poni,
2713 4034 2802 4086 sed

1805 4115 1917 4182 ejus
1942 4113 2335 4183 significationis
2358 4112 2652 4184 exemplum
2676 4111 2805 4164 desi-

1803 4191 1949 4242 dero.
1987 4191 2081 4244 Vel
2110 4194 2271 4264 juxta
2313 4193 2482 4263 possit
2519 4190 2768 4262 explicari
2786 4229 2803 4255 ,

1803 4292 1903 4343 pro
1920 4310 1936 4336 ,
1975 4287 2032 4325 tu
2072 4273 2394 4342 compositus
2412 4310 2428 4336 ,
2470 4285 2802 4341 comparatus
