3200 5117
728 567 999 633 DECL.
1046 564 1213 632 ΧΠ.
1259 562 1527 631 PASTI
1574 558 2129 631 CADAVE'RIS.
2344 565 2466 631 263

394 691 837 765 descivimus:
881 717 1029 764 non
1067 713 1145 763 ut
1186 690 1537 763 inFelicem
1584 689 1900 762 animam
1937 670 2467 778 sustineremus,

393 832 534 880 non
570 828 647 881 ut
674 808 974 881 invisum
1008 807 1326 908 spiritum
1359 806 1932 907 producet-emus,
1965 806 2292 894 fecimus;
2328 831 2473 877 una

394 949 595 995 causa
614 944 911 995 mortem
931 923 1322 995 distulimus
1335 980 1353 1012 ,
1380 922 1570 1019 quod
1584 977 1602 1007 ‚
1625 920 1681 991 si
1704 923 2230 1021 exspirassemus
2243 978 2262 1012 ,
2284 920 2472 993 idem

392 1038 828 1112 timebamus.
863 1021 947 1110 Et
974 1062 1101 1136 ego
1126 1037 1411 1135 quidem
1443 1062 1557 1108 me
1587 1037 2014 1137 consumptis
2043 1062 2322 1124 excuso,
2348 1036 2472 1136 qui

393 1154 569 1224 mihi
603 1153 746 1253 ipse
775 1154 970 1253 irasci
1002 1179 1143 1224 non
1181 1178 1499 1251 possum3
1534 1172 1604 1223 at
1631 1152 1752 1223 iste
1782 1153 2065 1224 interim
2099 1171 2259 1242 stat,
2290 1171 2368 1223 ut
2392 1151 2480 1225 vi·

396 1269 563 1339 detis
581 1325 600 1358 ,
632 1269 842 1368 longa
873 1270 983 1341 via
1008 1269 1358 1368 saginatus
1384 1288 1453 1339 et
1483 1287 1690 1358 satur,
1720 1287 1925 1365 atque
1952 1266 2321 1339 abundans
2354 1292 2478 1366 pu-

395 1381 581 1452 blico
629 1404 1016 1454 commeatu
1047 1410 1061 1453 :
1111 1383 1197 1454 ad
1242 1382 1676 1454 mentionem
1715 1383 2031 1455 ciborum
2080 1404 2476 1455 nostrorum

396 1495 684 1593 plenum
718 1498 991 1570 fastidio
1018 1498 1289 1570 vultum
1313 1499 1522 1570 trahit
1541 1556 1556 1587 ‚
1588 1518 1658 1570 et
1684 1488 2055 1595 exsangues
2079 1525 2155 1569 ac
2184 1498 2476 1597 pallidos

395 1614 487 1685 ad
515 1614 866 1688 calculum
888 1634 1113 1704 vocat3
1141 1614 1333 1716 quasi
1361 1640 1486 1715 ego
1511 1643 1654 1688 non
1684 1616 2009 1687 confitear
2037 1614 2239 1686 illum
2269 1615 2474 1687 etiam

397 1729 702 1801 nimium
731 1731 1036 1803 multum
1074 1730 1376 1803 attulisse
1408 1753 1549 1803 tam
1578 1732 1854 1830 paucis:
1889 1731 2020 1802 rari
2056 1756 2179 1828 per
2206 1731 2351 1802 vics
2379 1730 2476 1800 in-

397 1845 738 1919 terlucent
759 1858 808 1934 ¹,
851 1868 918 1918 et
950 1849 1263 1944 quamvis
1294 1849 1456 1919 odio
1489 1849 1813 1921 eversoris
1845 1846 2054 1918 nostri
2086 1866 2403 1917 evocatus
2438 1826 2475 1915 e

398 1962 670 2033 latebris
695 1952 845 2034 'suis
886 1963 1222 2063 populuS,
1262 1965 1589 2037 subsellia
1618 1992 1760 2037 non
1795 1964 2076 2063 implet:
2113 1961 2313 2061 pauci
2346 1982 2480 2032 sce·

398 2076 651 2148 letibus
685 2079 893 2175 pasti,
926 2079 1166 2149 alienis
1198 2079 1540 2169 mortibus
1572 2079 1774 2168 salvi,
1810 2079 1997 2178 quod
2029 2077 2301 2164 vivunt,
2345 2073 2476 2173 ipsi

398 2193 526 2264 sibi
568 2194 695 2284 rei,
735 2209 1013 2292 graves²
1058 2220 1231 2293 aegra
1275 2215 1342 2267 et
1383 2195 1613 2266 tabida
1644 2197 1958 2266 membra
1999 2194 2070 2287 in
2109 2191 2480 2292 publicum

400 2309 850 2407 protulerunt.
878 2314 1004 2382 Hae
1032 2332 1192 2382 sunt
1215 2311 1498 2381 civitatis
1520 2309 1823 2408 reliquioe
1841 2368 1859 2400 ,
1886 2336 2056 2407 quas
2076 2306 2351 2381 videtis:
2384 2304 2478 2375 sic

399 2423 783 2514 tabuimus,
812 2446 890 2496 ut
910 2426 1139 2498 miseri
1168 2450 1295 2497 nec
1316 2427 1503 2497 vivos
1530 2424 1914 2496 habeamus
1931 2480 1950 2510 ‚
1976 2449 2106 2494 nec
2132 2440 2473 2492 mortuos:

399 2538 511 2608 hic
531 2558 633 2608 est
651 2539 948 2636 populus
966 2596 983 2627 ,
1004 2540 1107 2609 hae
1129 2539 1333 2627 vires,
1360 2538 1466 2609 hae
1486 2562 1639 2635 spes
1654 2595 1670 2625 ,
1693 2538 1797 2610 hae
1818 2564 2002 2636 opes.
2024 2535 2172 2607 Nisi
2193 2532 2487 2605 tandem·

402 2649 488 2719 ad
517 2650 999 2722 vadimonium
1026 2707 1044 2741 ,
1084 2652 1335 2747 legate,
1369 2651 1698 2740 venisses,
1733 2676 1876 2721 non
1917 2650 2306 2721 multorum
2333 2645 2481 2718 die-

403 2782 560 2834 rum
598 2785 1065 2835 commeatum
1092 2764 1543 2834 habebamus.

502 2881 621 2949 111.
659 2879 824 2969 Quo
858 2902 1045 2951 nunc
1073 2899 1347 2950 tantum
1380 2879 1762 2953 frumenti?
1793 2903 1935 2976 quo
1968 2878 2256 2948 classem
2290 2901 2481 2947 com-

406 3017 638 3067 meatu
671 2996 994 3093 gravem?
1016 2996 1318 3067 multum
1348 2994 1578 3067 hercle
1602 2980 2081 3092 negociatione
2108 3013 2228 3064 tua
2249 3009 2490 3061 actum·

407 3111 530 3182 est!
554 3079 987 3182 fflmentum
1014 3111 1273 3199 habeo:
1301 3109 1646 3208 populum
1672 3133 1814 3181 non
1839 3109 2099 3180 habeo:
2131 3128 2484 3203 nusquam

407 3228 716 3324 prodest,
752 3250 1100 3323 nusquam
1130 3252 1304 3325 opus
1335 3245 1472 3313 est;
1498 3224 1653 3325 jam
1683 3225 1841 3296 licet
1870 3222 2165 3294 vendas:
2202 3220 2376 3292 dum
2410 3239 2488 3291 tu

411 3337 646 3409 salutis
678 3339 972 3436 publicae
1002 3338 1434 3412 nundinator
1464 3339 1862 3436 proximum
1895 3358 2249 3435 quemque
2280 3358 2488 3438 emp-

485 3561 1417 3615 1.Perviasintcrlucent.l·'ortefnter
1491 3578 1613 3614 cum
1648 3543 1847 3634 Griph.
1874 3559 2045 3613 Colin.
2083 3570 2134 3610 et
2175 3555 2318 3622 aliis,
2353 3554 2505 3627 quod*

417 3640 602 3691 lucem.
626 3642 696 3691 Ut
733 3643 867 3694 inter
884 3658 1082 3695 coenam
1117 3655 1170 3694 et
1193 3642 1411 3708 similia,
1493 3640 1788 3711 υἱὺιιηείρεί
1798 3638 1889 3692 sibe·
1907 3638 2200 3712 re1'‚qraves
2213 3650 2371 3706 (tyra,
2389 3645 2491 3684 etc.

414 3720 539 3789 qula
550 3734 724 3771 amant
736 3722 976 3774 tenebras
987 3720 1412 3772 minorificant?-
1492 3723 1816 3773 Accusantes
1852 3738 1911 3773 sa
1949 3716 2095 3791 quod
2134 3717 2332 3768 vivunt.
2371 3714 2495 3765 Non

414 3795 558 3848 Nihil
581 3810 756 3848 muta:
790 3797 1092 3851 interlucere
1123 3801 1263 3851 enim
1288 3816 1415 3869 pro·
1464 3806 1467 3807 ’
1492 3818 1675 3872 graves
1705 3803 1808 3868 rei,
1841 3800 1896 3852 id
1922 3813 2031 3865 est,
2053 3797 2289 3859 molesti,
2314 3807 2372 3847 ut
2399 3795 2513 3845 na-·

414 3876 528 3948 prie
551 3875 619 3929 de
643 3895 761 3930 rara
776 3877 935 3930 turba
953 3892 1005 3931 et
1022 3881 1233 3931 minime
1253 3878 1415 3932 densa
1497 3879 1616 3932 dius
1654 3896 1868 3951 quoque
1902 3878 2148 3948 exponit:
2189 3872 2280 3926 sed
2317 3888 2497 3944 graves

419 3956 626 4011 dicitur.
666 3961 743 4011 Ita
789 3961 968 4013 Front.
1020 3962 1096 4026 11,
1149 3977 1167 4011 1
1183 3977 1204 4011 ι
1220 3976 1267 4025 ,1,
1320 3958 1383 4012 16
1401 3978 1415 4007 :
1495 3956 1827 4030 protulerunt
1843 3956 2101 4018 membra,
2124 3952 2180 4003 id
2202 3964 2308 4015 est,
2331 3946 2470 4001 tardi
2485 3969 2504 4014 εν

424 4057 449 4084 e
465 4035 745 4089 Intervalla
772 4036 1028 4107 expeditis
1048 4035 1292 4089 velitibus
1311 4039 1410 4087 im-
1490 4050 1550 4088 ut
1584 4039 1659 4087 ita
1693 4057 1718 4081 α
1736 4033 1965 4086 Vulnere
1987 4032 2160 4101 gravi,
2179 4053 2200 4076 ι
2229 4025 2363 4079 vell.
2397 4028 2497 4077 Pa·

423 4138 447 4164 ·
464 4114 655 4188 pient,
698 4132 769 4167 ne
817 4115 1158 4167 interlucent
1207 4116 1359 4166 acie·-
1384 4138 1406 4161 υ
1492 4104 2500 4181 m.11‚55.v21.r100.v1.‚652--Gra-

416 4196 523 4249 Ubi
543 4216 592 4249 v,
617 4195 955 4249 Tennulium.
981 4197 1151 4248 Banu.
1503 4220 1525 4245 a
1542 4200 1622 4250 vis
1643 4214 1783 4259 aevo,
1811 4194 1989 4261 annis,
2013 4194 2168 4258 vino,
2193 4201 2292 4243 etc.
2314 4212 2337 4235 n
2362 4186 2496 4237 Vir·

491 4296 538 4330 2.
564 4278 673 4350 Ipsi
687 4278 779 4332 sibi
802 4278 903 4346 m‘,
917 4293 1115 4350 qma.
1138 4276 1412 4346 Distingne
1498 4274 1654 4346 gilius
1672 4285 1726 4326 et
1748 4271 1839 4324 alii
1863 4271 2077 4342 passim.
2099 4270 2269 4322 Burin.
