3200 5117
816 573 1086 639 DECL.
1133 574 1282 639 XV.
1330 572 1545 638 ODII
1594 573 1894 638 POTIO
1941 572 2035 636 11.
2344 572 2470 653 345

385 696 523 769 tes?
548 717 739 796 potes
770 697 902 769 hoc
923 696 1195 769 videre?
1218 718 1408 797 potes
1431 697 1565 769 hoc
1589 696 1809 769 ferre?
1831 717 2108 770 sanatus
2137 721 2227 768 es».
2258 696 2474 787 Quod

383 812 437 884 si
460 811 630 911 quid
655 812 913 885 tristius
929 812 1178 913 judicii
1203 812 1415 914 hujus
1439 811 1743 885 attulerit
1764 833 2048 884 eventus
2067 866 2086 899 ,
2113 810 2209 883 dii
2240 811 2474 910 rapide

381 930 828 1027 pereuntium
849 928 1351 1001 beneficiorum
1377 955 1653 1028 semper
1676 928 1957 1018 ultores,
1988 928 2122 1019 dii,
2150 955 2322 1027 quos
2346 927 2475 1000 iste

382 1042 681 1115 crudelis
720 1044 793 1116 in
827 1042 1263 1143 amplexibus
1296 1043 1544 1142 puellae
1576 1045 1975 1141 frequenter
2006 1068 2330 1134 moerore,
2366 1040 2472 1113 la-

383 1157 653 1247 crimis»,
702 1178 822 1229 aut
869 1159 1085 1230 finem
1131 1157 1383 1229 amoris
1437 1157 1693 1256 rogavit
1712 1212 1730 1246 ,
1778 1178 1898 1229 aut
1940 1177 2272 1246 mortem,
2318 1154 2472 1227 date

382 1271 584 1343 nobis
603 1271 868 1372 justam
899 1272 984 1343 de
1017 1272 1283 1371 ingrato
1303 1272 1563 1373 juvene
1598 1271 2011 1344 vindictam:
2042 1298 2189 1344 non
2219 1271 2473 1371 impre-

384 1412 627 1458 camur
668 1386 1092 1477 debilitates,
1131 1387 1535 1487 naufragia,
1576 1386 1893 1459 morbos:
1941 1413 2208 1486 pauper
2239 1386 2363 1476 sit3
2407 1407 2474 1458 et

383 1522 574 1573 amet
601 1528 1095 1602 quamcunque
1127 1503 1597 1593 meretricem3
1628 1523 1699 1574 et
1717 1528 1951 1574 amare
1980 1529 2124 1573 non
2151 1501 2460 1574 desinat.-

383 1688 449 1738 Et
478 1705 573 1740 nos
602 1707 720 1740 cum
751 1689 841 1740 illo
872 1692 944 1743 sic
973 1690 1222 1760 legimus,
1254 1690 1383 1742 dum
1469 1714 1492 1737 ι
1511 1689 1618 1742 huc
1634 1688 1977 1742 cadaveribus
1993 1689 2225 1741 insistas·
2246 1691 2323 1741 De
2338 1709 2470 1742 voce

385 1765 498 1828 alii;
521 1783 627 1817 acc.
648 1785 787 1838 perc.
820 1787 856 1821 s.
887 1787 942 1838 p.
973 1787 1044 1819 m.
1074 1769 1386 1822 consistens?
1459 1767 1748 1839 palpitare,
1765 1767 1869 1820 vid.
1887 1769 2065 1820 Heius.
2084 1765 2151 1817 ad
2170 1767 2323 1820 Ovid.
2339 1768 2467 1820 Met.

380 1849 730 1900 Posterior-em
747 1868 871 1901 vero
896 1849 1179 1902 lectionem
1203 1863 1381 1903 secuta
1462 1851 1526 1915 V,
1559 1849 1658 1914 40:
1696 1871 1718 1894 ιι
1740 1846 1979 1919 palpitat
1990 1871 2011 1911 ;
2045 1861 2096 1900 et
2133 1850 2335 1919 positas
2374 1849 2471 1902 ad-

382 1940 459 1978 est
487 1926 621 1978 Edit.
655 1929 861 1999 Bipont.
901 1942 953 1980 et
988 1931 1160 1981 Burm.
1198 1944 1381 1982 contra
1465 1949 1488 1974 ιι
1509 1929 1707 1999 spen-git
1731 1928 1989 1997 sanguine
2016 1944 2243 1980 mensas.
2266 1951 2288 1975 n
2321 1927 2471 1980 Acci·

380 2003 534 2074 legit:
564 2028 585 2050 κ
606 2007 842 2078 Aspicies
859 2009 1197 2078 percussam?
1220 2026 1381 2078 super
1455 2023 1579 2078 pere
1600 2024 1726 2057 vero
1752 2019 1804 2058 et
1823 2005 2050 2076 aspicere
2072 2023 2208 2076 saepe
2232 2024 2471 2057 commu-

388 2084 738 2155 «palpitantia
793 2088 846 2136 in
905 2102 1093 2137 cruore
1147 2085 1382 2137 membra
1463 2089 1561 2138 tan-i
1575 2085 2251 2138 docuitDrakenborch.ad
2268 2087 2468 2148 Silium,

388 2184 410 2206 κ
430 2163 684 2212 consistes
701 2164 724 2212 ’ἓ
741 2184 763 2207 n
792 2161 1026 2215 Declam.
1049 2163 1142 2213 lv.
1169 2182 1288 2235 cap.
1316 2181 1344 2233 7
1365 2185 1377 2215 ε
1460 2168 1526 2231 V,
1552 2164 1683 2235 573,
1707 2178 1761 2217 et
1784 2184 1884 2217 nos
1905 2164 2045 2236 apud
2072 2164 2223 2218 Ovid.
2250 2166 2388 2218 Fast.
2404 2168 2471 2231 V,

388 2261 410 2285 α
429 2241 705 2293 Exsultaus
744 2260 903 2312 super
938 2254 1221 2294 stratorum
1261 2261 1381 2294 cor-
1461 2245 1593 2310 610,
1624 2245 1718 2297 ubi
1746 2245 1895 2298 multi
1921 2246 2144 2299 Codices
2176 2247 2471 2318 aspicienda

389 2340 411 2364 α
429 2338 622 2390 porum
648 2333 845 2391 strages
877 2319 1254 2392 palpitantibus
1283 2320 1379 2374 ad·
1461 2322 1583 2375 loco
1606 2322 1696 2375 τοῦ
1712 2317 2031 2397 accipien'da.
