3200 5117
735 512 1010 578 DECL.
1053 512 1264 577 XIII.
1313 511 1543 577 APES
1589 511 2069 576 PAUPERIS.
2331 510 2455 572 315

349 660 492 705 non
513 659 638 704 sua
659 633 975 732 portione
995 633 1386 731 perfeetum
1409 631 1494 702 sit
1502 633 1658 733 jam
1676 687 1696 719 ,
1718 657 1850 701 nee
1870 629 2003 700 alia
2020 649 2209 728 parte
2232 641 2250 673 ¹
2283 654 2459 727 opus

349 772 544 823 esset.
582 751 895 823 Gemina
925 751 1119 822 frons
1145 749 1318 822 ceris
1353 748 1778 847 imponitur:
1814 768 1883 819 et
1915 774 2143 847 quum
2181 746 2462 818 forami·

349 866 558 938 nibus
595 887 871 939 tanturn
907 865 1214 964 spatium
1253 864 1491 954 detur,
1536 885 1887 962 quantum
1929 862 2019 934 ad
2058 862 2460 961 generanda

352 987 672 1058 examina
712 1013 965 1085 puram
1014 1013 1213 1085 spem
1267 986 1493 1084 capiat
1533 985 1709 1085 (ipsi
1752 986 1943 1057 enirn
1987 984 2117 1058 sibi
2162 985 2461 1066 invicem

350 1101 592 1200 anguli
629 1101 932 1188 haerent,
970 1124 1034 1174 et
1067 1101 1160 1174 ita
1186 1123 1440 1174 mutuo
1474 1101 1882 1174 vinciuntur
1914 1123 2124 1201 atque
2159 1101 2462 1200 alligan-

353 1236 489 1304 tur,
524 1238 607 1287 ut
638 1217 827 1312 quod
856 1216 1077 1308 voles,
1120 1216 1195 1287 id
1228 1217 1553 1289 medium
1590 1216 1725 1313 sit)
1765 1217 1871 1289 his
1908 1217 2138 1307 textis,
2180 1244 2269 1287 ne
2303 1216 2466 1288 uni-

353 1330 526 1402 versi
556 1330 782 1403 mellis
811 1331 1052 1404 effluat
1074 1331 1390 1431 pondus,
1422 1332 1842 1431 intersepta²
1875 1359 2088 1405 onera
2119 1332 2465 1405 claudun-

359 1464 491 1515 tur.
517 1444 699 1535 Quis
719 1472 863 1517 non
885 1468 1157 1547 stupeat
1172 1447 1305 1519 hoc
1328 1447 1477 1520 fieri
1494 1475 1691 1548 posse
1710 1449 1857 1519 sine
1877 1448 2253 1521 manibus?
2269 1447 2466 1519 nulla

356 1559 855 1632 interveniente
893 1561 1201 1634 doctrina
1232 1562 1414 1635 hanc
1442 1584 1666 1636 artem
1703 1562 1934 1635 nasci?
1968 1564 2140 1662 quid
2172 1591 2315 1635 non
2352 1562 2463 1634 di-

358 1673 604 1746 vinum
630 1673 933 1767 habent,
962 1677 1096 1749 nisi
1126 1677 1318 1778 quod
1354 1678 1778 1751 moriuntur.
2204 1688 2213 1696 ‘

456 1791 644 1862 XIX.
679 1795 790 1863 An
821 1821 979 1867 vero
1010 1816 1366 1868 auctorem
1397 1796 1542 1875 vini
1577 1795 1914 1867 Liberum
1946 1796 2243 1869 colimus
2266 1852 2285 1884 ‚
2322 1794 2469 1893 pri-

361 1907 575 1979 mitiae
589 1909 880 2008 frugum
902 1912 1138 1985 Cereri
1159 1915 1583 2001 referuntur,
1605 1911 1953 1984 inventrix
1966 1913 2132 1985 oleae
2151 1913 2467 1983 Minerva

362 2023 721 2095 narratur?
769 2025 980 2099 mella
1026 2028 1345 2127 genuisse
1388 2030 1628 2099 minus
1670 2051 1808 2118 est,
1854 2049 1920 2100 et
1958 2025 2470 2128 interponenda

361 2160 603 2236 gustus
648 2139 1045 2242 voluptate3
1093 2164 1367 2217 tantum
1406 2145 1752 2235 effecisse,
1790 2165 2145 2244 quantum
2192 2170 2280 2214 ne
2322 2142 2493 2241 ipsa,

365 2254 651 2351 quidem
701 2284 933 2329 rerum
974 2281 1222 2331 natura
1265 2287 1387 2359 per
1426 2287 1496 2331 se
1541 2260 1810 2360 potuit?
1849 2260 1958 2332 Ad
1995 2254 2469 2359 plurimarum

364 2369 684 2444 incursus
716 2373 1200 2448 'valetudinum
1231 2375 1625 2449 remedium
1663 2397 1796 2466 est,
1832 2397 1900 2447 et
1939 2373 2473 2473 praesentissima

365 2487 748 2561 medicina:
776 2518 941 2562 nam
966 2493 1154 2591 quod
1182 2494 1268 2564 ad
1290 2493 1479 2566 cibos
1506 2493 1792 2591 quidem
1818 2493 2150 2591 pertinet,
2177 2488 2208 2552 4
2228 2490 2473 2561 divites

366 2601 683 2674 viderint.
720 2606 851 2675 His
885 2606 1307 2678 animalibus
1339 2606 1588 2703 aliquis
1622 2607 1930 2679 insidiari
1969 2606 2232 2706 potuit,
2269 2626 2336 2677 et
2368 2605 2476 2676 in-

446 2805 490 2840 1.
514 2789 624 2839 Nec
647 2787 756 2840 alia
785 2802 949 2860 parte.
975 2793 1058 2843 Ne
1077 2790 1189 2842 alia
1221 2792 1375 2843 Voss.
1460 2790 1537 2842 las
1580 2791 1729 2845 cellis
1772 2791 1968 2843 addere
2017 2805 2259 2863 possunt,
2304 2792 2471 2842 Bnnu.

371 2886 476 2919 see.
520 2883 698 2934 recte,
727 2883 786 2920 ut
827 2883 991 2941 puto;
1020 2872 1090 2922 ita
1133 2871 1380 2923 nimirum

370 2949 529 3002 cellas
551 2968 671 3002 suas
694 2950 928 3020 singulas
953 2951 1235 3022 perficiunt
1253 2988 1269 3016 ,
1290 2963 1349 3002 ut
1364 2988 1382 3016 ‚

371 3029 519 3081 nulla
561 3030 629 3081 sit
665 3048 791 3101 pars
822 3030 987 3081 totius
1027 3028 1231 3081 aedificii
1271 3049 1381 3081 non

373 3126 469 3160 sua
491 3109 742 3179 portione
775 3110 850 3160 ita
881 3109 1149 3180 perfecta,
1179 3121 1238 3158 ut
1275 3127 1387 3160 non

376 3202 511 3257 opus
550 3200 687 3239 esset
730 3186 844 3238 aliis
882 3186 1153 3258 partibus,
1193 3188 1237 3238 si
1273 3206 1385 3238 non

374 3265 553 3337 plures
627 3270 918 3339 requireret
985 3268 1147 3320 turba
1215 3270 1388 3337 major

377 3349 573 3418 apium.
604 3347 839 3420 Ideoque
865 3368 1030 3421 quum
1062 3349 1298 3402 infinitus
1323 3354 1391 3402 sit

375 3447 630 3480 numerus
647 3427 894 3481 cellarum
912 3468 928 3496 ,
947 3430 1156 3482 faciunt
1176 3449 1265 3482 eas
1289 3450 1386 3502 pro

379 3512 533 3581 copia
561 3510 760 3576 mellis,
798 3531 897 3583 pro
932 3514 1112 3583 apium
1147 3512 1387 3564 incolen-

377 3593 509 3644 tium
535 3610 785 3656 numem,
810 3607 863 3644 et
891 3610 1222 3664 unaquaeque
1251 3591 1385 3644 cella

380 3669 571 3723 domus
596 3672 760 3724 instar
789 3685 900 3734 est;
938 3690 1047 3721 non
1088 3685 1146 3723 ut
1168 3669 1384 3723 aedificia

379 3750 640 3816 humana,
681 3769 793 3822 quae
820 3770 927 3802 non
955 3764 1079 3803 sunt
1117 3753 1385 3822 perfecta,

378 3829 481 3879 nisi
506 3830 681 3880 omnia
715 3827 978 3893 membra,
1020 3848 1134 3900 quae
1170 3831 1390 3900 requirit

379 3928 542 3975 usus,
587 3912 690 3961 sint
732 3923 1132 3973 consummata;
1177 3925 1230 3962 et
1266 3909 1388 3962 ideo

377 4009 567 4063 parum
593 3990 925 4042 retinendum
944 4030 961 4056 ‚
997 4010 1107 4042 non
1127 4010 1350 4062 parvum
1370 4014 1384 4040 .-

379 4088 506 4121 nam
531 4071 736 4134 statim,
773 4071 818 4121 si
853 4070 1017 4121 modo
1045 4089 1228 4142 paueae
1265 4085 1389 4122 sunt

379 4152 556 4218 cellae,
604 4151 760 4203 mella
819 4170 1076 4222 reponere
1129 4165 1389 4221 possunt,

381 4231 602 4301 deinde,
628 4235 671 4283 si
695 4235 880 4285 crescit
896 4234 1050 4306 copia
1066 4233 1264 4299 mellis,
1290 4233 1392 4284 cel·

1537 2888 1583 2921 2.
1602 2871 1907 2942 Intersepta.
1926 2871 2121 2922 Dividit
2132 2889 2320 2921 vocem
2334 2869 2475 2921 hane

1465 2948 1605 3000 inter
1636 2962 1779 3019 septa
1826 2948 1971 3001 Leid.
2015 2969 2098 3019 pr.
2141 2949 2436 3017 Intercepta
2455 2987 2473 3015 ‚

1464 3032 1638 3084 Oxon.
1669 3043 1721 3081 et
1748 3033 1819 3082 ita
1850 3030 2042 3082 Badius
2081 3032 2249 3099 cepit,
2282 3042 2341 3079 ut
2376 3030 2475 3094 sit,

1465 3127 1664 3173 onera,
1693 3127 1807 3179 quae
1827 3110 2119 3179 important
2150 3125 2306 3179 apes,
2330 3105 2475 3158 clau-

1466 3186 1668 3238 duntur
1691 3189 1831 3238 inter
1853 3186 1962 3237 haec
1989 3200 2155 3256 septa.

1538 3267 1586 3319 3.
1615 3267 1687 3318 Et
1707 3265 2078 3337 interponenda
2096 3275 2275 3337 qustus
2293 3262 2476 3336 volup-

1472 3355 1592 3397 tate.
1636 3345 1942 3416 Legendum
1979 3343 2214 3407 videtur,
2255 3354 2305 3392 et
2349 3341 2482 3393 inter

1465 3426 1839 3498 proeponenda‚
1855 3438 2030 3497 qustus
2047 3424 2330 3496 voluptate,
2350 3441 2478 3496 qua-

1467 3508 1537 3560 lia
1578 3522 1703 3560 sunt
1746 3510 1953 3575 vinum,
1997 3507 2172 3560 oleum
2191 3545 2209 3573 ‚
2244 3507 2480 3558 frumen-

1466 3602 1613 3652 tum,
1646 3587 1863 3654 melius,
1902 3605 2131 3658 quorum
2169 3587 2265 3638 ista
2314 3587 2480 3657 magis

1466 3681 1656 3717 natura
1674 3705 1691 3731 ,
1714 3666 1820 3718 hoc
1845 3685 2006 3737 apum
2026 3666 2303 3718 artificium
2329 3679 2378 3717 et
2411 3665 2482 3715 la·

1466 3748 1570 3800 bor
1593 3748 1751 3800 nobis
1775 3748 1989 3819 collegit
2006 3760 2057 3799 et
2072 3746 2234 3798 dedit.
2259 3747 2478 3798 Senum.

1541 3830 1591 3896 4.
1626 3831 1839 3883 Diuites.
1866 3830 1948 3880 Ad
1973 3849 2107 3901 quos
2132 3830 2286 3900 copia
2315 3826 2482 3878 mellis

1470 3913 1742 3980 pervenit,
1766 3912 1881 3979 ipse
1906 3908 2047 3959 enim
2080 3925 2145 3957 eo
2185 3925 2295 3958 non
2322 3925 2447 3958 usus
2465 3941 2482 3969 ,

1471 3988 1564 4041 sed
1587 3990 1817 4041 vendere
1839 3987 2104 4052 solebam,
2130 4002 2182 4039 et
2204 3987 2300 4039 tibi
2325 3989 2483 4038 etiam

1471 4070 1691 4122 donare,
1706 4071 1872 4142 Supra
1886 4088 1942 4121 se
1960 4068 2212 4122 detulisse
2226 4072 2280 4121 in
2295 4068 2483 4120 urbem

1471 4152 1536 4204 ad
1564 4151 1902 4204 sustinendas
1921 4154 2254 4222 paupertatis
2276 4153 2486 4222 impen-

1472 4252 1588 4299 saS,
1616 4232 1764 4286 dixit.
1790 4235 2010 4286 Senum.
