3200 5117
821 575 934 653 ¹¹4
1307 570 1401 630 M.
1452 566 1699 632 FABll
1747 568 2391 649 QUINTILIANI

811 694 998 793 quod
1040 690 1433 789 redemptus
1467 710 1563 762 est
1589 690 1817 761 frater.
1854 689 2034 778 Quis
2070 688 2287 778 hanc,
2316 688 2625 788 judices,
2661 692 2901 791 impu-

812 811 1119 882 dentiam
1148 807 1357 878 ferat?
1386 805 1630 905 objicit
1660 803 1835 874 mihi
1856 863 1874 894 ‚
1908 805 2095 900 quod
2123 805 2345 875 ullum
2370 805 2457 875 de
2478 805 2711 878 liberis
2731 809 2901 878 meis

811 924 1155 1025 potuerim
1191 924 1410 993 facere
1445 920 1852 992 discrimen:
1888 920 2141 991 deinde
2172 922 2482 1019 queritur
2516 948 2657 993 non
2689 949 2758 993 se
2788 951 2900 1022 po-

810 1043 948 1112 tius
968 1040 1295 1125 electum3
1319 1057 1385 1109 et
1404 1062 1627 1133 quum
1646 1037 1835 1106 fratri
1858 1058 2099 1134 praeter
2117 1036 2174 1135 ej
2186 1037 2432 1108 usdem
2453 1040 2762 1109 nominis
2780 1065 2904 1139 pat

814 1186 891 1230 ac
930 1157 1155 1228 simile
1200 1155 1620 1226 consortium
1671 1154 2044 1224 reverentia
2080 1180 2357 1252 quoque
2391 1155 2742 1253 languoris
2784 1183 2901 1227 ac-

816 1275 1085 1346 cesserit
1105 1330 1122 1360 ,
1168 1273 1572 1370 indignatur
1600 1271 1787 1368 apud
1818 1271 2100 1340 affectus
2131 1271 2342 1368 patris
2372 1297 2514 1342 non
2551 1299 2702 1343 eam
2734 1300 2904 1372 prae-

814 1391 1106 1463 valuisse
1141 1409 1442 1489 partem,
1484 1387 1553 1456 in
1595 1411 1736 1482 qua
1781 1407 2050 1457 tantum
2099 1387 2281 1459 filius
2316 1408 2476 1459 erat.
2520 1391 2679 1459 Non
2716 1390 2906 1461 inve-

817 1510 960 1597 nio,
974 1536 999 1607 J
1011 1507 1266 1593 udices,
1291 1503 1891 1602 quemadmodum
1910 1504 2214 1602 effugere
2237 1505 2575 1603 potuerim
2593 1507 2904 1578 criminis

821 1622 1027 1721 hujus
1062 1620 1397 1690 invidiam
1420 1676 1438 1707 ‚
1474 1618 1529 1688 si
1572 1617 1762 1688 hunc
1803 1617 2032 1716 potius
2067 1619 2506 1716 recepissem:
2544 1620 2757 1718 patri,
2792 1620 2903 1691 cui

816 1760 1189 1834 utrumque
1217 1736 1428 1833 pirata
1459 1734 1741 1806 reddere
1763 1734 2044 1805 nolebat
2063 1793 2080 1823 ,
2112 1735 2562 1807 redimendus
2596 1736 2762 1827 fuit,
2788 1757 2905 1808 aut

817 1882 1013 1953 aeger,
1037 1874 1154 1925 aut
1175 1874 1434 1924 neuter.
1456 1850 1696 1941 Quid?
1717 1850 1905 1948 quod
1924 1908 1941 1940 ,
1965 1851 2193 1947 inquit
2209 1909 2227 1939 ‚
2251 1852 2458 1922 etiam
2480 1851 2906 1923 luxuriosum

815 1968 1169 2068 praetulisti
1200 1965 1265 2036 ¹?
1290 1993 1490 2066 parce
1513 2024 1529 2054 ,
1546 1964 1824 2064 juvenis
1843 2024 1861 2055 ,
1885 1965 2301 2056 maledicti5‚
2324 1993 2522 2066 parce
2547 1968 2902 2039 conviciis:

814 2084 1187 2180 reliquistis
1229 2082 1373 2152 haec
1422 2081 1752 2169 nomina3
1810 2082 2000 2152 domi
2052 2103 2252 2152 erunt
2300 2083 2422 2153 ista
2465 2083 2664 2173 vitia,
2714 2083 2905 2154 domi

819 2220 1022 2270 erunt
1068 2200 1204 2270 istae
1235 2200 1552 2286 virtuteS‚
1604 2197 1722 2268 sed
1756 2225 1976 2294 quum
2021 2199 2289 2269 fueritis
2319 2199 2586 2270 reversi.
2620 2197 2907 2270 Interim

818 2315 992 2385 nihil
1042 2315 1232 2385 aliud
1278 2314 1470 2402 estis,
1514 2340 1726 2409 quam
1768 2316 2039 2404 fratreS,
2076 2342 2289 2412 quam
2324 2314 2518 2385 liberi
2555 2315 2732 2404 mei,
2768 2314 2907 2384 duo

819 2430 1101 2529 captivi,
1147 2429 1355 2500 ambo
1395 2429 1665 2519 miseri,
1707 2452 1773 2501 et
1817 2430 2163 2502 diversitas
2195 2452 2411 2502 vestra
2440 2432 2525 2502 de
2560 2430 2909 2524 calamita-

814 2567 967 2616 tum
1014 2544 1328 2615 societate
1380 2565 1786 2643 consumpta
1829 2565 1948 2616 est.
2004 2545 2219 2618 Vides
2240 2603 2257 2635 ,
2313 2571 2524 2642 quam
2578 2548 2767 2616 nefas
2823 2544 2909 2616 sit

817 2661 1107 2730 alterum
1130 2685 1208 2729 ex
1233 2659 1424 2729 vobis
1456 2658 1632 2729 mihi
1659 2687 1799 2731 esse
1822 2659 2180 2731 viliorem?
2211 2662 2587 2761 piratarum
2623 2688 2765 2732 non
2799 2662 2910 2731 in—

817 2794 1051 2863 terest,
1083 2794 1232 2844 uter
1279 2772 1587 2872 eligatur.
1635 2775 1953 2872 Dignum
1982 2774 2172 2845 hunc
2216 2774 2682 2873 dereliquisti,
2718 2774 2910 2845 luxu-

818 2889 1081 2960 riosum
1115 2885 1465 2957 redemisti
1488 2899 1512 2929 ²
1539 2888 2095 2985 :comparatione
2122 2910 2338 2960 vestra
2356 2944 2374 2977 ,
2393 2889 2709 2989 juvenis»,
2733 2888 2908 2959 circa

818 3003 1320 3103 patrimonium
1373 3002 1752 3073 honoresve
1806 3004 2254 3076 contenderes
2275 3063 2293 3094 ,
2351 3025 2417 3076 et
2468 3032 2593 3105 ego
2647 3003 2911 3104 procla-

820 3118 1028 3190 mabo
1051 3116 1104 3208 ³,
1131 3118 1425 3189 vicisses:
1449 3117 1567 3189 sed
1591 3139 1884 3188 ventum
1908 3140 2008 3190 est
2032 3118 2197 3192 illuc
2221 3177 2239 3208 ‚
2265 3120 2384 3191 ubi
2408 3148 2550 3205 non
2572 3120 2908 3219 probitaS‚

818 3260 960 3305 non
984 3259 1207 3303 mores
1228 3233 1650 3302 aestimantur
1665 3290 1683 3321 ‚
1702 3253 1768 3303 et
1783 3232 1867 3305 de
1884 3236 2284 3332 corporibus
2306 3236 2448 3307 sola
2465 3235 2754 3308 taxatio4
2788 3254 2906 3306 est.

819 3348 1026 3420 Unde
1063 3348 1280 3421 tristes
1312 3343 1630 3419 toleraret
1661 3374 1854 3420 casus
1874 3404 1896 3441 ‚
1929 3349 2135 3422 ferret
2169 3352 2400 3423 sordes
2429 3350 2864 3425 vinculorum
2890 3407 2908 3438 ,

824 3462 1180 3562 piraticam
1207 3463 1467 3534 famem
1493 3461 1518 3505 ⁵
1533 3462 1810 3561 juvenis
1832 3522 1850 3555 ,
1883 3492 2093 3562 quem
2124 3486 2438 3564 torquere
2467 3467 2729 3538 solebat
2753 3493 2914 3537 nos-

904 3674 948 3708 ι.
987 3656 1331 3709 Luxuriosum
1367 3657 1656 3729 pra-tulisti.
1696 3659 1829 3712 Mihi
1907 3664 1962 3713 in
1999 3662 2104 3715 hoc
2145 3663 2266 3716 loco
2308 3683 2491 3717 sensus
2541 3659 2912 3715 conditionalis

828 3742 918 3810 qui
940 3758 1145 3809 semper
1164 3739 1304 3809 frugi
1323 3739 1396 3791 fui
1414 3754 1497 3806 ,et
1512 3743 1702 3794 severis
1719 3761 1830 3793 mo·
1910 3761 2142 3814 quocum
2174 3744 2408 3815 apprime
2438 3743 2565 3793 facit
2594 3756 2800 3812 tempus
2827 3738 2913 3789 fu-

830 3818 978 3870 ribus
1003 3815 1330 3870 luxuriosum
1357 3819 1646 3888 praetulisti.
1915 3835 2108 3872 turum.
2131 3824 2223 3874 En.

906 3918 953 3951 2.
979 3897 1269 3951 Redemisti.
1301 3902 1404 3951 Ista
1430 3898 1527 3950 sibi
1555 3899 1622 3950 ab
1648 3898 1834 3950 adver·
1986 3902 2035 3968 4.
2061 3902 2296 3954 Taxati'o.
2313 3901 2429 3952 Vox
2453 3900 2669 3973 propria
2694 3896 2762 3951 ad
2786 3915 2913 3950 sen-

832 3981 972 4033 sario
1000 3979 1160 4051 objici
1186 3979 1364 4052 fingit,
1389 3980 1582 4053 quibus
1609 3999 1836 4054 sequen·
1915 4001 2064 4047 sum,
2092 4000 2245 4048 nam,
2273 3981 2444 4052 inquit
2472 3981 2686 4045 Festus,
2716 3976 2914 4030 taxatio

830 4060 900 4111 tia
927 4057 1265 4130 respondent.
1293 4061 1385 4111 En.
1914 4078 1991 4117 est
2013 4083 2128 4136 quae
2152 4064 2209 4115 fit
2232 4077 2384 4114 certae
2406 4079 2635 4115 summae.
2662 4061 2756 4112 En.

904 4138 955 4189 3.
992 4137 1346 4190 Proclamabo.
1384 4137 1596 4189 Rectius
1628 4135 1836 4190 videtur
1985 4142 2032 4195 5,
2062 4142 2273 4194 Famem
2299 4141 2592 4212 piraticam.
2616 4141 2687 4193 Ut
2708 4138 2915 4191 Senecae

824 4215 1099 4291 proclamo
1123 4215 1321 4267 Schult.
1349 4218 1473 4289 quia
1506 4229 1659 4287 pater
1691 4234 1747 4267 se
1780 4214 1836 4268 id
1915 4224 2109 4294 παρήιε
2154 4219 2471 4291 tyrannicos,
2520 4232 2572 4270 et
2613 4230 2787 4290 raptus
2831 4226 2915 4286 ty·

831 4308 988 4359 fateri
1009 4307 1222 4380 publice
1242 4307 1527 4378 significat:
1557 4322 1635 4360 est
1660 4323 1833 4362 tamen
1917 4306 2156 4358 renuit-'2⁸5
2185 4324 2244 4355 ex
2276 4299 2658 4353 emendatione·
2693 4295 2911 4350 smmi-'1'-
