3200 5117
1105 547 1624 611 EXCERPTa.
2285 551 2401 631 461

313 672 423 742 M.
481 670 728 743 Itane?
767 668 968 764 atqui
1013 694 1245 739 coram
1293 666 1624 738 omnibus
1670 666 2098 763 torquendus
2140 688 2273 757 est,
2325 669 2411 740 de

313 810 462 879 quo
499 784 880 880 loquuntur
899 806 1144 853 omnes
1171 807 1184 850 :
1216 799 1558 850 secretum
1585 778 1974 874 quaestionis
2006 807 2133 852 nec
2155 782 2411 855 incesto

313 897 617 968 debetur
658 896 836 985 filio;
887 922 1017 965 nec
1059 894 1411 966 innocenti
1452 915 1769 992 praestare
1809 894 2057 966 debes:
2097 917 2217 967 aut
2248 897 2410 988 tibi,

310 1009 368 1100 si
398 1012 757 1081 confessus
779 1009 1010 1098 fuerit,
1030 1029 1150 1079 aut
1175 1007 1342 1095 filio,
1359 1007 1412 1077 si
1441 1008 1934 1105 pernegaverit.
1953 1009 2147 1099 Quid
2171 1032 2410 1109 agunt,

312 1124 593 1214 insane,
615 1144 854 1196 contra
879 1150 1228 1195 rumorem
1252 1143 1595 1220 tormenta
1612 1121 1903 1194 secreta?
1926 1150 2155 1196 coram
2186 1125 2414 1197 omni-

311 1236 451 1311 bus
472 1258 788 1335 torquere
815 1237 1052 1326 debet,
1078 1237 1196 1334 qui
1223 1236 1326 1308 vel
1351 1236 1723 1328 absolvere,
1740 1236 1845 1308 vel
1872 1238 2176 1310 occidere
2201 1266 2417 1338 agen·-

316 1352 500 1426 dum
536 1381 677 1426 esse
698 1368 752 1442 ¹,
773 1355 891 1453 qui
917 1374 1272 1451 torquetur
1297 1353 1370 1423 in
1399 1374 1729 1440 matrem,
1758 1380 1989 1426 coram
2026 1377 2246 1427 matre
2279 1377 2416 1427 tor-

315 1468 645 1568 quendus
670 1489 805 1541 est:
843 1496 965 1541 cur
989 1496 1031 1540 a
1057 1494 1262 1541 causa
1287 1494 1415 1540 sua
1445 1468 1685 1539 infelix
1715 1469 2136 1542 excluditur?
2160 1471 2413 1545 adhibe

316 1582 611 1682 speciosi
659 1584 1068 1656 cruciatibus
1101 1605 1498 1656 amantem:
1546 1583 1604 1655 si
1637 1584 1827 1682 quod
1868 1585 2141 1656 facinus
2174 1586 2417 1657 admis-

316 1722 483 1769 sum
518 1718 645 1785 est,
679 1720 1034 1796 torquetur
1076 1699 1297 1788 filius;
1339 1699 1461 1771 sed
1495 1699 1827 1771 fatebitur
1864 1719 2104 1770 mater.
2142 1699 2277 1771 Sed
2308 1720 2416 1772 ta-

319 1840 493 1885 men
528 1815 696 1913 quid
732 1815 1027 1889 audisti?
1060 1843 1179 1887 cur
1211 1827 1354 1887 non
1400 1817 1473 1886 in
1509 1815 2074 1888 exclamationem
2109 1842 2418 1915 prorum-

320 1927 676 2026 pis?-P.
714 1930 969 2004 Omnis
1003 1930 1443 2029 impatientia
1465 1931 1538 2002 in
1572 1930 1942 2028 parricidio
1971 1951 2241 2029 peracta
2288 1952 2415 2020 est3

319 2041 396 2112 in
426 2043 713 2114 orbitate
738 2044 1095 2115 conticuit:
1126 2066 1505 2143 utrumque
1540 2045 1627 2116 de
1659 2044 1968 2144 filioofieri
2002 2072 2145 2117 non
2162 2066 2415 2143 potest,

321 2177 404 2248 ut
436 2178 504 2229 et
544 2158 953 2250 occiderim,
993 2181 1060 2231 et
1090 2187 1403 2234 accusem
1439 2188 1454 2232 ε
1501 2161 1737 2232 omnia
1776 2187 1901 2261 pro
1937 2160 2079 2232 filio
2121 2161 2414 2250 dixerat,

320 2274 447 2373 qui
493 2274 695 2365 dixit,
742 2275 1217 2347 occidi.-——M.
1268 2277 1741 2363 Miseremini,
1778 2276 2081 2376 judiceS,
2116 2277 2417 2350 orbitatis

323 2417 537 2481 meae3
576 2391 1003 2464 miseremini
1038 2392 1525 2466 lacrimarum:
1558 2419 1701 2463 non
1730 2418 2017 2490 possum
2043 2418 2188 2464 non
2220 2391 2416 2479 flere,

328 2530 476 2575 non
523 2530 841 2600 gemere:
886 2505 1000 2576 hic
1051 2528 1285 2577 autem
1344 2528 1535 2577 tacet.
1578 2550 1678 2561 —
1714 2509 1796 2577 P.
1860 2509 2148 2596 Cavete,
2195 2525 2419 2605 patres

327 2618 731 2716 conscripti,
776 2640 1033 2708 cavete,
1078 2646 1164 2689 ne
1207 2619 1472 2716 pietatis
1520 2645 1707 2689 error
1746 2646 1863 2690 vos
1911 2620 2252 2692 involvat:
2302 2648 2418 2693 me

323 2731 554 2828 magis
583 2731 924 2803 miseratio
956 2731 1192 2803 decet:
1233 2729 1463 2802 filium
1500 2752 1566 2802 et
1593 2730 1904 2828 perdidi,
1941 2752 2009 2802 et
2039 2733 2290 2805 occidi:
2323 2734 2421 2805 in-

325 2845 598 2918 felicior
626 2872 707 2918 ex
731 2845 1004 2918 duobus
1033 2867 1163 2934 est,
1191 2846 1310 2943 qui
1340 2866 1406 2918 et
1431 2846 1717 2945 patitur,
1754 2866 1819 2917 et
1840 2847 2033 2940 fecit,
2066 2875 2187 2919 eur
2204 2848 2422 2948 patia-

325 2964 701 3034 tur.—M.
746 2963 957 3059 Atqui
1000 2981 1074 3033 tu
1113 2962 1272 3052 scis,
1314 2961 1482 3058 quid
1518 2962 1774 3060 egeris,
1810 2988 2023 3060 quare
2061 2964 2413 3046 effeceris:

329 3105 448 3150 me
461 3104 620 3150 vero
635 3078 1026 3177 ignorantia
1046 3077 1262 3149 dolori
1283 3076 1493 3148 mixta
1514 3076 1739 3174 magis
1756 3077 2327 3149 confundit.—P.
2349 3080 2417 3150 O

330 3192 795 3289 ignorantiam
838 3192 910 3264 in
955 3192 1158 3263 malis
1200 3217 1472 3289 semper
1502 3190 1883 3263 feliciorem
1911 3246 1930 3279 ,
1972 3217 2127 3289 quae
2160 3190 2368 3266 habet
2395 3249 2415 3283 ,

333 3306 520 3404 quod
573 3306 978 3404 interrogat!
1018 3335 1130 3379 me
1165 3307 1386 3409 major
1428 3305 1871 3404 impatientiae
1914 3306 2054 3378 urit
2095 3307 2413 3379 affectus:

335 3447 459 3494 cur
484 3419 712 3492 filium
737 3419 1141 3509 occiderim,
1156 3421 1469 3521 judicare
1494 3447 1638 3493 non
1673 3447 1998 3520 possum;
2037 3448 2165 3493 nec
2192 3422 2417 3521 poeni-

333 3555 465 3626 tet,
508 3535 696 3634 quod
737 3534 1107 3630 occidi.,·—-
1132 3538 1237 3607 M.
1291 3538 1438 3609 Cur
1467 3535 1783 3638 judicare
1825 3562 1970 3607 non
2016 3536 2250 3634 potes?
2295 3562 2418 3609 cur

333 3652 753 3725 taces?--P.
790 3655 886 3724 Ut
912 3653 1102 3725 uxori
1131 3653 1412 3724 forsitan
1449 3680 1753 3752 parcam.
1777 3655 1995 3724 -Μ,
2028 3655 2190 3727 Non
2225 3675 2417 3755 potes

336 3768 527 3839 uxori
553 3767 764 3840 videri
793 3794 1071 3868 parcere
1089 3825 1109 3859 ,
1139 3769 1225 3841 de
1251 3795 1390 3867 qua
1418 3769 1621 3862 scire,
1652 3795 1741 3842 an
1767 3769 2019 3841 incesta
2046 3790 2246 3858 esset,
2290 3797 2417 3842 vo-

335 3926 859 3999 videnmrrequirere
874 3926 1140 3980 voluienil
1155 3941 1331 3981 tamen
1411 3929 1626 3996 demus,
1661 3947 1728 3982 ne
1760 3942 1956 3981 temere
1991 3927 2083 3980 flat
2115 3923 2414 3993 medicina

335 4021 532 4061 temere
555 4020 768 4061 mutem.
795 4011 886 4062 En.
1127 4031 1132 4038 ·
1413 4027 1625 4062 sensum
1662 4019 1839 4059 tamen
1879 4006 2221 4075 extricatum,
2262 4011 2417 4080 quasi

411 4103 454 4138 1.
478 4086 756 4158 Agendum
792 4105 905 4140 esse.
929 4089 1052 4139 Non
1095 4086 1329 4142 videmus
1409 4087 1547 4158 patri
1571 4083 1833 4156 agendum
1853 4097 1989 4136 esset
2009 4083 2312 4152 absolvere,
2331 4086 2417 4162 vel

336 4166 608 4239 quomodo
632 4187 818 4221 sensus
846 4158 928 4221 hii
963 4168 1136 4223 verbis
1169 4188 1330 4242 expe·
1411 4163 1671 4217 occidere.
1697 4161 1915 4216 Meliora
1949 4162 2265 4232 conjiciam,
2295 4168 2414 4237 qui-
2464 4173 2473 4182 ⁴

334 4244 435 4298 diri
456 4247 624 4318 possit
645 4267 656 4295 :
689 4244 764 4297 nil
795 4261 971 4300 tamen
1004 4262 1209 4300 mutare
1232 4267 1330 4300 au·
1409 4247 1510 4300 bus
1533 4245 1647 4299 haec
1669 4264 1781 4298 non
1799 4244 2147 4297 satisfaciunt.
2171 4243 2262 4295 Eo.
