3200 5117
763 544 1391 613 DECLAMATIO
1437 546 1556 609 lv,
1608 544 1792 610 PRO
1836 535 2125 612 mmo.
2411 571 2490 636 77

406 671 779 746 novissima
803 670 996 744 victae
1020 668 1273 742 mentis
1310 668 1669 767 integritas
1692 688 1794 740 est
1825 668 1901 739 in
1939 694 2100 740 mea
2129 690 2492 769 potestate3

407 787 594 860 brevi
628 813 771 859 non
790 784 1063 857 habebo
1090 809 1221 856 nec
1246 794 1588 855 mortem¹
1601 780 1891 853 .Fidem
1908 803 2201 855 vestram
2218 806 2494 885 ‚patres

398 900 816 1000 conscripti,
849 926 939 972 ne
964 898 1137 999 quid
1161 897 1467 997 amplius
1498 896 1587 969 de
1619 896 1876 969 misera
1902 897 2153 997 pietate
2177 900 2492 999 speretis:

405 1017 529 1118 qui
557 1015 734 1088 mori
773 1015 969 1105 volo,
1016 1039 1108 1085 ne
1148 1011 1639 1112 parricidium
1641 1010 2051 1102 admittam,
2096 1038 2240 1084 non
2297 1014 2495 1087 inve-

408 1132 563 1220 nio,
593 1127 1193 1231 quemadmodum
1228 1126 1403 1199 illud
1441 1152 1586 1197 non
1615 1125 1875 1226 possim
1903 1127 2130 1200 facere
2148 1126 2488 1201 victurus:

407 1272 575 1317 nam
606 1242 800 1345 quod
825 1241 917 1314 ad
953 1261 1222 1340 patrem
1272 1240 1604 1339 pertinet,
1652 1241 1776 1341 qui
1823 1267 1936 1312 me
1979 1242 2228 1315 retinet
2270 1242 2494 1316 vivere

408 1363 763 1434 nolentem
789 1416 808 1449 ,
838 1383 985 1431 non
1009 1357 1262 1445 miror,
1297 1356 1490 1457 quod
1519 1357 1750 1440 adhuc
1788 1359 2039 1431 recenti
2069 1359 2302 1457 gloriae
2331 1387 2497 1433 nos-

408 1498 527 1550 troe
556 1476 813 1576 gaudio
841 1485 1102 1573 stupet,
1145 1493 1212 1546 et
1251 1473 1328 1545 in
1361 1499 1572 1573 opera
1599 1488 1806 1546 mea²
1847 1495 2030 1547 totus
2075 1476 2294 1548 oculis
2337 1477 2493 1548 ani-

414 1617 670 1690 moque
694 1613 1063 1661 conversus
1079 1643 1100 1677 ‚
1132 1587 1559 1687 parricidam
1575 1615 1722 1660 non
1749 1589 1934 1661 videt
1954 1616 2079 1689 per
2104 1590 2330 1661 virum
2359 1592 2493 1662 for-

408 1727 572 1776 tem.
610 1704 746 1777 Hic
794 1724 893 1776 est
940 1702 1257 1793 animus,
1295 1730 1438 1805 quo
1479 1731 1596 1776 me
1639 1705 1955 1803 quamvis
1992 1705 2493 1780 denunciatum

407 1819 954 1921 praedictumque
999 1819 1337 1891 servavit:
1383 1840 1451 1892 et
1498 1846 1722 1918 quum
1776 1820 2056 1892 incertis
2092 1820 2320 1892 adhuc
2362 1821 2495 1892 du-

410 1935 676 2036 biisque
695 1934 1061 2008 virtutibus
1083 1934 1482 2034 proestiterit,
1505 1955 1581 2006 ut
1604 1935 1929 2024 viverem,
1945 1955 2217 2034 praestat
2234 1935 2494 2007 meritis

409 2051 747 2150 actisque,
791 2076 883 2123 ne
932 2049 1214 2122 moriar.
1264 2051 1470 2121 Nunc
1507 2049 1663 2139 ille,
1721 2049 1908 2146 quod
1964 2049 2251 2149 pietate,
2303 2049 2495 2148 quod

408 2165 641 2237 videor
659 2165 879 2264 ipsius
898 2164 1120 2264 perire
1136 2163 1535 2254 reverentia,
1557 2184 1755 2236 vocat
1769 2164 2218 2263 parricidium
2241 2189 2448 2234 suum
2472 2195 2491 2254 3

410 2301 477 2352 et
505 2280 581 2352 in
599 2280 918 2370 orbitate,
949 2306 1165 2379 quam
1184 2281 1404 2351 facere
1424 2279 1555 2350 sibi
1577 2278 1853 2351 videtur
1872 2337 1890 2369 ‚
1923 2306 2066 2350 non
2103 2278 2495 2352 remedium

411 2395 734 2488 meum3‚
785 2396 905 2468 sed
950 2422 1161 2468 suum
1213 2415 1465 2494 spectat
1514 2396 1893 2467 affectum:
1941 2395 2126 2467 filius
2170 2395 2293 2494 qui
2350 2395 2497 2467 vult

406 2512 621 2603 mori,
669 2539 761 2584 ne
812 2511 1153 2611 parricida
1186 2511 1309 2600 sit,
1356 2510 1553 2582 aliter
1589 2511 1720 2582 sibi
1751 2510 2023 2583 videtur
2068 2512 2491 2583 remunerari

412 2649 555 2698 non
587 2652 816 2726 posse,
843 2651 1058 2724 quam
1088 2644 1165 2696 ut
1192 2624 1339 2724 ipse
1368 2624 1722 2696 moriatur.

508 2740 630 2810 111.
670 2739 921 2812 Merito
975 2765 1287 2838 prorsus,
1341 2739 1586 2810 merito
1625 2740 1960 2812 miserum
2004 2765 2240 2812 senem
2275 2741 2493 2814 tristes

411 2853 947 2944 sollicitudines,
984 2875 1051 2926 et
1093 2854 1359 2954 praescii
1388 2875 1614 2926 metus
1665 2854 1755 2925 ad
1806 2854 2385 2926 mathematicum
2428 2877 2497 2927 et

411 2995 735 3069 responsa
766 2968 1144 3041 miserunt:
1183 2968 1395 3041 debui
1423 2968 1524 3039 vir
1548 2968 1745 3040 fortis
1774 2967 2124 3055 nunciati,
2155 2966 2495 3065 parricida

412 3077 732 3182 praedici:
784 3083 921 3155 sive
957 3084 1150 3156 enim
1184 3083 1453 3156 miserae
1478 3082 1796 3183 conjugis
1828 3080 2220 3211 prodigiosa
2252 3081 2497 3153 fecun-

410 3198 583 3270 ditas
615 3199 1058 3272 tumultuosis
1105 3196 1473 3298 pulsibus4
1518 3197 1866 3270 maritales
1901 3194 2305 3294 inquietavit
2345 3222 2496 3266 am-

412 3313 686 3410 plexus3
720 3314 860 3387 sive
908 3340 1029 3413 per
1072 3313 1308 3388 anxias
1338 3334 1574 3386 noctes
1625 3311 1946 3411 dirosque
1992 3335 2274 3382 somnos
2322 3310 2494 3381 fera·

410 3415 594 3503 libus
620 3458 827 3505 senex
859 3431 1286 3532 imaginibus
1310 3431 1606 3530 agitatus
1646 3429 1900 3501 dicitur
1926 3427 2017 3500 ad
2048 3424 2493 3500 notissimum

410 3642 535 3696 pra,
559 3626 789 3678 minatur
810 3623 1082 3698 parricidii
1105 3626 1280 3680 scelus
1303 3628 1412 3679 ine-

410 3705 680 3758 luctabile.

488 3802 533 3837 ι.
558 3785 683 3837 Non
709 3786 895 3839 habebo
920 3807 1014 3841 nec
1035 3800 1269 3842 morton.
1297 3788 1410 3842 Sci-

410 3859 561 3918 licei
549 3885 601 3917 m
618 3880 899 3938 potestate.
915 3868 1109 3922 Sensus
1124 3881 1231 3921 est:
1254 3871 1411 3922 Nunc

392 3947 608 4010 ,inferre
630 3946 758 3999 mihi
781 3962 1004 4000 mortem
1028 3967 1190 4021 paro,
1214 3962 1265 4002 et
1287 3967 1412 4021 pos·

411 4046 529 4080 suan
559 4027 818 4081 laudabili
852 4028 1122 4101 exemplo,
1153 4047 1317 4101 quum
1347 4048 1414 4082 ea

412 4109 558 4161 brevi
596 4108 837 4180 judicum
880 4112 1141 4163 sententia
1178 4108 1308 4162 mihi
1346 4112 1414 4163 sit

410 4187 691 4240 inferenda
705 4226 724 4253 ,
749 4186 1021 4259 parricidii
1049 4189 1268 4240 crimine
1288 4207 1413 4259 per·—

413 4279 639 4336 petrato.
652 4265 737 4322 Ad
747 4266 858 4318 haec
870 4265 1166 4336 insepultus
1177 4263 1410 4334 abjiciat.

1563 3611 1612 3678 a.
1629 3625 1698 3676 In
1713 3641 1868 3699 opera
1884 3641 2016 3675 mea.
2037 3623 2096 3676 ln
2114 3634 2267 3692 gesta
2284 3622 2495 3674 fortiter

1489 3726 1522 3760 a
1545 3706 1655 3759 filio
1681 3719 1833 3778 pater
1857 3718 2003 3758 totus
2029 3717 2106 3756 est
2131 3721 2432 3755 conversus.

1561 3786 1611 3838 3.
1626 3784 1922 3836 Remedium
1939 3800 2128 3833 meum.
2141 3780 2348 3833 Scilicet
2359 3799 2496 3833 mor·
2545 3778 2557 3798 '

1490 3876 1596 3916 tem
1621 3861 1973 3915 voluntariam
1989 3899 2006 3927 ,
2029 3860 2083 3911 in
2111 3859 2384 3931 parricidii
2412 3877 2496 3911 re·

1490 3943 1751 4011 modium,
1769 3954 2055 4013 antequam
2065 3953 2326 4012 patretur.
2354 3941 2446 3992 En.

1561 4024 1612 4091 4.
1639 4020 1989 4076 Tumultuost's
2009 4021 2258 4095 pulsibus.
2285 4020 2493 4075 Scilicet

1489 4102 1783 4176 prodigiosi
1807 4113 1996 4174 partus
2034 4102 2089 4153 in
2120 4101 2305 4152 intima
2334 4100 2494 4151 visce-

1491 4203 1610 4240 rum
1646 4183 1774 4238 sedo
1808 4181 2021 4236 latentis
2060 4180 2294 4234 motibus
2341 4182 2490 4233 inso-

1490 4265 1617 4321 litis.
1640 4269 1733 4320 En.
