3200 5117
811 555 1080 622 DECL.
1127 551 1275 619 xv.
1323 553 1537 619 onn
1584 554 1881 621 ΡοΤιο
1925 554 2019 617 11.
2331 555 2459 641 329

1829 809 2458 842 mmm

1002 1028 1622 1101 DECLAMATIO
1672 1030 1841 1102 XV:

851 1287 1920 1414 ⁸0D11POT1011.

1092 1539 1755 1672 Α’ΒΟΠΜΕΝΤΗΜ.

738 1742 827 1802 Ex
854 1743 1186 1825 superioris
1214 1741 1682 1804 declamationis
1708 1756 2095 1825 argumento.

707 2005 856 2053 PRO
901 2007 1351 2054 MERETMCE
1397 2007 1708 2055 CONTRA
1757 2007 2136 2054 Juvenum.

393 2249 398 2254 -
480 2201 650 2271 CAP.
683 2202 737 2271 l.
774 2203 956 2293 Etsi,
983 2202 1291 2304 judices,
1328 2204 1424 2275 ita
1453 2232 1495 2276 a
1529 2225 1775 2278 natura
1813 2223 2289 2303 comparatum
2324 2222 2467 2291 est,

380 2337 470 2384 ne
500 2313 587 2385 sit
618 2314 802 2387 ullus
821 2316 1071 2416 justior
1098 2317 1317 2408 dolor,
1344 2345 1558 2417 quam
1590 2319 1916 2393 beneficii
1941 2320 2050 2391 sui
2084 2311 2465 2417 perdidisse

381 2429 719 2502 rationem
740 2490 758 2521 ,
790 2433 1105 2532 nihilque
1135 2436 1410 2532 gravius
1437 2436 1700 2508 afficiat
1727 2431 2215 2508 conscientiam
2245 2433 2467 2504 bono-

382 2569 537 2616 rum
552 2603 571 2636 ,
588 2535 800 2643 qnam
816 2537 1356 2648 quotiescunque
1372 2550 1566 2622 nulla
1579 2550 1826 2623 merita
1839 2565 1856 2595 ¹
1880 2549 2305 2636 ceciderunt3
2322 2572 2469 2618 nou

384 2658 913 2766 efficietutamen
961 2665 1351 2736 nefandum
1395 2666 1743 2764 praesentis
1783 2659 2009 2739 reatus
2059 2657 2470 2761 indignum-

383 2800 522 2871 que
565 2775 930 2851 discrimen
953 2835 972 2866 ‚
1007 2800 1085 2851 ut
1126 2780 1379 2852 misera
1417 2780 1653 2878 puella
1695 2809 1839 2853 non
1882 2781 2255 2880 gratuletur
2295 2779 2464 2869 sibi,

382 2890 571 2986 quod
607 2890 798 2963 illam
836 2889 1100 2993 pauper
1140 2920 1461 2967 accusare
1490 2893 1641 2994 jam
1689 2915 1926 2993 potest.
1969 2895 2329 2966 Timuerat
2371 2894 2467 2964 in-

378 3005 576 3098 felix,
611 3035 701 3080 ne
736 3010 1043 3082 remedio
1076 3038 1201 3083 suo
1233 3011 1329 3083 sic
1361 3032 1777 3110 repugnaret
1807 3034 2094 3110 pauper,
2129 3006 2466 3103 urmagis

382 3146 679 3196 amaret:
714 3151 802 3198 ne
822 3124 1098 3225 juvenis
1129 3127 1204 3198 in
1233 3126 1428 3199 omni
1465 3152 1716 3225 genere
1744 3125 1966 3196 animi
1997 3121 2465 3194 contentiosus

383 3260 460 3305 ac
492 3239 835 3334 pertinax,
871 3241 1226 3339 potionem
1259 3239 1455 3311 illam
1489 3240 1723 3312 dolore
1747 3259 1991 3311 coactae
2024 3233 2329 3310 sanitatis
2359 3262 2465 3308 ex·

383 3348 705 3446 pelleret:
740 3351 954 3444 bene,
988 3355 1181 3452 quod
1221 3375 1290 3427 et
1325 3354 1644 3427 terribilis
1678 3374 1744 3425 et
1776 3354 2014 3426 minax
2047 3372 2146 3425 est
2170 3377 2465 3452 pauper,

386 3466 873 3564 qmdepoenam
905 3489 1248 3560 nostram,
1279 3471 1468 3570 quod
1493 3470 1910 3569 sanguinem
1940 3469 2128 3570 petit.
2162 3469 2327 3540 Non
2351 3494 2467 3540 ex-

382 3601 641 3690 spectes
658 3640 677 3673 ,
704 3603 782 3655 ut
804 3583 1038 3656 statim
1064 3585 1312 3682 gratias
1336 3605 1525 3684 agat,
1552 3585 1675 3683 qui
1704 3605 1986 3658 sanatur
2010 3584 2304 3658 invitus:
2337 3608 2467 3655 no—

382 3694 490 3768 bis
522 3717 754 3770 tamen
777 3754 796 3786 ‚
826 3699 1134 3799 judices,
1167 3699 1578 3774 hodiernam
1613 3700 1938 3801 pauperis
1973 3720 2285 3772 mentem
2320 3724 2463 3770 non

421 3919 432 3928 .
461 3892 484 3927 1
505 3875 1378 3933 Nulhmeritaooeidemnt.rone=
1460 3877 1763 3933 Obrechtus
1795 3881 2074 3953 expressit,
2113 3875 2327 3930 inutilia
2359 3893 2468 3928 meh

386 3957 529 4009 irrita
559 3958 746 4009 merita
765 3958 1074 4011 madenam.
1105 3961 1268 4014 Gnou.
1301 3960 1378 4013 Cl.
1461 3957 1560 4009 rita
1594 3957 1914 4010 cecidet-unu
1938 3975 2038 4023 an,
2079 3954 2249 4008 multa
2281 3955 2467 4008 merita

384 4035 740 4107 Schultingius
765 4048 942 4100 notat,
963 4036 1194 4089 GronoV.
1224 4040 1386 4090 etiam
1462 4036 1789 4088 ceciderunt?
1805 4035 1861 4087 id
1880 4046 1985 4102 est,
2002 4051 2166 4098 vana,
2188 4034 2334 4086 irrita
2352 4034 2469 4084 fne-

383 4127 646 4182 tentazsc‚
671 4113 787 4166 ulla
814 4114 996 4168 mer-ita
1015 4125 1381 4186 processerunt.
1461 4127 1616 4182 runt,
1645 4129 1703 4165 ut
1726 4115 1800 4165 ita
1830 4112 1978 4166 verba
1999 4110 2209 4177 eadere,
2242 4123 2297 4163 et
2322 4111 2465 4163 simi·

384 4196 533 4268 Ipse,
555 4195 788 4249 convicia
811 4195 933 4250 inde
957 4195 1243 4263 redierunt,
1269 4195 1384 4262 vel,
1464 4195 1562 4263 lia,
1599 4195 1753 4248 obvia
1794 4193 1939 4265 apud
1966 4207 2181 4267 poetas:
2221 4191 2332 4256 vel,
2368 4210 2465 4261 pro

387 4278 456 4328 ad
529 4276 738 4331 nullum
811 4276 1001 4332 merita
1071 4277 1383 4333 occiderunt.
1465 4278 1616 4334 nullo
1639 4276 1825 4331 merita
1847 4275 2155 4330 oeciderunt.
2178 4275 2348 4328 Bm.
2456 4327 2465 4336 ,
