<?xml version="1.0" encoding="UTF-8"?>
<!DOCTYPE html PUBLIC "-//W3C//DTD XHTML 1.0 Transitional//EN"
    "http://www.w3.org/TR/xhtml1/DTD/xhtml1-transitional.dtd">
<html xmlns="http://www.w3.org/1999/xhtml" xml:lang="en" lang="en">
 <head>
  <title>
</title>
<meta http-equiv="Content-Type" content="text/html;charset=utf-8" />
  <meta name='ocr-system' content='tesseract 3.04.00' />
  <meta name='ocr-capabilities' content='ocr_page ocr_carea ocr_par ocr_line ocrx_word'/>
</head>
<body>
  <div class='ocr_page' id='page_1' title='image "./deinstitutioneo01flacgoog_0187.png"; bbox 0 0 3200 5117; ppageno 0'>
   <div class='ocr_carea' id='block_1_1' title="bbox 670 545 2484 629">
    <p class='ocr_par' dir='ltr' id='par_1_1' title="bbox 670 545 2484 629">
     <span class='ocr_line' id='line_1_1' title="bbox 670 545 2484 629; baseline 0.001 -17"><span class='ocrx_word' id='word_1_1' title='bbox 670 547 944 612; x_wconf 90' lang='lat' dir='ltr'>DECL.</span> <span class='ocrx_word' id='word_1_2' title='bbox 994 547 1116 610; x_wconf 84' lang='lat' dir='ltr'><strong>VI.</strong></span> <span class='ocrx_word' id='word_1_3' title='bbox 1165 545 1648 611; x_wconf 89' lang='lat' dir='ltr'>CORPORIS</span> <span class='ocrx_word' id='word_1_4' title='bbox 1698 545 2187 612; x_wconf 86' lang='lat' dir='ltr'><strong>PROJECTI.</strong></span> <span class='ocrx_word' id='word_1_5' title='bbox 2363 547 2484 629; x_wconf 72' lang='lat'><strong>143</strong></span> 
     </span>
    </p>
   </div>
   <div class='ocr_carea' id='block_1_2' title="bbox 367 666 2501 4014">
    <p class='ocr_par' dir='ltr' id='par_1_2' title="bbox 378 666 2501 3205">
     <span class='ocr_line' id='line_1_2' title="bbox 380 666 2484 767; baseline 0 -25"><span class='ocrx_word' id='word_1_6' title='bbox 380 667 732 742; x_wconf 86' lang='lat' dir='ltr'><strong>exanimes</strong></span> <span class='ocrx_word' id='word_1_7' title='bbox 777 666 1020 767; x_wconf 82' lang='lat' dir='ltr'><strong>genuit</strong></span> <span class='ocrx_word' id='word_1_8' title='bbox 1052 694 1196 740; x_wconf 93' lang='lat' dir='ltr'><strong>non</strong></span> <span class='ocrx_word' id='word_1_9' title='bbox 1234 669 1464 739; x_wconf 89' lang='lat' dir='ltr'><strong>solum</strong></span> <span class='ocrx_word' id='word_1_10' title='bbox 1502 669 2059 760; x_wconf 81' lang='lat' dir='ltr'>miserationem,</span> <span class='ocrx_word' id='word_1_11' title='bbox 2109 695 2262 766; x_wconf 84' lang='lat' dir='ltr'><strong>quae</strong></span> <span class='ocrx_word' id='word_1_12' title='bbox 2303 671 2484 766; x_wconf 77' lang='lat' dir='ltr'><strong>cogi-</strong></span> 
     </span>
     <span class='ocr_line' id='line_1_3' title="bbox 381 783 2482 883; baseline 0 -25"><span class='ocrx_word' id='word_1_13' title='bbox 381 785 620 858; x_wconf 79' lang='lat' dir='ltr'><strong>tationi</strong></span> <span class='ocrx_word' id='word_1_14' title='bbox 647 804 889 856; x_wconf 88' lang='lat' dir='ltr'><strong>nostrae</strong></span> <span class='ocrx_word' id='word_1_15' title='bbox 911 783 1133 873; x_wconf 84' lang='lat' dir='ltr'><strong>subit,</strong></span> <span class='ocrx_word' id='word_1_16' title='bbox 1163 784 1283 856; x_wconf 90' lang='lat' dir='ltr'><strong>sed</strong></span> <span class='ocrx_word' id='word_1_17' title='bbox 1304 783 1520 855; x_wconf 87' lang='lat' dir='ltr'><strong>etiam</strong></span> <span class='ocrx_word' id='word_1_18' title='bbox 1546 784 1984 883; x_wconf 77' lang='lat' dir='ltr'><strong>religionem.</strong></span> <span class='ocrx_word' id='word_1_19' title='bbox 2020 785 2194 856; x_wconf 92' lang='lat' dir='ltr'><strong>lnde</strong></span> <span class='ocrx_word' id='word_1_20' title='bbox 2223 785 2482 883; x_wconf 75' lang='lat' dir='ltr'><strong>ignotis</strong></span> 
     </span>
     <span class='ocr_line' id='line_1_4' title="bbox 380 899 2482 999; baseline 0 -28"><span class='ocrx_word' id='word_1_21' title='bbox 380 927 661 999; x_wconf 90' lang='lat' dir='ltr'><strong>quoque</strong></span> <span class='ocrx_word' id='word_1_22' title='bbox 723 899 1126 999; x_wconf 86' lang='lat' dir='ltr'><strong>corporibus</strong></span> <span class='ocrx_word' id='word_1_23' title='bbox 1182 899 1694 972; x_wconf 83' lang='lat' dir='ltr'><strong>transeuntium</strong></span> <span class='ocrx_word' id='word_1_24' title='bbox 1755 901 2098 972; x_wconf 84' lang='lat' dir='ltr'><strong>viatorum</strong></span> <span class='ocrx_word' id='word_1_25' title='bbox 2160 899 2482 973; x_wconf 87' lang='lat' dir='ltr'><strong>collatitia</strong></span> 
     </span>
     <span class='ocr_line' id='line_1_5' title="bbox 378 1016 2485 1120; baseline -0.001 -30"><span class='ocrx_word' id='word_1_26' title='bbox 378 1019 770 1117; x_wconf 82' lang='lat' dir='ltr'><strong>sepultura,</strong></span> <span class='ocrx_word' id='word_1_27' title='bbox 802 1017 968 1091; x_wconf 89' lang='lat' dir='ltr'><strong>inde</strong></span> <span class='ocrx_word' id='word_1_28' title='bbox 1003 1018 1261 1120; x_wconf 90' lang='lat' dir='ltr'><strong>injecta</strong></span> <span class='ocrx_word' id='word_1_29' title='bbox 1293 1018 1380 1088; x_wconf 92' lang='lat' dir='ltr'><strong>ab</strong></span> <span class='ocrx_word' id='word_1_30' title='bbox 1408 1016 1657 1090; x_wconf 84' lang='lat' dir='ltr'><strong>alienis</strong></span> <span class='ocrx_word' id='word_1_31' title='bbox 1699 1018 1982 1089; x_wconf 81' lang='lat' dir='ltr'><strong>humus.</strong></span> <span class='ocrx_word' id='word_1_32' title='bbox 2034 1017 2331 1088; x_wconf 85' lang='lat' dir='ltr'><strong>Facinus</strong></span> <span class='ocrx_word' id='word_1_33' title='bbox 2355 1017 2485 1088; x_wconf 91' lang='lat' dir='ltr'><strong>-in-</strong></span> 
     </span>
     <span class='ocr_line' id='line_1_6' title="bbox 380 1131 2480 1233; baseline -0 -28"><span class='ocrx_word' id='word_1_34' title='bbox 380 1133 716 1233; x_wconf 81' lang='lat' dir='ltr'><strong>dignum,</strong></span> <span class='ocrx_word' id='word_1_35' title='bbox 736 1160 963 1232; x_wconf 88' lang='lat' dir='ltr'><strong>quum</strong></span> <span class='ocrx_word' id='word_1_36' title='bbox 989 1132 1133 1204; x_wconf 86' lang='lat' dir='ltr'><strong>haec</strong></span> <span class='ocrx_word' id='word_1_37' title='bbox 1173 1133 1267 1204; x_wconf 87' lang='lat' dir='ltr'><strong>ita</strong></span> <span class='ocrx_word' id='word_1_38' title='bbox 1295 1132 1434 1204; x_wconf 87' lang='lat' dir='ltr'><strong>sint</strong></span> <span class='ocrx_word' id='word_1_39' title='bbox 1452 1192 1470 1225; x_wconf 88' lang='lat'><strong>,</strong></span> <span class='ocrx_word' id='word_1_40' title='bbox 1491 1132 1803 1231; x_wconf 91' lang='lat' dir='ltr'><strong>sepultus</strong></span> <span class='ocrx_word' id='word_1_41' title='bbox 1828 1153 2003 1205; x_wconf 80' lang='lat' dir='ltr'><strong>esset</strong></span> <span class='ocrx_word' id='word_1_42' title='bbox 2031 1131 2217 1204; x_wconf 79' lang='lat' dir='ltr'><strong>filius</strong></span> <span class='ocrx_word' id='word_1_43' title='bbox 2245 1159 2443 1205; x_wconf 89' lang='lat' dir='ltr'><strong>meus</strong></span> <span class='ocrx_word' id='word_1_44' title='bbox 2461 1190 2480 1222; x_wconf 82' lang='lat'><strong>,</strong></span> 
     </span>
     <span class='ocr_line' id='line_1_7' title="bbox 379 1247 2482 1351; baseline 0.001 -32"><span class='ocrx_word' id='word_1_45' title='bbox 379 1247 516 1320; x_wconf 90' lang='lat' dir='ltr'><strong>nisi</strong></span> <span class='ocrx_word' id='word_1_46' title='bbox 567 1248 922 1321; x_wconf 87' lang='lat' dir='ltr'><strong>incidisset</strong></span> <span class='ocrx_word' id='word_1_47' title='bbox 966 1247 1042 1319; x_wconf 91' lang='lat' dir='ltr'><strong>in</strong></span> <span class='ocrx_word' id='word_1_48' title='bbox 1087 1268 1377 1319; x_wconf 87' lang='lat' dir='ltr'><strong>matrem</strong></span> <span class='ocrx_word' id='word_1_49' title='bbox 1416 1274 1431 1319; x_wconf 91' lang='lat'>:</span> <span class='ocrx_word' id='word_1_50' title='bbox 1478 1267 1543 1319; x_wconf 91' lang='lat' dir='ltr'><strong>et</strong></span> <span class='ocrx_word' id='word_1_51' title='bbox 1581 1248 1761 1339; x_wconf 88' lang='lat' dir='ltr'><strong>haec,</strong></span> <span class='ocrx_word' id='word_1_52' title='bbox 1790 1248 2103 1351; x_wconf 89' lang='lat' dir='ltr'><strong>judices,</strong></span> <span class='ocrx_word' id='word_1_53' title='bbox 2139 1275 2284 1320; x_wconf 91' lang='lat' dir='ltr'><strong>non</strong></span> <span class='ocrx_word' id='word_1_54' title='bbox 2324 1249 2482 1321; x_wconf 89' lang='lat' dir='ltr'><strong>ideo</strong></span> 
     </span>
     <span class='ocr_line' id='line_1_8' title="bbox 380 1363 2484 1463; baseline 0 -27"><span class='ocrx_word' id='word_1_55' title='bbox 380 1391 509 1463; x_wconf 78' lang='lat' dir='ltr'><strong>ego</strong></span> <span class='ocrx_word' id='word_1_56' title='bbox 540 1363 734 1452; x_wconf 86' lang='lat' dir='ltr'><strong>dico,</strong></span> <span class='ocrx_word' id='word_1_57' title='bbox 756 1383 833 1434; x_wconf 93' lang='lat' dir='ltr'><strong>ut</strong></span> <span class='ocrx_word' id='word_1_58' title='bbox 856 1363 1109 1435; x_wconf 87' lang='lat' dir='ltr'><strong>affectu</strong></span> <span class='ocrx_word' id='word_1_59' title='bbox 1137 1363 1296 1463; x_wconf 87' lang='lat' dir='ltr'><strong>jura</strong></span> <span class='ocrx_word' id='word_1_60' title='bbox 1318 1390 1799 1462; x_wconf 90' lang='lat' dir='ltr'><strong>corrumpam;</strong></span> <span class='ocrx_word' id='word_1_61' title='bbox 1831 1390 2057 1461; x_wconf 92' lang='lat' dir='ltr'><strong>neque</strong></span> <span class='ocrx_word' id='word_1_62' title='bbox 2089 1363 2283 1435; x_wconf 86' lang='lat' dir='ltr'><strong>vobis</strong></span> <span class='ocrx_word' id='word_1_63' title='bbox 2313 1391 2484 1462; x_wconf 80' lang='lat' dir='ltr'><strong>prae-</strong></span> 
     </span>
     <span class='ocr_line' id='line_1_9' title="bbox 380 1479 2483 1582; baseline 0.001 -30"><span class='ocrx_word' id='word_1_64' title='bbox 380 1482 604 1582; x_wconf 87' lang='lat' dir='ltr'><strong>cipio,</strong></span> <span class='ocrx_word' id='word_1_65' title='bbox 648 1479 765 1553; x_wconf 93' lang='lat' dir='ltr'><strong>sed</strong></span> <span class='ocrx_word' id='word_1_66' title='bbox 812 1479 1207 1553; x_wconf 80' lang='lat' dir='ltr'><strong>adversariae</strong></span> <span class='ocrx_word' id='word_1_67' title='bbox 1251 1480 1607 1580; x_wconf 74' lang='lat' dir='ltr'><strong>exprobro.</strong></span> <span class='ocrx_word' id='word_1_68' title='bbox 1650 1485 1915 1580; x_wconf 77' lang='lat' dir='ltr'><strong>Legem</strong></span> <span class='ocrx_word' id='word_1_69' title='bbox 1950 1481 2238 1581; x_wconf 89' lang='lat' dir='ltr'><strong>quidem</strong></span> <span class='ocrx_word' id='word_1_70' title='bbox 2284 1483 2483 1554; x_wconf 85' lang='lat' dir='ltr'><strong>istam</strong></span> 
     </span>
     <span class='ocr_line' id='line_1_10' title="bbox 380 1596 2488 1700; baseline 0.001 -31"><span class='ocrx_word' id='word_1_71' title='bbox 380 1598 636 1697; x_wconf 89' lang='lat' dir='ltr'><strong>quidni</strong></span> <span class='ocrx_word' id='word_1_72' title='bbox 670 1596 987 1670; x_wconf 87' lang='lat' dir='ltr'><strong>horream</strong></span> <span class='ocrx_word' id='word_1_73' title='bbox 1008 1655 1027 1689; x_wconf 86' lang='lat'><strong>,</strong></span> <span class='ocrx_word' id='word_1_74' title='bbox 1057 1624 1281 1696; x_wconf 89' lang='lat' dir='ltr'><strong>quum</strong></span> <span class='ocrx_word' id='word_1_75' title='bbox 1326 1598 1400 1670; x_wconf 96' lang='lat' dir='ltr'><strong>id</strong></span> <span class='ocrx_word' id='word_1_76' title='bbox 1436 1625 1662 1670; x_wconf 88' lang='lat' dir='ltr'><strong>unum</strong></span> <span class='ocrx_word' id='word_1_77' title='bbox 1703 1599 2094 1672; x_wconf 89' lang='lat' dir='ltr'><strong>miserrimo</strong></span> <span class='ocrx_word' id='word_1_78' title='bbox 2117 1598 2364 1700; x_wconf 86' lang='lat' dir='ltr'><strong>juveni</strong></span> <span class='ocrx_word' id='word_1_79' title='bbox 2398 1600 2488 1672; x_wconf 86' lang='lat' dir='ltr'><strong>sit</strong></span> 
     </span>
     <span class='ocr_line' id='line_1_11' title="bbox 379 1709 2485 1812; baseline 0.001 -31"><span class='ocrx_word' id='word_1_80' title='bbox 379 1709 767 1812; x_wconf 88' lang='lat' dir='ltr'><strong>objectum,</strong></span> <span class='ocrx_word' id='word_1_81' title='bbox 802 1709 992 1811; x_wconf 88' lang='lat' dir='ltr'><strong>quod</strong></span> <span class='ocrx_word' id='word_1_82' title='bbox 1029 1710 1106 1782; x_wconf 91' lang='lat' dir='ltr'><strong>in</strong></span> <span class='ocrx_word' id='word_1_83' title='bbox 1150 1710 1531 1783; x_wconf 86' lang='lat' dir='ltr'><strong>calamitate</strong></span> <span class='ocrx_word' id='word_1_84' title='bbox 1570 1738 1714 1783; x_wconf 93' lang='lat' dir='ltr'><strong>non</strong></span> <span class='ocrx_word' id='word_1_85' title='bbox 1758 1710 2134 1783; x_wconf 83' lang='lat' dir='ltr'><strong>deseruerit</strong></span> <span class='ocrx_word' id='word_1_86' title='bbox 2172 1713 2485 1812; x_wconf 85' lang='lat' dir='ltr'><strong>patrem?</strong></span> 
     </span>
     <span class='ocr_line' id='line_1_12' title="bbox 380 1825 2487 1928; baseline 0.002 -32"><span class='ocrx_word' id='word_1_87' title='bbox 380 1825 512 1897; x_wconf 90' lang='lat' dir='ltr'><strong>Sed</strong></span> <span class='ocrx_word' id='word_1_88' title='bbox 551 1847 888 1923; x_wconf 90' lang='lat' dir='ltr'><strong>quatenus</strong></span> <span class='ocrx_word' id='word_1_89' title='bbox 916 1825 1141 1897; x_wconf 87' lang='lat' dir='ltr'><strong>luctus</strong></span> <span class='ocrx_word' id='word_1_90' title='bbox 1171 1826 1382 1897; x_wconf 85' lang='lat' dir='ltr'><strong>nostri</strong></span> <span class='ocrx_word' id='word_1_91' title='bbox 1414 1826 1487 1898; x_wconf 92' lang='lat' dir='ltr'><strong>in</strong></span> <span class='ocrx_word' id='word_1_92' title='bbox 1501 1826 1622 1928; x_wconf 86' lang='lat' dir='ltr'><strong>jus</strong></span> <span class='ocrx_word' id='word_1_93' title='bbox 1646 1847 1997 1917; x_wconf 89' lang='lat' dir='ltr'><strong>vocantur,</strong></span> <span class='ocrx_word' id='word_1_94' title='bbox 2026 1849 2091 1898; x_wconf 90' lang='lat' dir='ltr'><strong>et</strong></span> <span class='ocrx_word' id='word_1_95' title='bbox 2116 1827 2305 1900; x_wconf 84' lang='lat' dir='ltr'><strong>flenti</strong></span> <span class='ocrx_word' id='word_1_96' title='bbox 2345 1830 2487 1901; x_wconf 88' lang='lat' dir='ltr'><strong>dis·</strong></span> 
     </span>
     <span class='ocr_line' id='line_1_13' title="bbox 383 1941 2485 2043; baseline 0.002 -30"><span class='ocrx_word' id='word_1_97' title='bbox 383 1941 778 2041; x_wconf 86' lang='lat' dir='ltr'><strong>putandum</strong></span> <span class='ocrx_word' id='word_1_98' title='bbox 812 1961 946 2033; x_wconf 89' lang='lat' dir='ltr'><strong>est,</strong></span> <span class='ocrx_word' id='word_1_99' title='bbox 971 1963 1040 2014; x_wconf 90' lang='lat' dir='ltr'><strong>et</strong></span> <span class='ocrx_word' id='word_1_100' title='bbox 1070 1942 1344 2014; x_wconf 85' lang='lat' dir='ltr'><strong>orbitati</strong></span> <span class='ocrx_word' id='word_1_101' title='bbox 1381 1968 1520 2014; x_wconf 82' lang='lat' dir='ltr'><strong>suae</strong></span> <span class='ocrx_word' id='word_1_102' title='bbox 1561 1963 1780 2015; x_wconf 90' lang='lat' dir='ltr'><strong>mater</strong></span> <span class='ocrx_word' id='word_1_103' title='bbox 1822 1943 2168 2032; x_wconf 86' lang='lat' dir='ltr'><strong>irascitur,</strong></span> <span class='ocrx_word' id='word_1_104' title='bbox 2204 1970 2485 2043; x_wconf 86' lang='lat' dir='ltr'><strong>supere·-</strong></span> 
     </span>
     <span class='ocr_line' id='line_1_14' title="bbox 382 2058 2501 2158; baseline -0 -30"><span class='ocrx_word' id='word_1_105' title='bbox 382 2083 573 2147; x_wconf 77' lang='lat' dir='ltr'><strong>muS,</strong></span> <span class='ocrx_word' id='word_1_106' title='bbox 609 2084 823 2156; x_wconf 91' lang='lat' dir='ltr'><strong>quam</strong></span> <span class='ocrx_word' id='word_1_107' title='bbox 858 2082 1131 2129; x_wconf 86' lang='lat' dir='ltr'><strong>exorare</strong></span> <span class='ocrx_word' id='word_1_108' title='bbox 1161 2083 1307 2130; x_wconf 91' lang='lat' dir='ltr'><strong>non</strong></span> <span class='ocrx_word' id='word_1_109' title='bbox 1339 2084 1731 2158; x_wconf 85' lang='lat' dir='ltr'><strong>possumus.</strong></span> <span class='ocrx_word' id='word_1_110' title='bbox 1767 2058 2148 2157; x_wconf 89' lang='lat' dir='ltr'><strong>Ecquando</strong></span> <span class='ocrx_word' id='word_1_111' title='bbox 2179 2058 2501 2131; x_wconf 70' lang='lat' dir='ltr'><strong>duorum-v</strong></span> 
     </span>
     <span class='ocr_line' id='line_1_15' title="bbox 381 2172 2482 2275; baseline 0.002 -32"><span class='ocrx_word' id='word_1_112' title='bbox 381 2172 754 2244; x_wconf 91' lang='lat' dir='ltr'><strong>hominum</strong></span> <span class='ocrx_word' id='word_1_113' title='bbox 802 2172 1159 2245; x_wconf 88' lang='lat' dir='ltr'><strong>miseriora</strong></span> <span class='ocrx_word' id='word_1_114' title='bbox 1199 2195 1353 2246; x_wconf 84' lang='lat' dir='ltr'><strong>vota</strong></span> <span class='ocrx_word' id='word_1_115' title='bbox 1402 2174 1700 2264; x_wconf 86' lang='lat' dir='ltr'><strong>vidistis,</strong></span> <span class='ocrx_word' id='word_1_116' title='bbox 1745 2196 1823 2246; x_wconf 92' lang='lat' dir='ltr'><strong>ut</strong></span> <span class='ocrx_word' id='word_1_117' title='bbox 1868 2174 1952 2246; x_wconf 91' lang='lat' dir='ltr'><strong>de</strong></span> <span class='ocrx_word' id='word_1_118' title='bbox 2005 2173 2113 2247; x_wconf 90' lang='lat' dir='ltr'><strong>his</strong></span> <span class='ocrx_word' id='word_1_119' title='bbox 2159 2196 2380 2275; x_wconf 87' lang='lat' dir='ltr'><strong>pater,</strong></span> <span class='ocrx_word' id='word_1_120' title='bbox 2426 2177 2482 2247; x_wconf 92' lang='lat' dir='ltr'><strong>si</strong></span> 
     </span>
     <span class='ocr_line' id='line_1_16' title="bbox 380 2287 2484 2392; baseline 0.002 -34"><span class='ocrx_word' id='word_1_121' title='bbox 380 2287 614 2359; x_wconf 88' lang='lat' dir='ltr'><strong>vicerit</strong></span> <span class='ocrx_word' id='word_1_122' title='bbox 635 2346 652 2378; x_wconf 87' lang='lat'>‚</span> <span class='ocrx_word' id='word_1_123' title='bbox 683 2287 913 2359; x_wconf 90' lang='lat' dir='ltr'><strong>filium</strong></span> <span class='ocrx_word' id='word_1_124' title='bbox 942 2313 1152 2359; x_wconf 89' lang='lat' dir='ltr'><strong>suum</strong></span> <span class='ocrx_word' id='word_1_125' title='bbox 1183 2289 1461 2360; x_wconf 84' lang='lat' dir='ltr'><strong>efferat:</strong></span> <span class='ocrx_word' id='word_1_126' title='bbox 1495 2309 1734 2380; x_wconf 87' lang='lat' dir='ltr'><strong>mater,</strong></span> <span class='ocrx_word' id='word_1_127' title='bbox 1764 2288 1819 2362; x_wconf 92' lang='lat' dir='ltr'><strong>si</strong></span> <span class='ocrx_word' id='word_1_128' title='bbox 1854 2289 2126 2382; x_wconf 84' lang='lat' dir='ltr'><strong>vicerit,</strong></span> <span class='ocrx_word' id='word_1_129' title='bbox 2157 2290 2484 2392; x_wconf 75' lang='lat' dir='ltr'><strong>abjiciat?</strong></span> 
     </span>
     <span class='ocr_line' id='line_1_17' title="bbox 382 2401 2483 2503; baseline 0.001 -28"><span class='ocrx_word' id='word_1_130' title='bbox 382 2429 531 2502; x_wconf 85' lang='lat' dir='ltr'><strong>quae</strong></span> <span class='ocrx_word' id='word_1_131' title='bbox 560 2425 793 2475; x_wconf 90' lang='lat' dir='ltr'><strong>tamen</strong></span> <span class='ocrx_word' id='word_1_132' title='bbox 821 2402 931 2475; x_wconf 85' lang='lat' dir='ltr'><strong>lex</strong></span> <span class='ocrx_word' id='word_1_133' title='bbox 960 2401 1099 2481; x_wconf 83' lang='lat' dir='ltr'><strong>est?</strong></span> <span class='ocrx_word' id='word_1_134' title='bbox 1131 2403 1252 2501; x_wconf 90' lang='lat' dir='ltr'><strong>qui</strong></span> <span class='ocrx_word' id='word_1_135' title='bbox 1284 2424 1599 2503; x_wconf 89' lang='lat' dir='ltr'><strong>parentes</strong></span> <span class='ocrx_word' id='word_1_136' title='bbox 1629 2404 1703 2476; x_wconf 91' lang='lat' dir='ltr'><strong>in</strong></span> <span class='ocrx_word' id='word_1_137' title='bbox 1738 2403 2122 2476; x_wconf 86' lang='lat' dir='ltr'><strong>calamitate</strong></span> <span class='ocrx_word' id='word_1_138' title='bbox 2153 2404 2483 2477; x_wconf 89' lang='lat' dir='ltr'><strong>deserue-</strong></span> 
     </span>
     <span class='ocr_line' id='line_1_18' title="bbox 382 2517 2482 2621; baseline 0.001 -32"><span class='ocrx_word' id='word_1_139' title='bbox 382 2519 501 2611; x_wconf 82' lang='lat' dir='ltr'><strong>rit,</strong></span> <span class='ocrx_word' id='word_1_140' title='bbox 535 2520 922 2619; x_wconf 89' lang='lat' dir='ltr'><strong>insepultus</strong></span> <span class='ocrx_word' id='word_1_141' title='bbox 973 2517 1355 2618; x_wconf 88' lang='lat' dir='ltr'><strong>abjiciatur.</strong></span> <span class='ocrx_word' id='word_1_142' title='bbox 1410 2520 1670 2616; x_wconf 82' lang='lat' dir='ltr'><strong>Omnis</strong></span> <span class='ocrx_word' id='word_1_143' title='bbox 1722 2520 1925 2592; x_wconf 85' lang='lat' dir='ltr'><strong>nobis</strong></span> <span class='ocrx_word' id='word_1_144' title='bbox 1976 2520 2051 2591; x_wconf 91' lang='lat' dir='ltr'><strong>in</strong></span> <span class='ocrx_word' id='word_1_145' title='bbox 2101 2520 2231 2591; x_wconf 89' lang='lat' dir='ltr'><strong>hac</strong></span> <span class='ocrx_word' id='word_1_146' title='bbox 2288 2520 2482 2621; x_wconf 87' lang='lat' dir='ltr'><strong>prius</strong></span> 
     </span>
     <span class='ocr_line' id='line_1_19' title="bbox 380 2635 2482 2744; baseline 0.001 -36"><span class='ocrx_word' id='word_1_147' title='bbox 380 2664 622 2726; x_wconf 83' lang='lat' dir='ltr'><strong>causa,</strong></span> <span class='ocrx_word' id='word_1_148' title='bbox 652 2637 960 2739; x_wconf 78' lang='lat' dir='ltr'><strong>judiceS,</strong></span> <span class='ocrx_word' id='word_1_149' title='bbox 1002 2635 1086 2707; x_wconf 94' lang='lat' dir='ltr'><strong>de</strong></span> <span class='ocrx_word' id='word_1_150' title='bbox 1125 2635 1376 2734; x_wconf 90' lang='lat' dir='ltr'><strong>scripto</strong></span> <span class='ocrx_word' id='word_1_151' title='bbox 1413 2657 1482 2707; x_wconf 87' lang='lat' dir='ltr'><strong>et</strong></span> <span class='ocrx_word' id='word_1_152' title='bbox 1517 2635 1872 2713; x_wconf 88' lang='lat' dir='ltr'><strong>intellectu</strong></span> <span class='ocrx_word' id='word_1_153' title='bbox 1919 2635 2088 2735; x_wconf 78' lang='lat' dir='ltr'><strong>legis</strong></span> <span class='ocrx_word' id='word_1_154' title='bbox 2131 2639 2482 2744; x_wconf 73' lang='lat' dir='ltr'><strong>contentio</strong></span> 
     </span>
     <span class='ocr_line' id='line_1_20' title="bbox 383 2750 2481 2850; baseline 0 -27"><span class='ocrx_word' id='word_1_155' title='bbox 383 2772 520 2840; x_wconf 82' lang='lat' dir='ltr'><strong>est3</strong></span> <span class='ocrx_word' id='word_1_156' title='bbox 557 2772 791 2824; x_wconf 89' lang='lat' dir='ltr'><strong>utrum</strong></span> <span class='ocrx_word' id='word_1_157' title='bbox 840 2752 1211 2824; x_wconf 87' lang='lat' dir='ltr'><strong>verborum</strong></span> <span class='ocrx_word' id='word_1_158' title='bbox 1258 2750 1747 2850; x_wconf 78' lang='lat' dir='ltr'><strong>ambiguitate,</strong></span> <span class='ocrx_word' id='word_1_159' title='bbox 1791 2778 1880 2823; x_wconf 92' lang='lat' dir='ltr'><strong>an</strong></span> <span class='ocrx_word' id='word_1_160' title='bbox 1923 2752 2294 2824; x_wconf 86' lang='lat' dir='ltr'><strong>voluntatis</strong></span> <span class='ocrx_word' id='word_1_161' title='bbox 2344 2751 2481 2824; x_wconf 90' lang='lat' dir='ltr'><strong>fide</strong></span> 
     </span>
     <span class='ocr_line' id='line_1_21' title="bbox 378 2865 2483 2968; baseline -0 -29"><span class='ocrx_word' id='word_1_162' title='bbox 378 2867 712 2939; x_wconf 83' lang='lat' dir='ltr'><strong>standum</strong></span> <span class='ocrx_word' id='word_1_163' title='bbox 750 2868 836 2938; x_wconf 87' lang='lat' dir='ltr'><strong>sit</strong></span> <span class='ocrx_word' id='word_1_164' title='bbox 859 2882 917 2938; x_wconf 88' lang='lat'><strong>¹:</strong></span> <span class='ocrx_word' id='word_1_165' title='bbox 952 2893 1107 2968; x_wconf 90' lang='lat' dir='ltr'><strong>pars</strong></span> <span class='ocrx_word' id='word_1_166' title='bbox 1146 2869 1337 2940; x_wconf 90' lang='lat' dir='ltr'><strong>enim</strong></span> <span class='ocrx_word' id='word_1_167' title='bbox 1376 2866 1657 2939; x_wconf 88' lang='lat' dir='ltr'><strong>adversa</strong></span> <span class='ocrx_word' id='word_1_168' title='bbox 1699 2866 1772 2937; x_wconf 91' lang='lat' dir='ltr'><strong>id</strong></span> <span class='ocrx_word' id='word_1_169' title='bbox 1810 2865 2089 2955; x_wconf 85' lang='lat' dir='ltr'><strong>nititur,</strong></span> <span class='ocrx_word' id='word_1_170' title='bbox 2124 2887 2483 2965; x_wconf 90' lang='lat' dir='ltr'><strong>parentem</strong></span> 
     </span>
     <span class='ocr_line' id='line_1_22' title="bbox 381 2980 2481 3083; baseline -0.002 -27"><span class='ocrx_word' id='word_1_171' title='bbox 381 2984 590 3058; x_wconf 87' lang='lat' dir='ltr'><strong>fuisse</strong></span> <span class='ocrx_word' id='word_1_172' title='bbox 644 2985 718 3056; x_wconf 91' lang='lat' dir='ltr'><strong>in</strong></span> <span class='ocrx_word' id='word_1_173' title='bbox 775 2983 1159 3058; x_wconf 89' lang='lat' dir='ltr'><strong>calamitate</strong></span> <span class='ocrx_word' id='word_1_174' title='bbox 1217 3011 1411 3073; x_wconf 89' lang='lat' dir='ltr'><strong>earn,</strong></span> <span class='ocrx_word' id='word_1_175' title='bbox 1456 3008 1609 3083; x_wconf 78' lang='lat' dir='ltr'><strong>quae</strong></span> <span class='ocrx_word' id='word_1_176' title='bbox 1661 2982 1923 3055; x_wconf 86' lang='lat' dir='ltr'><strong>deserta</strong></span> <span class='ocrx_word' id='word_1_177' title='bbox 1972 2981 2091 3052; x_wconf 88' lang='lat' dir='ltr'><strong>sit:</strong></span> <span class='ocrx_word' id='word_1_178' title='bbox 2133 2980 2332 3081; x_wconf 90' lang='lat' dir='ltr'><strong>cujus</strong></span> <span class='ocrx_word' id='word_1_179' title='bbox 2382 2982 2481 3054; x_wconf 87' lang='lat' dir='ltr'><strong>rei</strong></span> 
     </span>
     <span class='ocr_line' id='line_1_23' title="bbox 383 3102 1926 3205; baseline -0.002 -31"><span class='ocrx_word' id='word_1_180' title='bbox 383 3129 581 3200; x_wconf 76' lang='lat' dir='ltr'><strong>poena</strong></span> <span class='ocrx_word' id='word_1_181' title='bbox 610 3123 707 3175; x_wconf 91' lang='lat' dir='ltr'><strong>est</strong></span> <span class='ocrx_word' id='word_1_182' title='bbox 736 3160 755 3193; x_wconf 90' lang='lat'><strong>,</strong></span> <span class='ocrx_word' id='word_1_183' title='bbox 787 3102 993 3205; x_wconf 88' lang='lat' dir='ltr'><strong>abjici</strong></span> <span class='ocrx_word' id='word_1_184' title='bbox 1029 3102 1480 3203; x_wconf 88' lang='lat' dir='ltr'><strong>insepultum.</strong></span> <span class='ocrx_word' id='word_1_185' title='bbox 1917 3107 1926 3116; x_wconf 88' lang='lat'>&#39;</span> 
     </span>
    </p>

    <p class='ocr_par' dir='ltr' id='par_1_3' title="bbox 367 3215 2482 4014">
     <span class='ocr_line' id='line_1_24' title="bbox 477 3215 2479 3316; baseline -0.003 -25"><span class='ocrx_word' id='word_1_186' title='bbox 477 3220 627 3292; x_wconf 85' lang='grc' dir='ltr'><strong>ΧΠ.</strong></span> <span class='ocrx_word' id='word_1_187' title='bbox 663 3219 862 3311; x_wconf 89' lang='lat' dir='ltr'><strong>Quid</strong></span> <span class='ocrx_word' id='word_1_188' title='bbox 899 3241 1050 3292; x_wconf 90' lang='lat' dir='ltr'><strong>tum</strong></span> <span class='ocrx_word' id='word_1_189' title='bbox 1088 3219 1303 3292; x_wconf 85' lang='lat' dir='ltr'><strong>fuerit</strong></span> <span class='ocrx_word' id='word_1_190' title='bbox 1338 3218 1412 3289; x_wconf 92' lang='lat' dir='ltr'><strong>in</strong></span> <span class='ocrx_word' id='word_1_191' title='bbox 1443 3244 1681 3307; x_wconf 86' lang='lat' dir='ltr'><strong>causa,</strong></span> <span class='ocrx_word' id='word_1_192' title='bbox 1716 3215 1890 3316; x_wconf 91' lang='lat' dir='ltr'><strong>quid</strong></span> <span class='ocrx_word' id='word_1_193' title='bbox 1923 3215 2007 3288; x_wconf 88' lang='lat' dir='ltr'><strong>sit</strong></span> <span class='ocrx_word' id='word_1_194' title='bbox 2045 3235 2279 3313; x_wconf 87' lang='lat' dir='ltr'><strong>postea</strong></span> <span class='ocrx_word' id='word_1_195' title='bbox 2318 3240 2479 3286; x_wconf 85' lang='lat' dir='ltr'><strong>con-</strong></span> 
     </span>
     <span class='ocr_line' id='line_1_25' title="bbox 381 3330 2481 3433; baseline -0.002 -28"><span class='ocrx_word' id='word_1_196' title='bbox 381 3355 730 3425; x_wconf 89' lang='lat' dir='ltr'><strong>secutum,</strong></span> <span class='ocrx_word' id='word_1_197' title='bbox 767 3334 1122 3433; x_wconf 91' lang='lat' dir='ltr'><strong>quomodo</strong></span> <span class='ocrx_word' id='word_1_198' title='bbox 1164 3335 1391 3433; x_wconf 82' lang='lat' dir='ltr'><strong>legem</strong></span> <span class='ocrx_word' id='word_1_199' title='bbox 1435 3332 1818 3430; x_wconf 77' lang='lat' dir='ltr'><strong>intelligere</strong></span> <span class='ocrx_word' id='word_1_200' title='bbox 1862 3330 2266 3420; x_wconf 86' lang='lat' dir='ltr'><strong>conveniat,</strong></span> <span class='ocrx_word' id='word_1_201' title='bbox 2313 3331 2481 3402; x_wconf 92' lang='lat' dir='ltr'><strong>sub-</strong></span> 
     </span>
     <span class='ocr_line' id='line_1_26' title="bbox 378 3444 2480 3549; baseline -0.001 -28"><span class='ocrx_word' id='word_1_202' title='bbox 378 3449 659 3549; x_wconf 78' lang='lat' dir='ltr'><strong>terfugit</strong></span> <span class='ocrx_word' id='word_1_203' title='bbox 706 3450 973 3541; x_wconf 89' lang='lat' dir='ltr'><strong>dicere,</strong></span> <span class='ocrx_word' id='word_1_204' title='bbox 1023 3477 1251 3549; x_wconf 90' lang='lat' dir='ltr'><strong>neque</strong></span> <span class='ocrx_word' id='word_1_205' title='bbox 1304 3477 1344 3520; x_wconf 91' lang='lat' dir='ltr'><strong>a</strong></span> <span class='ocrx_word' id='word_1_206' title='bbox 1397 3448 1685 3547; x_wconf 81' lang='lat' dir='ltr'><strong>vestigio</strong></span> <span class='ocrx_word' id='word_1_207' title='bbox 1738 3447 1971 3546; x_wconf 90' lang='lat' dir='ltr'><strong>scripti</strong></span> <span class='ocrx_word' id='word_1_208' title='bbox 2031 3444 2318 3536; x_wconf 89' lang='lat' dir='ltr'><strong>recedit,</strong></span> <span class='ocrx_word' id='word_1_209' title='bbox 2357 3446 2480 3519; x_wconf 86' lang='lat' dir='ltr'><strong>sed</strong></span> 
     </span>
     <span class='ocr_line' id='line_1_27' title="bbox 381 3561 2482 3662; baseline -0.001 -27"><span class='ocrx_word' id='word_1_210' title='bbox 381 3563 574 3636; x_wconf 89' lang='lat' dir='ltr'><strong>nuda</strong></span> <span class='ocrx_word' id='word_1_211' title='bbox 606 3566 1001 3638; x_wconf 89' lang='lat' dir='ltr'><strong>recitatione</strong></span> <span class='ocrx_word' id='word_1_212' title='bbox 1026 3586 1354 3638; x_wconf 90' lang='lat' dir='ltr'><strong>contenta</strong></span> <span class='ocrx_word' id='word_1_213' title='bbox 1378 3586 1495 3636; x_wconf 91' lang='lat' dir='ltr'><strong>est.</strong></span> <span class='ocrx_word' id='word_1_214' title='bbox 1527 3567 1668 3636; x_wconf 91' lang='lat' dir='ltr'><strong>Nos</strong></span> <span class='ocrx_word' id='word_1_215' title='bbox 1698 3590 1928 3662; x_wconf 90' lang='lat' dir='ltr'><strong>neque</strong></span> <span class='ocrx_word' id='word_1_216' title='bbox 1963 3561 2299 3635; x_wconf 87' lang='lat' dir='ltr'><strong>omnibus</strong></span> <span class='ocrx_word' id='word_1_217' title='bbox 2328 3588 2482 3661; x_wconf 82' lang='lat' dir='ltr'><strong>per-</strong></span> 
     </span>
     <span class='ocr_line' id='line_1_28' title="bbox 381 3677 2482 3780; baseline 0 -30"><span class='ocrx_word' id='word_1_218' title='bbox 381 3681 600 3770; x_wconf 78' lang='lat' dir='ltr'><strong>soniS,</strong></span> <span class='ocrx_word' id='word_1_219' title='bbox 637 3708 866 3780; x_wconf 91' lang='lat' dir='ltr'><strong>neque</strong></span> <span class='ocrx_word' id='word_1_220' title='bbox 908 3682 1241 3755; x_wconf 87' lang='lat' dir='ltr'><strong>omnibus</strong></span> <span class='ocrx_word' id='word_1_221' title='bbox 1289 3680 1477 3753; x_wconf 86' lang='lat' dir='ltr'><strong>caecis</strong></span> <span class='ocrx_word' id='word_1_222' title='bbox 1533 3680 1856 3780; x_wconf 89' lang='lat' dir='ltr'><strong>scriptam</strong></span> <span class='ocrx_word' id='word_1_223' title='bbox 1912 3705 2053 3752; x_wconf 87' lang='lat' dir='ltr'><strong>esse</strong></span> <span class='ocrx_word' id='word_1_224' title='bbox 2102 3677 2371 3778; x_wconf 79' lang='lat' dir='ltr'><strong>legem,</strong></span> <span class='ocrx_word' id='word_1_225' title='bbox 2415 3698 2482 3750; x_wconf 89' lang='lat' dir='ltr'><strong>et</strong></span> 
     </span>
     <span class='ocr_line' id='line_1_29' title="bbox 367 3793 2478 3897; baseline -0.001 -31"><span class='ocrx_word' id='word_1_226' title='bbox 367 3794 612 3896; x_wconf 87' lang='lat' dir='ltr'><strong>juveni</strong></span> <span class='ocrx_word' id='word_1_227' title='bbox 638 3797 855 3897; x_wconf 85' lang='lat' dir='ltr'><strong>justas</strong></span> <span class='ocrx_word' id='word_1_228' title='bbox 885 3825 962 3870; x_wconf 90' lang='lat' dir='ltr'><strong>ac</strong></span> <span class='ocrx_word' id='word_1_229' title='bbox 987 3797 1396 3871; x_wconf 85' lang='lat' dir='ltr'><strong>necessarias</strong></span> <span class='ocrx_word' id='word_1_230' title='bbox 1421 3793 1790 3868; x_wconf 90' lang='lat' dir='ltr'><strong>recedendi</strong></span> <span class='ocrx_word' id='word_1_231' title='bbox 1822 3822 2099 3884; x_wconf 81' lang='lat' dir='ltr'><strong>causas3</strong></span> <span class='ocrx_word' id='word_1_232' title='bbox 2132 3813 2199 3864; x_wconf 91' lang='lat' dir='ltr'><strong>et</strong></span> <span class='ocrx_word' id='word_1_233' title='bbox 2239 3793 2350 3864; x_wconf 92' lang='lat' dir='ltr'><strong>cui</strong></span> <span class='ocrx_word' id='word_1_234' title='bbox 2382 3793 2478 3863; x_wconf 94' lang='lat' dir='ltr'><strong>rei</strong></span> 
     </span>
     <span class='ocr_line' id='line_1_30' title="bbox 379 3907 2477 4014; baseline -0.001 -31"><span class='ocrx_word' id='word_1_235' title='bbox 379 3937 650 4012; x_wconf 87' lang='lat' dir='ltr'><strong>semper</strong></span> <span class='ocrx_word' id='word_1_236' title='bbox 684 3913 800 4014; x_wconf 89' lang='lat' dir='ltr'><strong>jus</strong></span> <span class='ocrx_word' id='word_1_237' title='bbox 846 3915 1001 3987; x_wconf 86' lang='lat' dir='ltr'><strong>satis</strong></span> <span class='ocrx_word' id='word_1_238' title='bbox 1043 3914 1335 4012; x_wconf 89' lang='lat' dir='ltr'><strong>plenum</strong></span> <span class='ocrx_word' id='word_1_239' title='bbox 1384 3932 1517 4002; x_wconf 86' lang='lat' dir='ltr'><strong>est,</strong></span> <span class='ocrx_word' id='word_1_240' title='bbox 1558 3911 1829 3983; x_wconf 90' lang='lat' dir='ltr'><strong>bonum</strong></span> <span class='ocrx_word' id='word_1_241' title='bbox 1873 3910 2195 3982; x_wconf 90' lang='lat' dir='ltr'><strong>animum</strong></span> <span class='ocrx_word' id='word_1_242' title='bbox 2229 3907 2477 3998; x_wconf 80' lang='lat' dir='ltr'><strong>fuisse,</strong></span> 
     </span>
    </p>
   </div>
   <div class='ocr_carea' id='block_1_3' title="bbox 380 4110 2478 4351">
    <p class='ocr_par' dir='ltr' id='par_1_4' title="bbox 380 4110 2478 4351">
     <span class='ocr_line' id='line_1_31' title="bbox 386 4110 2475 4190; baseline -0.007 -18"><span class='ocrx_word' id='word_1_243' title='bbox 386 4117 487 4172; x_wconf 67' lang='lat' dir='ltr'><strong>ald</strong></span> <span class='ocrx_word' id='word_1_244' title='bbox 518 4133 731 4190; x_wconf 73' lang='lat' dir='ltr'><strong>gratum</strong></span> <span class='ocrx_word' id='word_1_245' title='bbox 762 4120 924 4172; x_wconf 83' lang='lat' dir='ltr'><strong>fuisse</strong></span> <span class='ocrx_word' id='word_1_246' title='bbox 962 4118 1239 4171; x_wconf 81' lang='lat' dir='ltr'><strong>adversum</strong></span> <span class='ocrx_word' id='word_1_247' title='bbox 1267 4131 1336 4169; x_wconf 85' lang='lat' dir='ltr'><strong>te.</strong></span> <span class='ocrx_word' id='word_1_248' title='bbox 1362 4142 1384 4165; x_wconf 75' lang='grc' dir='ltr'><strong>ιι</strong></span> <span class='ocrx_word' id='word_1_249' title='bbox 1549 4133 1592 4168; x_wconf 87' lang='lat'><strong>1.</strong></span> <span class='ocrx_word' id='word_1_250' title='bbox 1628 4114 1886 4170; x_wconf 77' lang='lat' dir='ltr'><strong>standum</strong></span> <span class='ocrx_word' id='word_1_251' title='bbox 1918 4114 1996 4167; x_wconf 76' lang='lat' dir='ltr'><strong>sit.</strong></span> <span class='ocrx_word' id='word_1_252' title='bbox 2031 4110 2225 4164; x_wconf 83' lang='lat' dir='ltr'><strong>Fabius</strong></span> <span class='ocrx_word' id='word_1_253' title='bbox 2257 4112 2382 4174; x_wconf 85' lang='lat' dir='ltr'><strong>vu,</strong></span> <span class='ocrx_word' id='word_1_254' title='bbox 2421 4125 2438 4158; x_wconf 76' lang='grc' dir='ltr'>ι</span> <span class='ocrx_word' id='word_1_255' title='bbox 2465 4129 2475 4157; x_wconf 90' lang='lat'>:</span> 
     </span>
     <span class='ocr_line' id='line_1_32' title="bbox 380 4192 2478 4270; baseline -0.005 -20"><span class='ocrx_word' id='word_1_256' title='bbox 380 4197 488 4250; x_wconf 87' lang='lat' dir='ltr'><strong>Cic.</strong></span> <span class='ocrx_word' id='word_1_257' title='bbox 508 4203 630 4252; x_wconf 85' lang='lat' dir='ltr'><strong>Nat.</strong></span> <span class='ocrx_word' id='word_1_258' title='bbox 650 4202 810 4251; x_wconf 89' lang='lat' dir='ltr'><strong>Deor.</strong></span> <span class='ocrx_word' id='word_1_259' title='bbox 834 4201 885 4251; x_wconf 83' lang='lat'><strong>1:</strong></span> <span class='ocrx_word' id='word_1_260' title='bbox 913 4222 934 4245; x_wconf 80' lang='grc' dir='ltr'><strong>ιι</strong></span> <span class='ocrx_word' id='word_1_261' title='bbox 949 4200 1042 4251; x_wconf 75' lang='lat' dir='ltr'><strong>Est</strong></span> <span class='ocrx_word' id='word_1_262' title='bbox 1061 4199 1201 4249; x_wconf 88' lang='lat' dir='ltr'><strong>enim</strong></span> <span class='ocrx_word' id='word_1_263' title='bbox 1219 4200 1390 4270; x_wconf 76' lang='lat' dir='ltr'><strong>pietas</strong></span> <span class='ocrx_word' id='word_1_264' title='bbox 1475 4220 1497 4244; x_wconf 72' lang='lat' dir='ltr'><strong>a</strong></span> <span class='ocrx_word' id='word_1_265' title='bbox 1516 4198 1750 4266; x_wconf 87' lang='lat' dir='ltr'><strong>Quaestio</strong></span> <span class='ocrx_word' id='word_1_266' title='bbox 1765 4234 1781 4262; x_wconf 92' lang='lat'>‚</span> <span class='ocrx_word' id='word_1_267' title='bbox 1806 4195 1978 4248; x_wconf 76' lang='lat' dir='ltr'><strong>verbis</strong></span> <span class='ocrx_word' id='word_1_268' title='bbox 2012 4213 2078 4246; x_wconf 87' lang='lat' dir='ltr'><strong>an</strong></span> <span class='ocrx_word' id='word_1_269' title='bbox 2108 4193 2379 4245; x_wconf 80' lang='lat' dir='ltr'><strong>voluntate</strong></span> <span class='ocrx_word' id='word_1_270' title='bbox 2416 4192 2478 4240; x_wconf 83' lang='lat' dir='ltr'><strong>sit</strong></span> 
     </span>
     <span class='ocr_line' id='line_1_33' title="bbox 385 4279 2029 4351; baseline -0.002 -18"><span class='ocrx_word' id='word_1_271' title='bbox 385 4284 624 4351; x_wconf 71' lang='lat' dir='ltr'><strong>-jnztitia</strong></span> <span class='ocrx_word' id='word_1_272' title='bbox 652 4280 903 4338; x_wconf 77' lang='lat' dir='ltr'><strong>adversus</strong></span> <span class='ocrx_word' id='word_1_273' title='bbox 928 4280 1071 4332; x_wconf 83' lang='lat' dir='ltr'><strong>deos.</strong></span> <span class='ocrx_word' id='word_1_274' title='bbox 1099 4304 1120 4324; x_wconf 72' lang='lat' dir='ltr'>n</span> <span class='ocrx_word' id='word_1_275' title='bbox 1151 4280 1243 4330; x_wconf 73' lang='lat' dir='ltr'><strong>En.</strong></span> <span class='ocrx_word' id='word_1_276' title='bbox 1478 4293 1504 4327; x_wconf 82' lang='grc' dir='ltr'><strong>ιι·</strong></span> <span class='ocrx_word' id='word_1_277' title='bbox 1522 4279 1786 4335; x_wconf 81' lang='lat' dir='ltr'><strong>standum.</strong></span> <span class='ocrx_word' id='word_1_278' title='bbox 1810 4303 1831 4329; x_wconf 74' lang='grc' dir='ltr'><strong><em>ι</em></strong></span> <span class='ocrx_word' id='word_1_279' title='bbox 1862 4279 2029 4336; x_wconf 69' lang='lat' dir='ltr'><strong>Burm-</strong></span> 
     </span>
    </p>
   </div>
  </div>
 </body>
</html>
