3200 5117
769 516 855 594 40
1270 513 1361 577 Μ.
1410 511 1659 576 FABII
1707 509 2345 594 QUINTILIANI

770 636 941 734 quid
989 636 1313 726 occurrit,
1364 662 1811 734 nequaquam
1854 655 2071 733 potest
2108 635 2359 705 evitare
2399 621 2672 706 caecitas
2713 633 2842 704 nisi

771 754 1068 824 offensa:
1104 775 1183 826 ut
1213 751 1602 840 ambulare,
1642 773 1716 823 ut
1753 751 2019 850 ingredi
2051 771 2250 822 nocte
2288 751 2657 849 possimus,
2702 748 2844 820 dies

767 867 953 938 facit.

865 982 1087 1052 XVII.
1124 981 1361 1069 Quam
1395 980 1616 1052 multa
1639 980 1892 1052 deinde
1921 1002 2326 1078 supersunt,
2365 1002 2726 1078 postquam
2756 979 2843 1048 ad

770 1116 1035 1194 patrem
1058 1117 1461 1193 perventum
1490 1097 1625 1167 est?
1653 1095 2042 1194 exploretur
2063 1123 2334 1167 neeesse
2356 1117 2453 1166 est
2481 1095 2729 1194 pariter
2743 1093 2845 1194 ja-

772 1210 1076 1282 centium
1104 1211 1330 1308 prima
1360 1211 1710 1281 diversitas
1738 1238 1751 1280 :
1787 1210 2039 1296 vultuS,
2062 1238 2179 1283 ora
2204 1232 2605 1299 tractentur,
2632 1210 2844 1279 detra·

772 1326 1029 1396 hamur
1064 1325 1450 1397 velamenta
1490 1326 1921 1424 corporibus,
1962 1348 2306 1424 quaeratur
2333 1325 2598 1395 vulneri
2634 1323 2842 1394 locus,

771 1444 870 1512 lta
895 1469 973 1512 ex
997 1441 1272 1513 duobus
1298 1463 1623 1513 neutrum
1656 1443 1936 1513 excitat?
1970 1446 2233 1539 gravior
2258 1469 2530 1540 semper
2562 1442 2847 1512 dexterae

772 1579 1091 1630 tractatus
1111 1557 1415 1629 errantis.
1437 1557 1776 1629 Paulatim
1803 1558 2055 1628 deinde
2075 1558 2550 1629 admovendus
2570 1578 2665 1628 est
2684 1581 2850 1655 pec-

771 1673 895 1743 tori
929 1699 1200 1761 mucr0,
1228 1694 1294 1743 et
1322 1699 1409 1744 ne
1437 1699 1573 1769 qua
1596 1673 2063 1743 confundatur
2084 1688 2099 1716 ¹
2136 1672 2523 1768 ignorantia
2549 1671 2849 1742 nimium

771 1787 946 1859 liber
998 1788 1200 1877 ictus,
1250 1788 1589 1886 praecedat
1643 1808 1908 1886 oportet
1957 1789 2268 1884 gladium
2320 1814 2590 1858 manus.
2644 1786 2848 1857 Unde

770 1925 1044 1976 tantum
1088 1904 1343 1975 virium
1383 1931 1588 1990 caeco,
1637 1925 1716 1974 ut
1754 1905 1825 1976 in
1866 1931 2007 1975 uno
2051 1904 2280 1975 statim
2321 1903 2456 1975 ictu
2495 1930 2678 1974 mors
2716 1922 2852 1974 tota

772 2017 1175 2118 peragatur?
1205 2020 1540 2089 incertum
1568 2019 1820 2088 vulnus
1844 2020 1927 2089 sit
1955 2046 2220 2089 necesse
2251 2040 2379 2104 est,
2411 2018 2605 2118 cujus
2632 2017 2853 2115 impe-

772 2158 924 2208 tum
950 2161 1092 2204 non
1129 2134 1389 2230 regitis,
1428 2133 1608 2204 oculi
1637 2160 1651 2203 :
1687 2161 1815 2205 nec
1841 2134 2053 2231 possis
2074 2135 2412 2204 custodire
2434 2133 2849 2204 destinatum

771 2251 948 2319 ferro
968 2248 1234 2334 locum,
1257 2246 1427 2317 dum
1451 2247 1534 2317 ad
1558 2248 2030 2346 colligendum
2052 2247 2351 2318 vulneris
2371 2247 2674 2346 ponduS,
2698 2246 2854 2317 dex·

772 2383 875 2433 tra
895 2361 1114 2432 redire
1139 2361 1577 2459 permittitur.
1600 2366 1852 2434 Utrum
1875 2362 2125 2432 deinde
2137 2361 2407 2460 juvenis
2430 2383 2578 2459 post
2601 2360 2855 2432 vulnus

776 2503 1003 2546 unum
1025 2475 1356 2546 continuo
1377 2475 1590 2572 fugit?
1610 2477 2290 2573 etquemadmodum
2309 2477 2456 2565 scit,
2475 2504 2560 2547 an
2581 2477 2856 2548 facinus

777 2587 1171 2687 expleverit!
1197 2616 1283 2659 an
1313 2589 1537 2685 potius
1559 2611 1925 2687 exspectat,
1945 2611 2020 2661 ut
2040 2589 2124 2660 de
2147 2590 2516 2687 parricidio
2540 2589 2852 2660 cadaveri

777 2701 1040 2774 credat?
1073 2728 1227 2773 ecce
1263 2702 1506 2773 iterum
1540 2729 1661 2800 per
1699 2706 1943 2774 eadem
1973 2704 2222 2774 incerta
2259 2704 2693 2777 redeundum
2720 2725 2855 2794 est,

776 2817 1016 2889 omnia
1041 2843 1269 2889 rursus
1296 2818 1672 2915 periculose
1693 2833 1716 2862 ²
1744 2819 2066 2889 tentanda
2093 2819 2416 2890 venienti.
2445 2819 2690 2890 Fidem
2716 2845 2853 2890 ves-

777 2955 986 3021 tram,
1024 2932 1330 3032 judices,
1379 2953 1458 3004 ut
1503 2932 1708 3003 nobis
1753 2933 1968 3030 prosit
2004 2953 2497 3029 argumentum
2540 2932 2857 3004 criminis

780 3050 1021 3136 nostri,
1041 3075 1258 3120 caecus
1288 3049 1340 3119 si
1369 3074 1495 3120 nec
1524 3049 1781 3137 venire,
1814 3076 1938 3119 nec
1970 3049 2209 3119 reverti
2241 3048 2389 3120 sine
2421 3049 2708 3146 strepitu
2737 3074 2857 3146 po-

779 3184 939 3234 test:
974 3191 1202 3259 neque
1231 3164 1325 3234 sic
1354 3163 1664 3234 occidere
1701 3165 1957 3263 potuit,
1989 3186 2067 3236 ut
2092 3166 2432 3263 deciperet
2465 3191 2851 3239 novercam.

873 3279 1127 3347 leu.
1159 3279 1294 3366 Te,
1328 3298 1391 3348 te
1426 3278 1554 3348 hoc
1585 3278 1763 3367 loco,
1797 3279 2073 3364 mulier,
2110 3279 2490 3376 interrogo,
2531 3305 2683 3377 quae
2711 3301 2855 3351 tam

781 3392 996 3489 gravis
1024 3391 1252 3488 quies,
1284 3412 1361 3461 ut
1392 3413 1455 3462 te
1487 3418 1669 3463 mors
1703 3414 1846 3463 tam
1877 3393 2105 3463 vicina
2129 3420 2268 3463 non
2297 3393 2574 3464 excitet?
2610 3420 2862 3491 parvu-

784 3506 878 3577 {is'
895 3506 1208 3578 noctium
1244 3508 1612 3579 turbamur
1636 3509 1954 3579 offensis:
1986 3509 2289 3580 excitant
2314 3535 2438 3579 nos
2470 3508 2696 3605 exigui
2722 3507 2863 3606 ple·

781 3648 1082 3719 rumque
1117 3643 1378 3712 motuS,
1424 3651 1550 3694 vox
1591 3625 1881 3713 incerta,
1923 3625 2336 3722 longinqua,
2380 3644 2446 3694 et
2478 3623 2862 3719 aliquando

781 3737 1007 3834 ipsum
1043 3736 1416 3809 silentium.
1464 3739 1752 3812 Illorum
1787 3738 1997 3812 sane³
2024 3739 2221 3839 juxta
2252 3759 2315 3811 te
2353 3763 2676 3837 suprema
2714 3763 2861 3810 non

857 3980 876 4015 ι
889 4003 900 4015 .
921 3966 1305 4036 confundatur.
1321 3968 1573 4034 oberret,
1588 3983 1639 4022 et
1657 3989 1781 4040 prae-
1931 3987 1979 4019 a.
2003 3969 2309 4020 Periculose.
2335 3970 2449 4019 Hoc
2468 3979 2544 4019 est
2563 3964 2862 4039 perieulum

782 4056 862 4095 ter
893 4051 1088 4114 coi-pus
1120 4045 1302 4108 fer-iau
1332 4061 1423 4099 aut
1455 4048 1642 4101 saltem
1666 4047 1780 4099 vul·
1857 4066 1926 4098 ne
1952 4065 2060 4119 quo
2093 4050 2317 4119 strepitu
2349 4050 2553 4099 facinus
2584 4044 2863 4117 prodatur.

782 4140 910 4174 nere
954 4139 1065 4173 non
1098 4121 1303 4177 letifero
1348 4128 1609 4195 jacentem
1655 4145 1779 4198 per-
1927 4128 1976 4180 3.
1998 4128 2149 4180 Sane.
2169 4134 2280 4181 Vox
2305 4142 2383 4181 est
2407 4127 2778 4189 concedentis,
2799 4141 2860 4178 ut

785 4205 1017 4271 stringat.
1043 4206 1134 4257 En.
1858 4226 1992 4281 ηερε
2025 4208 2166 4281 apud
2194 4211 2359 4263 Tacit.
2397 4210 2474 4261 lta
2507 4225 2658 4268 mox,
2687 4229 2709 4253 ιι
2730 4224 2864 4260 sau·
