3200 5117
641 553 914 619 DEGL.
962 554 1127 631 vu.
1174 552 1712 627 TORMENTA
1758 550 2228 619 PAUPERIS.
2358 553 2488 640 169

396 679 449 751 si
476 678 647 751 mihi
667 705 886 752 causae
905 677 1177 751 sceleris
1190 677 1574 750 simultates
1592 697 1840 749 nostrae
1860 697 2054 749 erant
2068 704 2247 767 ,non
2269 698 2338 749 te
2361 705 2481 778 po-

396 793 527 877 tius
561 791 1000 866 occidissem?
1032 819 1182 865 vere
1217 791 1549 880 crudelis,
1584 818 1714 890 ego
1752 812 1820 864 te
1861 792 1992 864 hoc
2028 793 2328 864 maxime
2369 819 2481 864 ar-

396 929 729 1004 gumento
777 934 1245 1008 percussorem
1302 906 1553 1006 probo,
1606 905 1793 1004 quod
1846 906 2019 977 mihi
2068 905 2435 1006 pepercisti
2463 932 2477 974 :

396 1042 595 1123 tuum
624 1023 754 1095 fuit
770 1022 935 1112 hoc,
962 1023 1279 1112 inimice,
1305 1041 1785 1092 commentum
1808 1021 2031 1093 occiso
2051 1019 2193 1091 filio
2218 1046 2479 1093 servare

395 1158 698 1236 patrem:
732 1137 1059 1238 parcendi
1092 1159 1325 1208 tamen
1360 1134 1536 1207 mihi
1565 1136 1671 1208 vel
1707 1136 1850 1207 haec
1882 1136 2016 1208 fuit
2049 1136 2256 1224 ratio,
2291 1134 2481 1232 quod

396 1254 675 1325 defendi
706 1280 847 1325 non
876 1274 1175 1353 poteras,
1204 1253 1259 1323 si
1290 1253 1430 1324 duo
1459 1253 1895 1351 perissemus.

492 1372 580 1440 X.
623 1367 884 1441 Audire
932 1367 1275 1440 mehercle
1322 1368 1499 1449 mihi
1540 1368 1773 1441 videor
1817 1369 1966 1441 illas
2009 1366 2480 1465 cogitationes»,

395 1483 517 1555 illa
537 1484 881 1581 'scelerum
914 1505 1171 1556 secreta
1203 1484 1522 1556 consilia:
1559 1484 1731 1581 quid
1768 1486 1946 1557 mihi
1979 1482 2484 1559 cumvulneri-

395 1599 563 1689 buS,
590 1600 758 1698 quid
785 1626 947 1672 cum
972 1626 1211 1672 cruore
1242 1621 1671 1699 consumptae
1696 1658 1715 1690 ‚
1747 1622 1812 1672 et
1828 1599 1977 1700 jam
2004 1626 2199 1699 paene
2227 1598 2485 1670 abeun-

340 1700 348 1715 ’
396 1713 477 1786 tis
509 1714 798 1785 animae?
835 1715 1183 1788 occidatur
1230 1714 1457 1814 potius
1492 1715 1610 1787 ille
1636 1715 1789 1814 jam
1826 1714 2135 1815 juvenis,
2161 1715 2312 1814 jam
2356 1712 2488 1784 ini-

397 1827 649 1917 micus;
680 1827 768 1900 de
790 1855 953 1900 sene
977 1829 1415 1938 vindicabitis
1444 1857 1558 1901 me
1577 1887 1594 1918 ,
1628 1831 1835 1930 patris
1864 1830 2070 1902 oculi.
2094 1829 2222 1900 Vis
2249 1828 2488 1916 mirer,

396 1943 583 2039 quod
624 1970 738 2015 me
785 1944 1089 2017 nolueris
1136 1945 1492 2018 occidere?
1535 1947 1735 2045 queri
1783 1946 2129 2019 mehercle
2177 1966 2243 2016 te
2285 1948 2492 2042 puto,

396 2057 585 2153 quod
618 2058 689 2128 in
720 2079 1066 2147 senectute
1098 2059 1339 2158 magni
1376 2059 1635 2131 doloris
1669 2061 1802 2133 vita
1833 2060 2053 2131 brevis
2084 2079 2219 2130 est:
2254 2084 2488 2156 peper-

397 2170 539 2242 cisti
555 2172 738 2242 >mihi
760 2229 779 2261 ,
802 2172 1158 2269 quomodo
1179 2174 1567 2272 excogitant
1585 2195 1760 2247 artes
1786 2174 2089 2246 detinere
2112 2171 2486 2271 supplicia,

399 2305 463 2355 et
510 2284 597 2357 de
636 2287 1094 2383 ‘pereuntibus
1139 2288 1361 2386 magis
1405 2288 1654 2360 saevitia
1696 2288 1949 2367 fruitur
1994 2287 2230 2361 dolore
2257 2300 2273 2330 ¹
2327 2312 2486 2356 sus-

397 2427 634 2497 penso.
657 2402 970 2501 Agnosco
993 2403 1213 2473 noctis
1233 2403 1419 2474 illius
1441 2403 1890 2475 clementiam
1905 2459 1924 2491 ‚
1954 2402 2238 2474 inimice
2252 2431 2270 2488 ;
2295 2401 2486 2497 quod

398 2542 510 2587 me
544 2520 841 2614 torqueri
879 2546 1020 2590 non
1060 2519 1193 2609 vis,
1235 2546 1315 2590 ex
1349 2520 1478 2591 hoc
1505 2521 1771 2610 evenit,
1813 2519 2001 2617 quod
2036 2545 2266 2614 neque
2308 2516 2487 2588 occi-

398 2630 585 2702 disti:
611 2652 857 2723 tentat,
875 2633 1148 2732 judices
1165 2689 1182 2722 ‚
1206 2635 1477 2707 efficere
1500 2635 1720 2725 diveS,
1747 2626 1824 2708 ut
1843 2622 2245 2707 incredibile
2267 2632 2488 2704 videa-

396 2764 541 2831 tur,
587 2745 776 2842 quod
818 2747 1122 2819 occisum
1171 2747 1260 2820 ab
1308 2775 1389 2820 eo
1433 2750 1780 2820 contendo
1824 2749 2076 2820 filium.
2116 2748 2487 2818 Dicturum

292 2921 296 2924 .
395 2885 588 2931 nunc
613 2862 861 2958 putatis
884 2864 1104 2961 magis
1135 2865 1456 2937 interesse
1479 2864 1889 2955 securitatis,
1920 2886 1999 2936 ut
2026 2864 2183 2960 quis
2210 2863 2485 2935 facinus

396 2974 523 3047 sibi
546 2978 1033 3050 tantummodo
1052 2981 1324 3071 credat;
1358 3003 1427 3054 et
1453 2981 1520 3052 id
1545 2981 1762 3077 tutius
1782 3007 1926 3053 esse
1946 2979 2228 3051 inimico
2253 2999 2442 3077 patre
2463 3034 2484 3066 ,

396 3117 608 3187 quam
632 3093 923 3164 conscio.
940 3094 1106 3166 Plus
1127 3116 1229 3168 est
1248 3096 1436 3192 quod
1453 3097 1732 3168 affirmo
1747 3153 1765 3186 ,
1785 3096 2009 3167 filium
2028 3095 2099 3165 in
2116 3113 2483 3191 conspectu

397 3206 608 3302 patris
623 3208 963 3297 occidere3
980 3210 1073 3281 sic
1087 3237 1311 3309 operae
1332 3213 1634 3311 pretium
1652 3233 1783 3301 est,
1800 3212 1854 3284 si
1878 3210 2054 3283 illud
2074 3210 2216 3308 ipse
2235 3208 2440 3281 facias
2465 3236 2482 3280 t

398 3323 622 3420 perdit
646 3325 1019 3423 plurimam
1047 3327 1131 3398 de
1156 3328 1521 3402 sceleribus
1534 3330 1960 3428 voluptatem
1978 3384 1999 3419 ,
2020 3326 2141 3426 qui
2164 3323 2484 3413 mandat;

398 3459 462 3509 et
505 3439 740 3513 minus
768 3442 993 3540 gratiae
1035 3445 1235 3516 rebus
1265 3472 1344 3516 ex
1374 3447 1620 3518 nuntio
1650 3446 1855 3518 venit.
1891 3443 2185 3517 Occidet
2209 3441 2383 3513 alius
2417 3460 2484 3512 te

390 3552 703 3652 jubente,
723 3556 842 3627 sed
858 3558 1262 3630 vulneribus
1288 3559 1421 3631 illis
1446 3587 1591 3633 non
1614 3561 1932 3631 fruentur
1957 3557 2162 3645 oculi3
2186 3556 2305 3629 sed
2326 3555 2484 3654 plus

399 3686 525 3756 est,
552 3689 628 3739 ut
644 3670 1061 3767 singultibus
1083 3673 1398 3744 abeuntis
1418 3674 1668 3746 animae
1687 3731 1706 3763 ,
1730 3697 1805 3745 ut
1826 3700 2065 3747 cruore
2091 3671 2381 3758 satieris,
2410 3691 2486 3741 ut

400 3783 789 3881 collapsum
813 3785 1400 3885 palpitantemque
1424 3788 1688 3879 videas,
1711 3811 1790 3861 ut
1809 3815 1923 3861 me
1946 3788 2219 3859 vidente
2238 3800 2288 3856 ².
2312 3786 2487 3857 Con-

476 3982 519 4017 r.
545 3968 755 4020 Soevitia
778 3973 979 4022 eruitur
996 3971 1189 4024 dolore.
1216 3974 1402 4025 Emen·
1480 3973 1698 4027 dianus:
1733 3974 1881 4041 ‘Qui
1909 3975 2101 4024 fruitur
2122 3990 2312 4043 poena,
2340 3972 2484 4021 fefuss

398 4044 500 4100 do:
531 4070 553 4093 α
573 4050 637 4100 Et
663 4049 730 4102 de
752 4051 1098 4121 pereuntibus
1120 4056 1285 4123 magis
1310 4074 1403 4106 sae-
1488 4079 1509 4101 c·
1531 4069 1626 4107 est.
1648 4079 1670 4103 ιο
1707 4056 1873 4107 Gnou.
1903 4055 2113 4106 Fruitur
2141 4053 2338 4121 recepit
2371 4049 2484 4102 Ob-

402 4148 427 4172 ·
446 4128 570 4178 vitia
608 4128 802 4180 fruitur
843 4128 1025 4182 dolore
1068 4149 1345 4202 suspenso.
1374 4157 1397 4179 n
1484 4136 1699 4189 rechtus
1717 4173 1734 4201 ,
1774 4154 1927 4205 quem
1972 4148 2024 4187 et
2066 4136 2232 4185 seculi
2267 4150 2447 4184 Sumus
2470 4155 2483 4185 ³

394 4209 567 4277 Magis
590 4208 898 4275 delectatur,
923 4212 968 4263 si
991 4210 1083 4264 diu
1109 4215 1335 4279 cruciet,
1357 4215 1402 4265 si
1481 4214 1586 4267 vid,
1615 4213 1683 4266 ad
1716 4214 2039 4284 principium
2067 4212 2224 4280 hujus
2249 4208 2484 4261 Declam.

400 4290 471 4340 ita
500 4290 651 4342 feriat
665 4328 681 4356 ,
700 4302 760 4342 ut
780 4293 919 4349 mori
941 4309 1001 4345 se
1022 4295 1231 4346 sentiat.
1252 4294 1403 4348 Clau·
1556 4313 1602 4347 2.
1634 4295 1703 4348 ῑΙὶ
1724 4312 1808 4346 me
1831 4293 2047 4346 vidente.
2076 4293 2144 4345 Ut
2165 4290 2313 4343 deest
2336 4288 2490 4341 Leid.
