3200 5117
870 536 995 612 438
1499 537 1618 599 Ex
1665 537 2327 618 QUINTILIANO

866 658 951 728 D.
989 657 1218 729 Multo
1268 657 1505 727 minus
1551 658 1783 745 video,
1828 659 1999 755 quid
2044 658 2218 729 obsit
2258 656 2435 728 meis
2481 682 2690 728 amor
2733 655 2940 753 patris.

865 774 1112 844 Adeste
1132 831 1149 861 ,
1172 772 1471 872 judices;
1498 774 1735 845 audita
1759 800 1929 844 nece
1964 773 2378 862 liberorum,
2407 773 2595 871 quid
2629 770 2797 842 feci?
2820 798 2942 842 me-

867 889 995 960 rito
1032 889 1533 987 rempublicam
1561 889 1868 989 prodidi:
1900 891 2161 961 factum
2200 913 2375 961 esto:
2398 889 2560 990 jam
2587 887 2711 960 diu
2741 887 2941 959 civitas

869 1004 1189 1075 defuncta
1213 1027 1330 1077 est.
1350 1006 1600 1077 Adhuc
1636 1007 1937 1079 auctoris
1971 1007 2225 1078 domus
2253 1006 2463 1105 plena
2491 1006 2801 1079 est.-—-P.
2837 1006 2939 1074 Re·

865 1119 1038 1217 sipio
1082 1148 1095 1189 ε
1155 1121 1523 1193 inimicum
1574 1122 2007 1193 obtuleram:
2052 1124 2218 1194 mali
2266 1144 2479 1221 caput
2528 1122 2830 1192 dabam:
2882 1140 2940 1188 tu

870 1234 1119 1306 rectius
1167 1258 1397 1307 tenes:
1460 1237 1614 1309 illos
1665 1237 1866 1309 habe.
1902 1282 1997 1292 --
2036 1241 2121 1309 D.
2174 1237 2471 1326 Fateor,
2539 1240 2621 1306 P.
2675 1238 2743 1308 S.
2799 1233 2941 1331 quid

869 1353 1118 1448 agam?
1164 1354 1215 1423 si
1267 1353 1419 1426 illos
1464 1354 1799 1444 hausero,
1853 1355 1966 1426 hic
2010 1355 2097 1427 de
2145 1356 2433 1454 paritate
2480 1351 2858 1452 gaudebit:
2899 1350 2941 1420 si

872 1466 1076 1536 istum
1098 1524 1117 1554 ,
1162 1466 1263 1537 illi
1295 1469 1380 1538 de
1416 1470 1706 1540 orbitate
1736 1497 1894 1541 mea
1928 1490 2351 1542 tumescunt.
2378 1513 2481 1523 -—
2512 1470 2597 1539 P.
2639 1464 2943 1560 Intelligi-

869 1582 987 1668 tis,
1008 1612 1035 1683 J
1049 1583 1282 1654 udices
1301 1641 1320 1672 ,
1355 1585 1576 1657 divitis
1611 1585 2091 1656 insolentiam:
2121 1613 2247 1656 nec
2275 1585 2556 1672 rationi,
2584 1610 2714 1655 nec
2737 1581 2939 1653 volun

869 1698 994 1768 tati
1032 1699 1248 1770 cedit:
1282 1700 1369 1769 ab
1401 1721 1695 1798 utroque
1721 1701 1904 1799 juste
1936 1699 2224 1788 decidit,
2261 1700 2381 1796 qui
2414 1720 2757 1770 neutrum
2784 1693 2942 1766 colli-

872 1812 1195 1909 git—D.
1222 1817 1476 1904 Immo,
1501 1816 1956 1913 nequissime,
1977 1835 2355 1911 utrumque
2377 1815 2654 1886 ratione
2673 1810 2937 1882 obtineo.

874 1929 1161 1999 Constet
1201 1928 1358 1999 licet
1408 1931 1738 2027 utrinque
1783 1957 2150 2017 numerus;
2186 1930 2355 2026 quid
2401 1931 2671 2018 forma,
2719 1949 2935 2024 genus,

872 2042 1211 2141 probitas,
1255 2071 1463 2142 super
1505 2045 1743 2116 omnia
1775 2045 2001 2116 bonus
2045 2044 2279 2143 pater?
2322 2072 2446 2142 pro
2484 2043 2601 2115 his
2646 2038 2938 2113 omnibus

874 2157 1109 2246 cadet,
1149 2179 1215 2229 et
1267 2179 1457 2256 pater
1507 2187 1654 2232 non
1685 2180 1903 2258 potest
1947 2159 2114 2247 illis,
2154 2181 2220 2230 et
2262 2158 2504 2251 liberi,
2547 2181 2621 2229 et
2651 2176 2856 2256 pater,
2887 2170 2936 2221 et

875 2271 1109 2342 civitas
1135 2273 1385 2343 satiari.
1412 2317 1507 2325 —
1530 2276 1611 2345 P.
1639 2276 1719 2343 In
1749 2300 1968 2344 unam
2002 2299 2251 2343 noxam
2287 2273 2441 2345 duae
2473 2272 2795 2354 vindicta:
2824 2289 2933 2337 non

877 2385 1326 2455 conveniunt.
1347 2428 1442 2438 —-
1463 2388 1549 2456 D.
1585 2390 1713 2456 Pro
1745 2385 1984 2457 liberis
2012 2386 2208 2458 liberi
2226 2414 2402 2485 ,pro
2437 2408 2635 2484 patre
2663 2400 2936 2483 pateria-

877 2499 1140 2570 lionem
1186 2498 1448 2570 subeat.
1469 2503 1669 2573 -Ρ.
1717 2502 1817 2575 Sit
1861 2529 2076 2574 sane.
2132 2530 2293 2601 ergo
2339 2502 2499 2574 illos
2546 2502 2637 2574 ad
2680 2517 2929 2574 mortem

877 2642 1065 2713 paro.
1084 2617 1287 2687 -D.
1315 2616 1553 2687 Absit:
1602 2644 1728 2688 nec
1758 2618 2205 2708 osculaberis,
2234 2646 2361 2689 nec
2389 2601 2757 2704 sa'lutabiS,
2782 2607 2933 2712 quod

880 2758 1008 2801 nec
1044 2730 1214 2801 mihi
1242 2730 1310 2801 id
1339 2731 1554 2804 licuit.
1575 2723 1785 2803 -Ρ.
1810 2735 1969 2804 Non
1998 2761 2277 2832 pugno:
2313 2735 2641 2822 veniant,
2673 2752 2738 2804 et
2761 2722 2930 2802 simul

881 2845 1289 2917 moriemur.
1294 2849 1479 2917 --D.
1506 2847 1851 2918 Minime.
1889 2848 2241 2945 numquid
2275 2848 2413 2919 mei
2445 2875 2619 2944 uno-
2628 2843 2933 2946 perierunt

884 2961 1070 3032 ictu?
1117 2959 1297 3031 nihil
1329 2982 1425 3031 est
1452 2960 1806 3054 crudelius
1838 2982 2055 3033 morte
2086 2962 2429 3061 populari.
2473 2939 2649 3032 -Ρ.
2682 2961 2827 3036 Non
2844 2952 2931 3022 fu·

879 3077 1037 3174 gio,
1083 3097 1148 3146 et
1193 3103 1353 3172 ego,
1396 3099 1460 3147 et
1493 3076 1593 3146 illi
1629 3075 1974 3174 populum
2008 3077 2357 3150 feramus:
2402 3099 2613 3175 potes
2632 3060 2933 3170 amplius?

884 3236 980 3247 --
1003 3195 1090 3263 D.
1123 3193 1255 3263 Sed
1289 3218 1416 3263 nec
1449 3193 1578 3279 sic,
1626 3220 1855 3289 quum
1884 3192 2173 3264 miseriae
2208 3221 2394 3266 mors
2425 3194 2594 3268 finis
2623 3210 2771 3264 est:
2807 3185 2924 3284 jam

885 3309 1172 3399 deficio,
1208 3312 1281 3379 P.
1314 3309 1422 3396 S.,
1468 3335 1596 3380 nec
1631 3332 1819 3398 utro,
1854 3335 1983 3380 nec
2018 3330 2311 3407 utroque
2342 3310 2585 3382 satior.
2631 3293 2930 3382 decisisli-

883 3425 1063 3496 beris
1092 3367 1193 3495 nil
1228 3423 1522 3513 dolebit,
1558 3423 1694 3494 nisi
1722 3423 1992 3513 vixerit3
2030 3425 2265 3498 minus
2295 3426 2503 3500 etiam
2532 3451 2677 3514 me,
2705 3419 2757 3494 si
2784 3415 2927 3490 vil&

885 3540 990 3610 rit.
1040 3539 1386 3639 Relinquo
1422 3539 1617 3610 vobis
1663 3538 2036 3637 injuriam,
2076 3540 2272 3639 cujus
2298 3540 2602 3642 vindicta
2634 3560 2757 3610 nec
2779 3549 2926 3629 ΡΜ·

889 3654 1073 3727 teriri
1103 3655 1336 3746 debet,
1369 3683 1497 3727 nec
1532 3655 1823 3728 inveniri
1848 3678 2093 3755 potest.
