3200 5117
1193 528 1282 591 M.
1332 529 1575 590 FAssu
1625 526 2250 609 Qum'rlmAM

688 652 842 723 etin
865 649 974 721 his
992 648 1298 721 vultibus
1317 648 1520 718 illurn
1538 647 1853 745 quotidie
1870 669 2067 745 putat
2079 650 2306 720 videre
2332 648 2762 746 pereuntem!

688 767 804 836 sed
838 787 902 837 et
936 766 1075 863 ipse
1111 765 1365 861 gaudio
1406 763 1689 834 redditae
1718 763 1870 833 vitae
1905 764 2272 861 laetitiaque
2303 791 2445 835 non
2476 765 2768 849 fruitur3

688 908 817 951 nec
840 908 909 952 se
940 881 1215 951 credere
1242 900 1460 977 potest
1488 879 1765 948 caritate
1795 874 2188 975 praelatum,
2215 906 2428 977 quem
2459 879 2769 950 medicus

690 997 933 1094 elegit:
972 995 1176 1066 sentit
1214 995 1490 1081 infelix,
1522 993 1720 1091 cujus
1739 993 2056 1065 orbitatis
2087 995 2335 1065 unicus
2360 995 2479 1085 sit,
2517 995 2770 1091 quibus

688 1113 992 1183 lacrimis
1040 1112 1545 1210 perfundantur
1592 1110 1862 1196 oscula,
1908 1138 2125 1207 quam
2170 1111 2439 1209 magnis
2482 1111 2774 1209 profun-

693 1229 935 1325 disque
977 1226 1286 1324 suspiriis
1329 1230 1815 1296 concutiantur
1850 1225 2245 1322 amplexus:
2285 1226 2530 1295 misera
2574 1249 2771 1293 vere-

695 1343 953 1414 cundia
997 1342 1300 1413 sanitatis
1351 1341 1664 1438 ingratae,
1714 1340 2012 1438 pretium
2062 1341 2187 1411 sibi
2238 1341 2506 1412 videtur
2549 1338 2772 1409 fratris

695 1457 919 1528 occisi.
955 1456 1390 1536 Convertitur
1419 1454 1548 1525 hoc
1580 1455 1763 1542 loco,
1785 1454 2085 1554 judices,
2125 1455 2373 1526 mulier
2405 1456 2676 1545 infelix,
2712 1478 2775 1527 et

696 1573 880 1644 velut
919 1573 1005 1643 ad
1048 1572 1428 1670 quamdam
1473 1571 1906 1668 praesentiam
1956 1572 2186 1642 amissi
2223 1572 2539 1672 juvenis;
2584 1573 2771 1660 Sive,

699 1687 957 1784 inquit,
1004 1686 1285 1757 tandem
1319 1685 1678 1756 securitate
1717 1686 1954 1756 mortis
1994 1685 2348 1782 explicitus
2375 1743 2393 1775 ,
2427 1685 2500 1756 in
2539 1686 2775 1784 aliquo

699 1801 878 1872 sedis
899 1821 1164 1872 aeternae
1186 1800 1450 1899 pudore
1476 1815 1493 1843 ¹
1523 1801 1922 1898 requiescis3
1940 1802 2077 1871 sive
2095 1800 2405 1873 exclusus
2420 1828 2501 1872 ac
2516 1827 2726 1898 vagus
2746 1855 2764 1887 ,

698 1938 763 1987 et
780 1917 952 1988 inter
966 1917 1280 1987 fabulosa
1299 1916 1638 2014 supplicia
1655 1915 2072 1987 metuendus
2093 1917 2229 1987 adh
2239 1944 2322 1987 uc
2339 1917 2775 2005 laceratione,

702 2058 823 2129 per
870 2054 1222 2130 stupentes
1277 2030 1771 2128 horrentesque
1825 2058 2064 2102 manes
2125 2034 2370 2103 umbra
2421 2032 2777 2121 discurris,

702 2148 867 2219 a'udi
899 2148 1299 2218 miserrimae
1324 2148 1561 2217 matris
1593 2146 2102 2244 iniquissimam
2130 2148 2776 2246 complorationem:

704 2290 843 2331 non
858 2262 1152 2358 quiden]
1169 2263 1356 2333 licuit
1371 2262 1544 2332 mihi
1564 2263 1636 2333 in
1655 2261 1825 2332 illud
1838 2264 2302 2354 cubiculum,²
2316 2263 2779 2336 conditorium

704 2399 836 2446 tuae
878 2377 1150 2465 mortis,
1200 2378 1614 2474 irrumpere;
1666 2405 1791 2448 nec
1834 2405 2039 2476 super
2086 2379 2428 2450 carissima
2468 2381 2783 2450 membra

704 2514 1048 2590 prostratae
1068 2494 1237 2563 meis
1252 2494 1537 2566 vulnera
1558 2517 1674 2565 tua
1695 2517 1920 2593 tegere
1934 2496 2324 2567 visceribus:
2349 2497 2536 2593 quod
2555 2495 2779 2566 solum

706 2630 935 2677 tamen
976 2610 1200 2705 potui,
1239 2637 1521 2706 corpus,
1562 2612 1750 2708 quod
1796 2611 2133 2701 medicuS,
2178 2612 2362 2709 quod
2408 2611 2787 2709 reliquerat

708 2745 895 2820 pater
911 2782 927 2807 ‚
949 2725 1077 2795 hoc
1097 2726 1255 2796 sinu
1282 2728 1527 2796 misera
1551 2727 1826 2823 collegi,
1851 2753 1927 2796 ac
1947 2753 2243 2796 vacuum
2263 2745 2501 2823 pectus
2519 2722 2786 2821 frigidis

709 2840 1127 2938 abjectisque
1147 2842 1511 2913 visceribus
1541 2868 1774 2912 rursus
1797 2841 2108 2938 implevi,
2144 2866 2406 2937 sparsos
2431 2860 2611 2910 artus
2644 2864 2786 2908 am-

710 2956 1020 3053 plexibus
1040 2959 1279 3057 junxi,
1312 2959 1627 3029 membra
1657 2957 1935 3028 diducta
1973 2956 2367 3055 composui,
2403 2974 2470 3027 et
2495 2953 2576 3025 de
2611 2951 2785 3024 tristi

695 536 814 617 198

711 3128 803 3195 qui
828 3127 978 3177 simul
1005 3145 1123 3176 cum
1149 3125 1314 3178 oculis
1340 3124 1548 3197 (flendo
1576 3125 1709 3175 scili-

711 3221 793 3257 cet
823 3209 1121 3278 corruptis)
1149 3210 1353 3259 finitur:
1388 3210 1478 3276 qui
1506 3208 1710 3270 caecita-⁴

708 3297 813 3335 tem
839 3286 995 3336 affert
1015 3308 1024 3335 ι
1048 3304 1167 3336 mox
1186 3285 1440 3355 legerem:
1467 3285 1548 3333 hic
1570 3303 1712 3334 reno·

712 3375 877 3431 vatur,
899 3380 996 3415 etc.
1014 3403 1029 3430 ,
1052 3379 1107 3416 ut
1134 3379 1437 3436 opponatur
1450 3363 1608 3433 felici
1625 3364 1715 3416 do-

714 3443 828 3493 lore'.
857 3445 1029 3495 Romu.

789 3542 805 3575 ι
821 3562 830 3573 .
850 3526 1076 3575 AE'ternoe
1086 3525 1300 3596 pudore.
1320 3525 1416 3574 Hic
1432 3522 1714 3590 legendum

714 3616 843 3672 puto
862 3641 878 3669 ,
912 3605 1037 3654 secle's
1068 3614 1269 3654 (εἰει-πω
1295 3604 1528 3675 poedore:
1568 3603 1715 3675 quod

715 3698 765 3735 et
798 3683 875 3734 Cl.
910 3683 1299 3753 Schultingius,
1335 3687 1377 3737 si
1408 3704 1590 3737 sensus
1622 3685 1717 3737 ad-

716 3766 976 3830 mitteret,
1012 3766 1191 3816 ferret.
1230 3766 1381 3823 Sedes
1416 3778 1602 3818 oeterna
1637 3783 1715 3820 est

716 3845 1048 3916 sepulcrum,
1081 3860 1139 3899 ut
1174 3846 1357 3899 millies
1390 3861 1635 3913 vocatur,
1664 3863 1716 3900 et

715 3926 897 3977 doritus
931 3937 1136 3979 oeterna.
1170 3927 1357 3979 Poedor
1380 3927 1465 3980 hic
1496 3944 1716 4001 propter

716 4005 1177 4078 sanguinolentum
1204 4009 1446 4075 cadaver,
1474 4011 1617 4082 quod
1648 4030 1715 4063 ne

717 4087 1053 4158 parricidium
1095 4092 1427 4143 manifestum
1469 4092 1592 4143 odio
1632 4110 1715 4144 es-

718 4182 822 4234 set,
837 4169 1014 4221 furtim
1035 4172 1277 4241 sepulcro
1300 4174 1397 4224 fuit
1416 4171 1714 4239 conditum,

668 4322 673 4328 ι
717 4247 808 4299 uhi
831 4247 1039 4321 poedore
1064 4251 1457 4304 conficiebatur.
1491 4253 1606 4303 Hoc
1636 4263 1719 4305 se-

1793 3128 2006 3195 quentia
2021 3126 2254 3176 indicaut
2266 3163 2282 3189 ,
2297 3123 2387 3174 ubi
2402 3124 2451 3172 in
2468 3121 2647 3173 mortis
2662 3138 2787 3170 con-

1792 3206 2038 3257 ditorium
2075 3226 2185 3257 non
2224 3205 2322 3257 sibi
2361 3202 2568 3256 licuisse
2603 3203 2785 3253 irrum-

1792 3303 1917 3354 pere
1944 3285 2197 3353 queritur.
2222 3285 2390 3333 Bunn.
2609 3346 2612 3349 y

1869 3383 1915 3415 2.
1941 3363 2269 3430 Cubiculum,
2295 3362 2658 3415 conditorium.
2679 3361 2788 3431 Ego

1793 3465 1976 3498 vocem
2003 3444 2296 3497 cubt’culum
2325 3443 2603 3496 delendam
2625 3456 2757 3514 puto
2772 3478 2790 3508 ‚

1797 3540 1853 3579 ut
1873 3528 2134 3597 glossema
2156 3527 2242 3577 τοῦ
2261 3526 2634 3591 conditorium,
2659 3536 2718 3575 ut
2740 3535 2794 3573 et

1797 3611 1998 3660 censuit
2028 3609 2105 3659 Cl.
2143 3607 2375 3671 Schult.,
2406 3607 2526 3679 quia
2559 3608 2614 3657 in
2646 3604 2792 3658 cubi-

1798 3688 1918 3739 culo
1945 3688 2192 3740 obserato
2217 3686 2500 3738 laceratum
2525 3686 2717 3756 legerat
2741 3685 2795 3734 li·

1793 3767 2027 3831 brarins,
2052 3782 2102 3818 et
2127 3766 2199 3817 ibi
2223 3778 2515 3829 mortuum,
2537 3763 2624 3816 hic
2641 3782 2795 3836 repo·

1797 3850 1932 3898 suit:
1970 3866 2131 3917 quum
2166 3847 2431 3918 eleganter
2461 3860 2628 3898 mater
2664 3842 2795 3896 illud

1797 3927 1932 3980 idem
1948 3927 2299 3980 conditorium
2312 3941 2494 3991 vocat,
2513 3929 2636 4001 quia
2659 3928 2794 3978 forte

1795 4009 1869 4060 ibi
1889 4009 2023 4061 clam
2050 4009 2293 4061 conditus
2315 4010 2411 4060 fuit
2431 4008 2593 4073 filius,
2611 4024 2668 4059 ut
2688 4027 2795 4058 mo-

1796 4090 1865 4142 do
1895 4090 2145 4143 vidimus:
2178 4089 2256 4141 vel
2293 4088 2548 4162 capienda
2575 4106 2671 4161 per
2693 4106 2790 4156 np-

1795 4174 2108 4243 positionem
2123 4209 2138 4237 ,
2164 4171 2466 4224 cubiculum
2484 4210 2501 4240 ,
2527 4169 2672 4244 quod
2694 4168 2797 4223 fuit

1797 4252 2166 4306 conditorium.
2192 4256 2358 4307 Bona.
