3200 5117
1007 574 1026 589 ·
1099 572 1617 638 EXCERPTA.
1795 631 1803 639 .
2272 578 2399 659 435

325 722 395 772 et
421 699 511 771 ad
537 721 624 772 te.
645 739 744 754 --
763 699 848 769 P.
874 698 1021 769 Cur
1048 723 1194 769 non
1220 696 1294 767 in
1325 696 1475 768 die?
1492 739 1588 775 -,-—-
1606 699 1710 768 M.
1740 697 1885 768 Cur
1902 699 2096 771 stella
2119 701 2234 773 die
2258 730 2402 776 non

327 814 554 889 lucet?
591 814 711 886 lux
758 813 833 884 in
875 812 1031 886 luce
1073 839 1218 884 non
1267 812 1702 884 discernitur.
1739 856 1834 867 —-
1864 814 1948 884 P.
1998 817 2145 887 Cur
2184 817 2411 916 prima

327 957 470 1003 non
506 931 698 1002 venit
728 928 1218 1002 nocte?—-M.
1267 927 1516 999 Infelix
1558 928 1789 1018 tenui,
1832 955 1920 1000 ne
1959 939 2285 1029 surgeret.
2313 973 2412 987 ———

331 1050 410 1118 P.
473 1048 715 1119 Inanis
769 1045 1120 1145 persuasio
1171 1071 1252 1116 ex
1310 1044 1848 1143 cogitationibus
1897 1067 2047 1119 orta
2094 1070 2258 1120 erat.
2316 1093 2411 1103 —-

330 1164 434 1233 M.
486 1163 734 1234 Adhuc
780 1162 1103 1251 oriretur,
1153 1181 1223 1232 et
1262 1161 1478 1232 videri
1511 1182 1758 1259 posset.
1793 1205 1889 1216 --
1924 1164 2008 1234 Ρ.
2061 1164 2416 1237 Maternos

331 1277 686 1350 territabat
714 1277 1171 1376 inquietando
1204 1303 1506 1348 somnos.
1535 1320 1634 1331 ——
1659 1278 1763 1347 M.
1806 1278 1873 1347 Ο
1910 1278 2174 1376 paterni
2203 1281 2418 1352 affec-

333 1393 479 1465 tus?
518 1393 855 1465 exicium¹
908 1393 1141 1465 filium
1185 1392 1417 1463 videre
1436 1382 1722 1463 ‘timuit.
1755 1434 1851 1447 —-
1883 1393 1967 1462 P.
2014 1395 2161 1491 Ego
2205 1396 2420 1468 etiam

338 1535 529 1606 aeque
553 1508 846 1608 perdidi.
875 1551 973 1563 —-
995 1511 1100 1580 M.
1127 1509 1228 1578 Ex
1253 1531 1394 1606 quo
1417 1507 1811 1605 perdidisti,
1854 1533 2222 1606 nunquam
2252 1510 2422 1582 adeo

337 1624 767 1712 desiderasti,
813 1645 893 1698 ut
917 1624 1205 1696 videres.
1231 1663 1329 1677 —-—
1348 1624 1432 1695 P.
1469 1622 1843 1696 Somnium
1872 1644 2004 1714 est,
2033 1624 2221 1721 quod
2259 1653 2425 1723 que-

341 1739 523 1810 reris.
545 1742 760 1811 -M.
792 1741 999 1811 Esto:
1037 1737 1382 1837 quidquid
1412 1738 1503 1809 ad
1534 1737 1960 1810 miserrimos
1988 1738 2316 1836 pertinet,
2347 1765 2429 1811 eo

339 1852 686 1924 crudelius
728 1852 1052 1952 eripitur,
1095 1879 1240 1951 quo
1280 1852 1518 1924 minus
1561 1853 1903 1924 est.-P.
1940 1854 2100 1924 Non
2144 1874 2247 1925 est
2288 1874 2434 1926 tan·

342 1987 492 2037 tum
515 2023 535 2056 ,
589 1987 668 2038 ut
693 1966 830 2038 -hic
881 1967 1315 2039 tractandum
1355 1967 1459 2038 sit.
1497 2009 1595 2020 —-
1632 1967 1729 2052 M.
1776 1965 1847 2038 Si
1896 1992 2089 2064 aeque
2124 1967 2386 2040 doleres
2412 2024 2433 2057 ,

341 2104 684 2180 quantum
719 2103 928 2173 esset,
966 2082 1290 2154 sentires:
1338 2082 1440 2153 vis
1468 2081 1744 2172 audire,
1778 2080 1966 2180 quod
1997 2082 2250 2154 sentire
2287 2109 2432 2155 non
2486 2135 2495 2148 ,

339 2196 582 2298 potes?
625 2198 818 2269 Nihil
862 2199 947 2269 de
985 2198 1166 2289 filio,
1216 2198 1350 2286 nisi
1383 2197 1579 2290 ,diem
1626 2197 2106 2297 perdideram:
2155 2198 2436 2270 venien-

340 2334 484 2388 tem.
508 2341 651 2388 non
677 2314 1030 2413 lugebam.
1050 2358 1147 2370 —-
1161 2316 1243 2388 P.
1274 2316 1538 2387 Contra
1553 2336 1877 2388 naturam
1890 2328 1915 2358 ²
1944 2314 2118 2412 agis:
2150 2314 2435 2387 defunc·

341 2449 499 2500 tum·
521 2431 744 2503 redire
766 2432 1194 2530 cupis.-'—-‹M.
1222 2431 1462 2521 Quid?
1487 2429 1686 2529 cujus
1714 2457 1824 2503 ars
1854 2451 2095 2502 contra
2112 2451 2431 2502 naturam

343 2546 684 2634 constitit,
708 2571 797 2616 an
823 2547 1060 2617 matris
1078 2603 1097 2635 ,
1124 2572 1214 2615 an
1245 2545 1684 2642 magiP-P,
1714 2547 1810 2616 Ut
1843 2571 1958 2616 me
1987 2547 2283 2634 solvam3
2316 2569 2436 2618 aut

347 2661 522 2732 nihil
553 2681 650 2732 est
667 2660 883 2731 animi
905 2659 1104 2730 nobis
1129 2685 1171 2728 a
1191 2680 1410 2729 morte
1442 2659 1794 2748 relictum,
1826 2680 1947 2730 aut
1966 2686 2152 2732 mors
2171 2661 2321 2760 ipsa
2342 2663 2440 2734 ni-

347 2775 471 2846 hil.
495 2818 594 2828 --
614 2776 717 2845 Μ.
745 2771 981 2863 Quid?
1007 2770 1451 2870 philosophia
1477 2777 1809 2843 evacuata
1835 2772 1970 2842 est?
1994 2799 2171 2843 num
2200 2775 2437 2848 anima

347 2888 761 2964 immortalis
785 2910 885 2960 est
904 2889 942 2960 ἓ·
967 2899 1110 2960 non
1143 2908 1363 2987 potest
1389 2913 1555 2959 cum
1580 2913 1866 2985 corpore
1897 2886 2210 2978 interire,
2236 2917 2278 2960 a
2300 2918 2439 2988 qua

347 3030 595 3104 corpus
627 3003 1044 3075 fabricatum
1083 3023 1202 3075 est.
1224 3045 1322 3057 —-
1345 3002 1425 3073 P.
1473 3003 1674 3073 Esto:
1722 3001 2134 3073 immortalis
2159 3024 2292 3075 est:
2328 3003 2442 3074 in-

349 3120 539 3193 cludi
579 3107 740 3218 ergo
784 3143 927 3190 non
967 3138 1209 3217 potest.
1232 3161 1330 3172 ——
1353 3118 1456 3187 M.
1493 3117 1639 3189 Cur
1669 3116 1881 3215 igitur
1916 3143 2163 3214 magus
2192 3117 2440 3189 ascitus

349 3254 453 3306 est
465 3217 673 3303 ?-‘-P.
695 3233 866 3321 Quo
892 3231 1172 3303 'vinculo
1199 3229 1506 3301 inclusus
1531 3226 1667 3301 est?
1696 3227 1816 3300 ubi
1837 3228 2113 3301 catena?
2137 3230 2257 3302 ubi
2289 3256 2441 3302 mo-

354 3346 492 3419 les?
530 3389 627 3400 ——-
664 3349 768 3418 M.
797 3346 987 3435 ‘Quo
1031 3341 1252 3443 magis
1287 3343 1676 3416 evocandus
1726 3364 1869 3416 erat
1918 3340 2261 3434 carmine,
2297 3371 2438 3444 quo

353 3461 500 3532 solo
529 3453 744 3532 teneri
761 3467 992 3558 'potest
1010 3515 1029 3548 ,
1066 3457 1412 3554 quidquid
1440 3484 1564 3557 per
1590 3484 1660 3528 se
1694 3456 2087 3555 intelligens
2116 3480 2234 3530 est.
2263 3458 2440 3546 Scis,

357 3575 530 3674 quid
571 3574 825 3664 fecisti,
877 3572 1201 3644 omnium
1245 3571 1648 3645 saevissime?
1689 3573 2017 3644 omnium
2071 3574 2444 3674 parricida-

359 3686 566 3760 rum-³
596 3687 938 3759 maxime:
968 3685 1170 3757 illum
1205 3685 1536 3758 abstulisti
1556 3746 1575 3777 ,
1608 3686 1729 3784 qui
1756 3687 1934 3759 mori
1962 3713 2106 3760 non
2137 3710 2444 3788 poterat:

395 3953 402 3960 ,
437 3912 482 3946 1.
516 3895 779 3966 Εκίςᾷωῃ.
795 3929 802 3964 3
818 3891 963 3962 Quid
981 3892 1104 3960 ⁴hoc
1137 3894 1365 3948 monstri
1441 3894 1599 3956 etiarn
1623 3897 1777 3965 patri.
1801 3895 1883 3948 An
1901 3894 2143 3960 elicium,
2164 3909 2223 3950 ut
2243 3896 2451 3966 Jupiter

362 3974 574 4026 nescio:
610 3990 677 4023 an
709 3973 1015 4024 exiticium?
1045 3990 1168 4023 nam
1199 3969 1366 4023 voluit
1443 3970 1661 4023 elicias?
1681 3971 1776 4022 sed
1798 3972 1882 4022 vix
1906 3971 2083 4024 credo.
2110 3974 2203 4024 En.

360 4048 594 4106 indicare
638 4057 752 4126 jam
799 4051 1066 4125 perditum
1115 4054 1366 4125 opinione
1518 4067 1565 4102 2.
1599 4051 1788 4102 Contra
1824 4063 2026 4102 natura.
2058 4052 2239 4117 Certe,
2272 4064 2451 4104 contra

364 4134 537 4206 vulgi,
569 4148 758 4207 utpote
796 4147 1102 4200 mortuum,
1142 4148 1193 4186 et
1235 4151 1367 4202 roffio
1407 4150 1414 4158 ·
1451 4143 1694 4185 naum
1719 4133 1859 4204 nqis.-
1880 4132 2184 4203 defunctum·
2206 4152 2245 4186 r.
2268 4153 2312 4186 c.

363 4216 666 4288 impositum
684 4253 701 4280 ,
729 4227 782 4266 at
805 4232 834 4266 e
861 4212 1068 4265 tumulo
1097 4225 1374 4266 exeuntem
1525 4211 1576 4263 3.
1630 4210 2036 4263 Parricidamm.
2074 4213 2457 4296 Panicidoruqn

365 4287 786 4363 redeuntemque
814 4292 1001 4358 matri,
1030 4305 1082 4344 et
1115 4294 1160 4344 si
1187 4287 1375 4354 vellet,
1455 4288 1561 4341 MS.
1589 4289 1730 4340 forte
1753 4308 1854 4360 pro
1875 4288 2290 4360 parricidiorum.

2132 4380 2212 4427 28.
