3200 5117
589 556 779 621 DEC.
799 553 917 618 XL·
934 550 1187 616 mVES
1206 550 1421 613 ACCU
1431 547 1696 614 SATUS
1717 548 2188 616 PRODITION
2198 552 2288 618 18.
2357 559 2482 645 259

400 676 687 776 accipies
720 698 1046 772 suprema
1084 670 1451 760 mandata,
1494 690 1562 739 et
1604 669 2017 741 moriturum
2050 691 2116 743 te
2154 676 2482 751 continuo

400 793 755 892 promittes
783 816 798 860 ε
832 787 1234 861 exonerabis
1270 785 1575 884 gemitus
1615 804 1805 874 tuos,
1842 810 2064 881 quum
2097 810 2341 862 eorum
2371 818 2483 865 se..

402 909 641 1008 pulcra
687 903 1120 978 numerabis:
1166 901 1441 973 siccabit
1486 901 1764 990 oculos,
1807 901 1995 998 quod
2028 928 2260 976 meam
2295 932 2486 980 nunc

402 1050 684 1123 quoque
710 1022 1026 1119 respicies
1057 1012 1349 1092 vacuam
1376 1017 1694 1089 domum.

504 1144 589 1213 X.
622 1143 741 1210 Me
768 1135 1135 1209 miserum!
1166 1134 1493 1233 pauperis
1516 1153 1787 1206 tantum
1809 1135 2141 1231 solatium⁴
2168 1140 2486 1214 futurum

407 1276 542 1344 est,
586 1255 774 1354 quod
817 1242 1015 1351 pares
1052 1274 1316 1321 sumus.
1350 1248 1585 1361 Quid?
1616 1250 1802 1349 quod
1839 1251 1911 1323 in
1938 1252 2099 1350 *ipsa
2131 1280 2491 1356 compara.

410 1374 598 1444 tione
626 1369 864 1442 mortis
898 1393 1042 1439 non
1079 1366 1267 1437 idem
1307 1364 1662 1466 patientur
1691 1367 1889 1438 liberi
1925 1369 2066 1439 tui?
2093 1372 2491 1447 occidentur

411 1514 557 1559 uno
578 1485 872 1558 fortassis
895 1484 1035 1554 ictu
1054 1540 1072 1572 ,
1099 1502 1168 1555 et
1200 1482 1328 1554 erit
1360 1483 1537 1554 ultio
1569 1483 1894 1555 manibus
1928 1506 2247 1560 contenta
2273 1494 2498 1564 carni-

411 1602 598 1675 ficis:
641 1599 961 1700 parvulos
990 1622 1181 1669 meos
1220 1597 1476 1670 occidit
1512 1598 1859 1698 quidquid
1889 1598 2027 1672 fuit
2061 1622 2200 1675 tota
2232 1606 2493 1680 civitate

414 1715 744 1806 telorum,
783 1713 1015 1789 omnis
1060 1738 1294 1804 sexus,
1321 1713 1559 1783 ¹omnis
1597 1733 1787 1803 aetas,
1827 1715 2053 1786 omnis
2089 1716 2491 1795 infirmitas:

413 1833 586 1904 nihil
606 1852 707 1904 est
730 1830 1074 1903 crudelius
1104 1848 1325 1901 morte
1351 1828 1722 1901 hominurn
1742 1886 1760 1918 ‚
1791 1856 1963 1928 quos
1986 1833 2286 1932 populus
2311 1838 2498 1909 occi-

416 1950 548 2038 dit;
578 1936 647 2021 et
674 1948 859 2020 solus
882 1947 995 2018 hic
1019 1945 1236 2016 exitus
1271 1965 1405 2034 est,
1440 1972 1480 2018 a
1513 1968 1655 2044 quo
1697 1971 1838 2016 non
1871 1967 1970 2018 est
2003 1970 2134 2020 nec
2161 1950 2497 2024 cadaveri-

419 2065 551 2137 bu's
568 2064 754 2136 salva
782 2060 1181 2135 reverentia.
1209 2062 1363 2131 Hoc
1396 2084 1511 2131 me
1545 2082 1736 2131 nunc
1770 2061 2200 2160 complorare
2223 2084 2495 2139 tantum

416 2179 671 2277 putatis
689 2236 708 2268 ,
735 2177 925 2275 quod
951 2201 1094 2246 non
1121 2199 1281 2245 sum
1306 2173 1541 2245 liberis
1561 2173 1735 2245 meis
1764 2195 1925 2246 ante
1949 2176 2270 2250 satiatus?
2291 2182 2502 2254 miser

418 2321 576 2393 ego,
612 2321 741 2366 nec
774 2293 863 2364 ad
886 2289 1209 2363 cadavera
1232 2288 1474 2360 accessi
1496 2319 1515 2376 ;
1548 2316 1693 2360 non
1717 2289 1793 2360 in
1818 2290 2129 2389 sepulcra
2153 2295 2498 2395 majorum

415 2410 588 2480 meis
618 2407 944 2479 manibus
968 2403 1206 2493 intuli;
1242 2429 1369 2474 nec
1398 2403 1592 2481 licuit
1618 2429 1825 2502 super
1852 2405 1999 2503 ipsa
2031 2433 2317 2507 corpora
2341 2439 2499 2509 pro..

379 2524 752 2612 ·clamare;
792 2546 936 2593 non
977 2519 1134 2591 feci.
1171 2517 1476 2606 Qualem
1512 2543 1640 2615 ego
1673 2517 1905 2609 illum,
1941 2522 2191 2619 patria,
2226 2524 2498 2623 perdidi

423 2636 641 2726 diem,
672 2648 896 2733 q'uum
921 2634 1131 2706 duces
1164 2633 1252 2703 ab
1285 2631 1601 2730 explicito
1637 2632 1819 2704 bello
1855 2641 2321 2711 revertuntur!
2355 2668 2500 2713 non

423 2777 535 2823 me
557 2750 723 2822 laetae
749 2749 1019 2821 cinxere
1034 2747 1369 2845 legiones;
1393 2771 1533 2816 non
1551 2747 1751 2817 effusi
1767 2747 2041 2820 obviam
2068 2751 2242 2824 cives
2265 2756 2502 2827 trium·

422 2863 832 2964 phali.circa
868 2886 1107 2934 currus
1148 2886 1342 2931 meos
1384 2859 1799 2931 exsultavere
1845 2859 2072 2932 laetitia
2106 2890 2119 2933 ε
2164 2869 2500 2965 sequebar

423 2979 719 3080 captivos
744 3001 935 3047 meos
963 2972 1208 3046 tristior
1228 2973 1466 3061 victor;
1496 2974 1778 3043 moestus
1804 2972 2112 3070 undique
2143 2976 2503 3052 claudebat

425 3094 788 3181 exercituS,
857 3086 1369 3161 occurrentium
1426 3085 1725 3157 lacrimae
1776 3087 2371 3185 propinquorum,
2438 3105 2504 3166 e't

427 3204 889 3278 erubescentis
923 3202 1097 3274 circa
1126 3227 1239 3272 me
1281 3200 1525 3299 populi
1569 3199 1816 3271 timida
1847 3201 2104 3272 solatia.
2134 3204 2202 3273 Ο
2236 3230 2501 3279 succes·

428 3347 637 3393 suum
658 3346 938 3418 quoque
966 3338 1361 3390 nostrorum
1381 3317 1634 3388 misera
1657 3315 1987 3388 conditio!
2021 3345 2182 3416 ergo
2211 3345 2337 3419 ego
2363 3323 2504 3395 vic..

429 3438 675 3509 toriam
710 3463 940 3508 meam
967 3461 1110 3529 non
1140 3432 1431 3505 narrabo
1470 3433 1616 3506 sine
1645 3432 1806 3504 fletu
1826 3490 1845 3524 ‚
1883 3460 2094 3535 nemo
2121 3436 2502 3511 amicorum

431 3555 1127 3653 propinquorumque
1150 3577 1384 3623 coram
1418 3578 1531 3621 me
1566 3550 1651 3621 de
1686 3551 1870 3622 bello
1897 3578 2055 3623 meo
2092 3552 2425 3651 loquetur.

529 3669 648 3738 XI.
675 3667 866 3739 Nihil
892 3687 992 3738 est
1021 3665 1366 3737 crudelius
1400 3665 1782 3737 calamitate
1807 3721 1825 3752 ‚
1851 3692 2066 3761 quam
2096 3668 2354 3765 gaudia
2396 3698 2507 3742 re-

435 3780 732 3853 ducunt:
782 3781 1050 3880 quoties
1097 3780 1372 3851 redierit
1420 3779 1532 3852 ille
1577 3778 1774 3851 laetus
1816 3780 2010 3852 vobis
2051 3782 2121 3852 in
2171 3784 2511 3884 supplicia

435 3924 594 3969 mea
616 3897 792 3987 dies,
821 3896 1151 3994 lugubres
1178 3896 1356 3967 mihi
1381 3898 1551 3968 ferte
1576 3917 1831 3985 vestes;
1859 3919 2207 3989 renovate,
2231 3901 2511 3995 servuli,

434 4013 782 4114 planctus;
823 4033 1051 4112 parate
1088 4011 1363 4102 solatia,
1397 4012 1809 4112 propinqui:
1842 4012 2019 4083 nulli
2054 4013 2248 4087 liberi
2286 4016 2515 4117 impa-

436 4131 718 4202 tientius
779 4127 1288 4216 desiderantur,
1350 4154 1560 4224 quam
1617 4128 1738 4224 qui
1791 4149 2068 4226 propter
2106 4151 2373 4229 patrem
2423 4133 2516 4203 vi-

437 4246 688 4322 dentur
701 4245 923 4321 occisi.
946 4243 1083 4317 Sed
1109 4269 1350 4317 verum
1367 4300 1385 4337 ‚
1402 4242 1674 4344 judices
1691 4301 1710 4335 ,
1736 4243 2098 4317 fatendum
2117 4268 2241 4317 est:
2271 4248 2480 4321 timeo
2498 4305 2516 4339 ,

2188 4374 2267 4428 1⁷·
