3200 5117
746 576 930 615 xxxu·
1290 550 1750 615 EDITORIS
1799 553 2288 617 PRAEFATIO

748 699 904 737 vero
941 698 1145 762 quum
1184 676 1249 737 in
1285 697 1439 738 eum
1473 675 1789 762 Agricolae
1819 676 2039 740 locum
2074 676 2306 752 incidi,
2336 675 2420 740 de
2447 678 2837 741 Inventione

748 782 1084 845 dialectica
1112 782 1222 845 lib.
1252 785 1377 860 lli,
1403 805 1544 870 cap.
1583 789 1685 862 14,
1712 783 1823 847 ubi
1850 784 2238 865 Quintiliani
2267 808 2343 846 ex
2370 807 2443 848 ea
2469 784 2842 849 transcribit

746 888 1239 951 Det-laniatione
1264 887 1492 966 verba,
1521 911 1671 978 quae
1698 889 2093 968 inscribitur,
2122 891 2337 979 inquit
2360 893 2467 973 (et
2492 907 2697 955 exstat
2720 889 2839 954 ho-

749 993 894 1075 die)
929 993 1382 1079 anomim‘osus
1410 1007 1625 1056 contra
1654 1006 1777 1057 tres
1805 997 2153 1081 roqationes
2176 997 2209 1056 Ρ
2242 1015 2391 1084 quae
2427 995 2513 1059 ita
2539 996 2841 1084 profecto

750 1122 870 1162 suo
896 1101 1136 1177 nitore,
1163 1117 1228 1161 et
1250 1101 1697 1180 Quintilianeo
1724 1098 1988 1165 dicendi
2015 1123 2290 1188 genere,
2313 1101 2474 1164 mihi
2500 1118 2842 1166 auctorem

751 1230 941 1268 suum
984 1205 1283 1269 redolere
1322 1207 1747 1286 videbantur,
1793 1227 1862 1274 ut
1903 1225 2041 1271 tum
2079 1232 2186 1272 eas
2223 1208 2744 1273 Declamationes
2776 1226 2843 1273 et

749 1313 1059 1400 coeperim
1085 1313 1441 1399 efflagitare
1464 1317 1699 1400 magis,
1723 1331 1791 1377 et
1810 1315 1876 1378 in
1905 1337 1980 1378 ea
2007 1338 2141 1394 me,
2171 1338 2320 1378 cum
2345 1315 2679 1403 plerisque
2700 1313 2844 1379 aliis

750 1416 1155 1482 doctioribus
1176 1467 1192 1496 ‚
1229 1420 1544 1505 opinione
1580 1421 1970 1484 confirmare
1990 1472 2004 1496 ‚
2044 1423 2413 1508 suppositas
2441 1438 2507 1485 et
2533 1419 2844 1484 adulteri-

750 1548 866 1588 nas
893 1549 1035 1588 esse
1062 1528 1361 1612 vulgares
1389 1525 1526 1590 illas
1558 1529 1724 1591 Caeci
1746 1577 1760 1604 ‚
1801 1528 2067 1590 parietis
2103 1526 2421 1604 dealbati,
2451 1527 2674 1590 militis
2707 1528 2847 1589 Ma-

748 1633 912 1695 riani
964 1635 1519 1712 Declamationes‚
1565 1634 1652 1698 de
1698 1657 1977 1724 quarum
2019 1636 2292 1700 summis
2332 1653 2398 1700 et
2439 1635 2848 1721 argumentis

751 1764 1075 1830 nusquam
1113 1743 1181 1805 in
1222 1743 1750 1806 institutionibus
1785 1744 2118 1822 meminit3
2162 1745 2365 1806 latere
2400 1760 2657 1818 autem,
2694 1764 2847 1804 nec-

750 1846 908 1910 dum
937 1873 1042 1912 eas
1070 1851 1415 1912 infantium
1442 1873 1628 1912 more
1655 1851 1884 1912 saltem
1915 1850 2268 1937 expositas,
2299 1871 2445 1937 quae
2473 1871 2642 1912 verae
2669 1848 2847 1912 illius

752 1973 1007 2031 essent,
1043 1955 1352 2042 legitimae
1390 1973 1453 2017 et
1488 1957 1837 2018 naturales,
1867 1957 2043 2019 Nihil
2069 1955 2249 2019 aliud
2282 1975 2380 2020 est
2405 1956 2845 2030 Declamati0‚

750 2061 889 2147 ipse
917 2062 1131 2149 inquit
1157 2062 1393 2125 Fabius
1414 2112 1429 2136 ‚
1459 2086 1656 2150 quam
1695 2062 2055 2126 forensium
2091 2065 2424 2127 actionum
2464 2062 2807 2127 meditatio
2833 2086 2846 2123 2

749 2191 884 2254 quo
911 2190 1151 2253 genere
1177 2166 1467 2229 Tullium
1503 2169 1715 2254 ipsum
1744 2218 1759 2240 ‚
1802 2186 2207 2258 caeterosque
2248 2192 2477 2231 omnes
2510 2185 2652 2231 tum
2687 2190 2852 2254 grae-

750 2298 891 2351 co5,
918 2291 1055 2337 tum
1084 2275 1316 2338 latinos
1346 2293 1667 2353 oratores,
1695 2275 1778 2340 ad
1806 2301 2093 2362 pugnam
2122 2277 2454 2340 forensem
2479 2276 2661 2339 velut
2685 2298 2853 2364 prae-

749 2381 965 2466 pilatis
987 2403 1056 2444 sc
1080 2381 1477 2458 exercuisse,
1507 2400 1738 2445 notum
1766 2401 1863 2445 est
1890 2384 2226 2470 exemplis,
2257 2380 2552 2469 Ideoque
2579 2405 2788 2471 quum
2813 2405 2850 2445 e

750 2485 974 2548 medio
1002 2487 1145 2550 foro
1166 2536 1181 2563 ‚
1207 2485 1288 2548 ab
1318 2487 1426 2564 iis,
1456 2488 1568 2576 qui
1608 2487 1854 2551 diutius
1891 2489 1956 2550 in
1984 2513 2061 2552 co
2088 2489 2326 2552 versati
2356 2504 2607 2563 essent,
2640 2486 2852 2549 multa

749 2595 817 2656 in
857 2595 1150 2658 scholam
1189 2593 1483 2659 traducta
1518 2596 1961 2661 verisimiliter
1992 2596 2408 2674 viderentur,
2440 2619 2586 2686 quae
2620 2593 2703 2658 ad
2733 2595 2850 2685 jus

742 2698 1286 2790 judiciorumque
1326 2719 1621 2766 veterem
1662 2726 1914 2766 morem
1961 2722 2025 2766 et
2063 2703 2614 2767 consuetudinem
2650 2704 2853 2789 perti-

750 2824 986 2870 nerent
1015 2808 1226 2897 (quod
1253 2832 1458 2871 unum
1484 2833 1561 2871 ex
1583 2809 1903 2872 Cicerone
1931 2826 1996 2872 et
2018 2806 2144 2872 hoc
2164 2825 2388 2871 nostro
2408 2807 2850 2889 QuintilianO,

750 2914 1115 3000 praesertim
1159 2916 1226 2976 in
1277 2931 1455 2977 tanta
1501 2938 1925 2979 romanorum
1969 2932 2315 2977 auctorum
2353 2913 2628 3001 penuria
2648 2962 2665 2988 ,
2708 2914 2852 3000 peti

748 3020 995 3107 possit)
1036 3021 1278 3085 mirum
1318 3039 1446 3098 est,
1490 3023 1543 3084 si
1580 3020 1709 3086 hoc
1748 3021 2315 3085 Declamationum
2349 3044 2517 3106 opus
2553 3019 2853 3098 (utinam

749 3128 1079 3214 integrum
1102 3131 1151 3208 Ε)
1177 3130 1371 3192 unice
1399 3129 1588 3193 nobis
1615 3130 1907 3206 restitui,
1935 3153 2009 3192 ac
2035 3129 2240 3193 veluti
2266 3129 2597 3216 captivum
2625 3130 2855 3215 postli—

746 3237 955 3298 minio
982 3238 1251 3314 reverti,
1279 3253 1393 3300 aut
1417 3237 1653 3300 redimi
1680 3237 2067 3324 cupiebam?
2085 3239 2336 3301 Amissa
2357 3235 2664 3323 potiundi
2696 3260 2851 3322 spe,

747 3343 1112 3429 languescit
1130 3366 1335 3407 amor.
1357 3342 1486 3409 Sed
1509 3366 1660 3408 ecce
1682 3342 1845 3406 nihil
1863 3344 2080 3406 minus
2097 3343 2257 3406 mihi
2275 3342 2614 3430 cogitanti,
2633 3342 2855 3406 novis-

750 3449 929 3512 simis
966 3449 1382 3538 potissimum
1425 3448 1820 3514 turbulentis
1855 3466 1922 3512 et
1960 3449 2517 3536 irreligiosissimis
2548 3444 2650 3510 his
2677 3463 2851 3510 tem-

747 3555 1055 3643 poribus,
1093 3578 1301 3644 quum
1339 3553 1636 3642 undique
1679 3556 1832 3619 totis
1867 3578 2076 3644 usque
2106 3555 2273 3618 adeo
2306 3553 2608 3618 turbatur
2640 3553 2850 3640 agris,

750 3681 960 3747 quum
986 3682 1021 3722 e
1049 3659 1261 3746 patrio
1289 3675 1353 3721 et
1378 3676 1609 3745 pacato
1635 3660 1776 3724 solo
1803 3658 1878 3722 fit
1900 3657 2229 3723 hosticum
2248 3709 2264 3736 ,
2292 3682 2413 3723 nec
2437 3658 2576 3748 jam
2605 3657 2848 3746 linguae

749 3782 863 3828 aut
880 3766 1078 3829 animi
1108 3766 1439 3853 religionis
1463 3790 1618 3854 ergo
1647 3767 1748 3850 (ni
1771 3766 2094 3830 calumnia
2121 3767 2531 3853 magis)pars
2552 3767 2849 3853 corporis

751 3894 917 3936 caeca
941 3889 1007 3935 et
1029 3872 1193 3950 fera,
1224 3890 1296 3936 ut
1316 3873 1521 3963 Cyrus
1541 3872 1633 3935 ait
1650 3872 1827 3959 apud
1849 3870 2394 3958 Xenophontem,
2416 3893 2649 3933 manus
2670 3867 2850 3931 vide-

751 3978 906 4043 licet
920 3978 1291 4044 immaniter
1308 3995 1375 4043 et
1389 3980 1649 4066 impure
1665 3994 2122 4056 conseruntur,
2143 3977 2437 4065 dumque
2456 3975 2649 4042 silent
2666 3973 2847 4060 leges

754 4088 925 4150 inter
951 4110 1159 4167 arma,
1180 4087 1321 4151 viso
1351 4105 1599 4165 tamen,
1632 4105 1706 4152 ut
1733 4087 1888 4150 alias
1916 4108 2120 4173 saepe,
2149 4084 2264 4148 sed
2293 4101 2433 4148 tum
2461 4078 2845 4145 melioribus

752 4193 983 4260 avibus
995 4246 1011 4274 ,
1027 4217 1254 4259 meum
1274 4199 1590 4259 Auratum
1607 4217 1619 4256 ε
1640 4215 2043 4283 quamquam
2057 4193 2111 4258 is
2125 4212 2236 4257 me
2252 4209 2445 4258 sunm
2460 4188 2679 4254 verius
2695 4208 2848 4276 pos-
