3200 5117
716 526 837 587 218
1215 524 1306 585 M.
1356 523 1606 584 FABIl
1654 521 2295 603 QUINTILIAM

811 646 1033 715 XVII.
1078 647 1339 741 Magna
1380 644 1791 716 conscientia
1831 666 1959 731 est,
2005 644 2401 715 felicitatem
2446 646 2796 717 memisse.

717 765 1003 859 Ignotus
1024 788 1188 833 sane
1211 762 1292 833 sit
1313 782 1377 831 et
1401 762 1705 831 alienus:
1735 761 1906 858 quid
1922 761 2138 831 'fuerit
2161 782 2351 849 ante,
2376 788 2517 831 non
2539 789 2799 859 quaero;

718 900 869 976 post
910 877 1052 946 haec
1098 877 1225 947 erit
1257 877 1550 947 amicus:
1599 898 1670 946 et
1702 875 1930 946 hercle
1966 900 2104 973 quo
2142 876 2437 975 quisque
2484 876 2637 976 plus
2673 904 2803 976 po—·

717 1015 875 1080 test,
913 1020 1187 1091 quoque
1222 993 1425 1063 latius
1457 1013 1643 1090 patet
1676 992 1762 1065 ad
1795 994 2088 1063 fortunae
2119 992 2466 1080 incursuS,
2497 993 2627 1064 hoc
2662 1020 2804 1064 ma·

719 1109 819 1206 gis
848 1108 1142 1206 cogitare
1175 1109 1378 1179 debet
1406 1128 1608 1204 atque
1639 1107 2005 1205 respicere,
2039 1129 2380 1203 quantum
2411 1108 2480 1177 in
2514 1135 2635 1179 nos
2669 1109 2806 1179 for-

723 1245 906 1295 tunae
933 1251 1225 1321 regnum
1253 1225 1370 1312 sit,
1400 1250 1612 1320 quam
1638 1223 1937 1293 instabili
1959 1222 2117 1295 sede
2139 1224 2450 1295 humana
2471 1244 2802 1295 constant.

720 1344 878 1410 Non
914 1367 1027 1410 me
1069 1361 1311 1411 aurata
1354 1339 1734 1437 laquearia,
1783 1366 1910 1410 nec
1954 1340 2290 1411 radiantes
2326 1366 2668 1410 marmore
2702 1366 2809 1410 co·

726 1455 1020 1543 lumnae,
1060 1482 1183 1526 nec
1228 1481 1459 1553 graves
1495 1476 1731 1526 crustae
1764 1454 2052 1526 fecerint
2085 1455 2572 1525 immemorem
2609 1455 2810 1552 fragi-

724 1571 960 1642 litatis:
1012 1572 1233 1643 multa
1276 1599 1452 1669 saepe
1494 1593 1558 1642 et
1606 1570 2064 1669 locupletibus
2105 1571 2459 1658 accidunt3
2509 1597 2681 1668 saepe
2735 1571 2810 1641 in

724 1686 947 1757 imum
987 1713 1262 1757 summa
1307 1687 1702 1759 decidunt¹.
1752 1690 1900 1783 Ego
1945 1686 2085 1758 vidi
2129 1712 2506 1784 pauperem
2553 1684 2812 1756 auxilia

727 1800 914 1871 diviti
963 1802 1338 1872 ferentem:
1386 1802 1502 1871 sed
1548 1829 1710 1873 sane
1758 1802 2118 1900 superbius
2166 1802 2449 1872 aestimet
2498 1800 2810 1871 miserias

726 1916 933 2012 longa
964 1915 1280 2003 felicita5‚
1320 1937 1383 1987 et
1413 1916 1723 1986 alienum
1761 1944 1994 1987 casum
2031 1916 2228 1988 facile
2265 1915 2587 2013 despiciat
2613 1941 2812 1985 secu-

729 2058 842 2101 rus
857 2031 962 2100 sui
988 2058 1001 2100 :
1024 2058 1150 2127 ego
1162 2031 1435 2126 quoties
1459 2031 1710 2101 auxilia
1726 2031 2129 2102 calamitatis
2145 2053 2370 2129 petere
2392 2031 2701 2127 aliquem
2717 2029 2817 2099 vi—

727 2148 881 2233 deo,
901 2172 1042 2216 non
1061 2173 1337 2244 possum
1357 2173 1500 2216 non
1524 2147 1781 2217 moveri
1798 2149 2070 2218 fortuna
2086 2174 2270 2218 mea:
2295 2147 2624 2217 succurrit
2641 2144 2814 2215 mihi

731 2263 1060 2333 continuo
1097 2285 1229 2333 tem
1242 2290 1398 2360 pus,
1430 2291 1569 2360 quo
1597 2264 1739 2361 ipse
1771 2264 2209 2335 clementiam
2237 2265 2584 2361 optabam.
2615 2266 2819 2359 Igno-

733 2405 863 2465 sce,
878 2400 1086 2475 pater,
1107 2379 1157 2448 si
1176 2379 1697 2475 penitusanimo
1714 2381 1990 2452 meohic
2008 2380 2253 2451 insedit
2265 2381 2572 2466 affectus3
2588 2403 2817 2449 amare

735 2493 1273 2563 misericordiam
1308 2494 1511 2565 miser
1543 2495 1736 2593 coepi.
1771 2496 1902 2566 Sed
1941 2495 2297 2582 inimicuS‚
2329 2494 2587 2590 inquit,
2621 2517 2819 2563 meus

734 2630 862 2680 est:
917 2636 1077 2679 nam
1123 2609 1274 2706 quis
1318 2637 1441 2680 nos
1484 2632 1671 2680 tanto
1709 2636 1916 2707 opere
1957 2609 2301 2696 laudaret,
2339 2629 2563 2706 pater,
2600 2607 2655 2676 si
2688 2606 2820 2677 hoc

734 2722 956 2792 amico
971 2723 1484 2819 praestaremus?
1501 2725 1645 2795 haec
1660 2744 1761 2795 est
1775 2723 2186 2795 celebranda
2196 2723 2407 2793 virtus
2423 2752 2440 2808 3
2456 2720 2600 2792 haec
2618 2718 2821 2791 amici

736 2838 1173 2936 suspicienda
1207 2839 1620 2927 moderatio,
1653 2840 1924 2909 vincere
1962 2839 2165 2926 iram,
2204 2859 2271 2907 et
2304 2837 2478 2907 inter
2506 2834 2820 2905 simulta—

738 2974 832 3023 tes
864 2981 1141 3051 quoque
1173 2954 1569 3024 meminisse
1605 2953 1934 3025 hominis,
1969 2955 2061 3023 Ut
2095 2951 2306 3022 Fabio
2341 2949 2650 3019 Maximo
2681 2946 2822 3016 im-

740 3072 1105 3140 mortalem
1145 3070 1367 3141 attulit
1400 3070 1679 3140 laudem
1719 3091 1991 3166 ereptus
2036 3096 2114 3140 ex
2156 3066 2456 3139 hostium
2495 3062 2825 3135 manibus

741 3186 1063 3256 inimicus
1083 3200 1139 3273 2;
1165 3208 1240 3256 ιιι
1258 3185 1620 3257 Tiberium
1645 3186 2046 3256 Gracchum
2076 3185 2415 3259 admirata
2439 3179 2668 3252 civitas
2692 3200 2789 3251 est
2807 3235 2825 3268 ,

739 3303 1059 3398 Scipione
1095 3302 1166 3372 in
1195 3329 1536 3372 carcerem
1564 3303 1727 3372 duci
1759 3301 2143 3399 prohibito;
2181 3322 2246 3372 te
2274 3325 2553 3398 quoque
2590 3296 2830 3368 similis

740 3416 954 3487 animi
990 3418 1395 3515 magnitudo
1427 3419 1776 3489 memoriae
1803 3420 2030 3490 dabit:
2065 3418 2198 3490 tuis
2229 3418 2419 3488 enim
2447 3414 2703 3513 opibus
2731 3413 2832 3484 vi-

741 3533 834 3603 vit
864 3533 1213 3603 inimicus.
1253 3534 1616 3630 Quidquid
1651 3556 1750 3604 est
1785 3535 1995 3625 illud,
2043 3534 2231 3632 quod
2266 3557 2473 3603 senex
2512 3531 2711 3627 inops
2756 3555 2832 3599 ex

744 3669 973 3717 nostra
1002 3646 1212 3717 domo
1240 3647 1513 3744 accipit,
1543 3649 1599 3718 si
1629 3675 1772 3719 non
1805 3648 2137 3737 irasceriS,
2170 3669 2246 3719 tu
2275 3644 2678 3744 praestitisti3
2709 3640 2834 3714 tibi

823 3859 865 3891 1.
898 3841 963 3892 In
988 3841 1151 3891 imum
1171 3860 1374 3893 summa
1393 3842 1654 3895 decidunt.
1677 3844 1751 3893 Ex
1833 3843 2087 3895 inimicus.
2111 3844 2250 3909 Quia
2274 3858 2394 3890 mox
2420 3838 2726 3907 Scipionem
2750 3851 2839 3905 ap·

746 3923 952 3974 Horam
972 3921 1062 3972 lib·
1089 3925 1137 3986 ι’
1167 3923 1266 3975 Od·
1301 3923 1364 3989 34
1388 3946 1399 3973 =
1430 3948 1451 3971 κ
1473 3925 1626 3976 Valet
1649 3927 1752 3975 ima
1833 3925 2027 3996 pellat,
2052 3922 2285 3976 Gracchi
2307 3922 2610 3983 inimicum,
2629 3913 2837 3967 videtur

754 4024 775 4048 ⁸¹
796 4006 1011 4055 summis
1037 4005 1270 4069 Mutare,
1301 4018 1352 4056 et
1386 4007 1593 4075 insigne
1613 4017 1752 4055 atte-
1833 4019 1884 4057 et
1913 4002 2000 4054 hie
2031 4021 2226 4054 nomen
2247 4001 2489 4072 posuisse
2513 4018 2526 4048 ι
2551 4005 2757 4065 ereptum
2774 4010 2837 4043 ex

754 4102 776 4126 ⁸¹
797 4093 927 4133 uua!
964 4083 1106 4134 Deus
1151 4081 1391 4135 Obscura
1428 4100 1699 4154 promens.
1723 4104 1746 4129 ν
1836 4085 2057 4137 hostium
2089 4083 2332 4135 manibus
2355 4079 2640 4131 Minucius.
2664 4075 2834 4125 Giton.

749 4163 869 4215 Vid·
896 4163 964 4215 ad
987 4164 1208 4217 dedam·
1236 4169 1291 4231 l,
1315 4165 1365 4216 6-
1831 4159 2384 4234 RecepitMinuciusin
2399 4170 2594 4210 textum
2604 4148 2842 4204 Obrech-

825 4262 872 4297 2.
902 4245 1123 4317 Ereptus
1158 4264 1220 4299 ex
1257 4245 1480 4299 hostium
1518 4243 1756 4297 manibus
1833 4256 1939 4293 tus.
1959 4240 2182 4295 -Duei
2193 4277 2210 4304 ‚
2229 4256 2336 4292 non
2352 4239 2471 4304 diu,
2486 4248 2545 4287 nt
2559 4237 2710 4287 Voss.
2732 4247 2840 4283 sec.
