<?xml version="1.0" encoding="UTF-8"?>
<!DOCTYPE html PUBLIC "-//W3C//DTD XHTML 1.0 Transitional//EN"
    "http://www.w3.org/TR/xhtml1/DTD/xhtml1-transitional.dtd">
<html xmlns="http://www.w3.org/1999/xhtml" xml:lang="en" lang="en">
 <head>
  <title>
</title>
<meta http-equiv="Content-Type" content="text/html;charset=utf-8" />
  <meta name='ocr-system' content='tesseract 3.04.00' />
  <meta name='ocr-capabilities' content='ocr_page ocr_carea ocr_par ocr_line ocrx_word'/>
</head>
<body>
  <div class='ocr_page' id='page_1' title='image "./deinstitutioneo01flacgoog_0087.png"; bbox 0 0 3200 5117; ppageno 0'>
   <div class='ocr_carea' id='block_1_1' title="bbox 706 513 2416 605">
    <p class='ocr_par' dir='ltr' id='par_1_1' title="bbox 706 513 2416 605">
     <span class='ocr_line' id='line_1_1' title="bbox 706 513 2416 605; baseline 0.004 -23"><span class='ocrx_word' id='word_1_1' title='bbox 706 513 1338 584; x_wconf 67' lang='lat' dir='ltr'>DECLAMATIO</span> <span class='ocrx_word' id='word_1_2' title='bbox 1384 516 1480 583; x_wconf 81' lang='lat'><strong>11.</strong></span> <span class='ocrx_word' id='word_1_3' title='bbox 1528 517 1714 586; x_wconf 83' lang='lat' dir='ltr'><strong>PRO</strong></span> <span class='ocrx_word' id='word_1_4' title='bbox 1753 515 2044 588; x_wconf 76' lang='lat' dir='ltr'>CAECO.</span> <span class='ocrx_word' id='word_1_5' title='bbox 2336 523 2416 605; x_wconf 69' lang='grc'><strong>43</strong></span> 
     </span>
    </p>
   </div>
   <div class='ocr_carea' id='block_1_2' title="bbox 339 637 2454 3840">
    <p class='ocr_par' dir='ltr' id='par_1_2' title="bbox 339 637 2432 1544">
     <span class='ocr_line' id='line_1_2' title="bbox 343 637 2420 741; baseline 0.001 -29"><span class='ocrx_word' id='word_1_6' title='bbox 343 637 690 714; x_wconf 80' lang='lat' dir='ltr'><strong>redeuntis</strong></span> <span class='ocrx_word' id='word_1_7' title='bbox 704 638 858 713; x_wconf 83' lang='lat' dir='ltr'><strong>caeci</strong></span> <span class='ocrx_word' id='word_1_8' title='bbox 872 638 1030 730; x_wconf 86' lang='lat' dir='ltr'><strong>fuit,</strong></span> <span class='ocrx_word' id='word_1_9' title='bbox 1049 638 1519 739; x_wconf 83' lang='lat' dir='ltr'><strong>deprehensus</strong></span> <span class='ocrx_word' id='word_1_10' title='bbox 1526 639 1804 741; x_wconf 84' lang='lat' dir='ltr'><strong>juvenis</strong></span> <span class='ocrx_word' id='word_1_11' title='bbox 1823 663 2019 731; x_wconf 85' lang='lat' dir='ltr'><strong>esset,</strong></span> <span class='ocrx_word' id='word_1_12' title='bbox 2034 662 2420 741; x_wconf 80' lang='lat' dir='ltr'><strong>antequam</strong></span> 
     </span>
     <span class='ocr_line' id='line_1_3' title="bbox 339 750 2421 856; baseline 0.006 -35"><span class='ocrx_word' id='word_1_13' title='bbox 339 750 649 849; x_wconf 75' lang='lat' dir='ltr'><strong>gladium</strong></span> <span class='ocrx_word' id='word_1_14' title='bbox 688 753 986 825; x_wconf 83' lang='lat' dir='ltr'><strong>referret.</strong></span> <span class='ocrx_word' id='word_1_15' title='bbox 1035 754 1132 824; x_wconf 90' lang='lat' dir='ltr'><strong>Ut</strong></span> <span class='ocrx_word' id='word_1_16' title='bbox 1168 753 1430 845; x_wconf 72' lang='lat' dir='ltr'><strong>sciatis,</strong></span> <span class='ocrx_word' id='word_1_17' title='bbox 1464 753 1770 856; x_wconf 85' lang='lat' dir='ltr'><strong>judices,</strong></span> <span class='ocrx_word' id='word_1_18' title='bbox 1799 751 2170 829; x_wconf 76' lang='lat' dir='ltr'><strong>nerninem</strong></span> <span class='ocrx_word' id='word_1_19' title='bbox 2210 757 2421 834; x_wconf 67' lang='lat' dir='ltr'><strong>fuisse</strong></span> 
     </span>
     <span class='ocr_line' id='line_1_4' title="bbox 342 862 2432 970; baseline 0.003 -33"><span class='ocrx_word' id='word_1_20' title='bbox 342 866 413 937; x_wconf 90' lang='lat' dir='ltr'><strong>in</strong></span> <span class='ocrx_word' id='word_1_21' title='bbox 444 867 653 939; x_wconf 88' lang='lat' dir='ltr'><strong>domo</strong></span> <span class='ocrx_word' id='word_1_22' title='bbox 671 925 691 958; x_wconf 90' lang='lat'><strong>,</strong></span> <span class='ocrx_word' id='word_1_23' title='bbox 716 862 934 970; x_wconf 64' lang='lat' dir='ltr'><strong>quem&#39;</strong></span> <span class='ocrx_word' id='word_1_24' title='bbox 955 895 1097 942; x_wconf 90' lang='lat' dir='ltr'><strong>non</strong></span> <span class='ocrx_word' id='word_1_25' title='bbox 1124 870 1356 969; x_wconf 70' lang='lat' dir='ltr'><strong>fragor</strong></span> <span class='ocrx_word' id='word_1_26' title='bbox 1382 868 1498 942; x_wconf 90' lang='lat' dir='ltr'><strong>ille</strong></span> <span class='ocrx_word' id='word_1_27' title='bbox 1525 870 1916 943; x_wconf 88' lang='lat' dir='ltr'><strong>confuderit</strong></span> <span class='ocrx_word' id='word_1_28' title='bbox 1936 926 1955 961; x_wconf 91' lang='lat'><strong>,</strong></span> <span class='ocrx_word' id='word_1_29' title='bbox 1983 874 2220 946; x_wconf 71' lang='lat' dir='ltr'><strong>Caecus</strong></span> <span class='ocrx_word' id='word_1_30' title='bbox 2249 899 2432 970; x_wconf 23' lang='lat' dir='ltr'><strong>quo-⁸</strong></span> 
     </span>
     <span class='ocr_line' id='line_1_5' title="bbox 341 982 2422 1087; baseline 0.003 -34"><span class='ocrx_word' id='word_1_31' title='bbox 341 1008 477 1082; x_wconf 87' lang='lat' dir='ltr'><strong>que</strong></span> <span class='ocrx_word' id='word_1_32' title='bbox 518 982 836 1056; x_wconf 85' lang='lat' dir='ltr'><strong>inventus</strong></span> <span class='ocrx_word' id='word_1_33' title='bbox 876 984 950 1058; x_wconf 87' lang='lat' dir='ltr'><strong>in</strong></span> <span class='ocrx_word' id='word_1_34' title='bbox 996 984 1242 1056; x_wconf 84' lang='lat' dir='ltr'><strong>limine</strong></span> <span class='ocrx_word' id='word_1_35' title='bbox 1284 1004 1419 1076; x_wconf 88' lang='lat' dir='ltr'><strong>est,</strong></span> <span class='ocrx_word' id='word_1_36' title='bbox 1456 983 1632 1057; x_wconf 91' lang='lat' dir='ltr'><strong>sicut</strong></span> <span class='ocrx_word' id='word_1_37' title='bbox 1678 985 1853 1057; x_wconf 79' lang='lat' dir='ltr'><strong>solet</strong></span> <span class='ocrx_word' id='word_1_38' title='bbox 1892 986 2068 1060; x_wconf 87' lang='lat' dir='ltr'><strong>ultro</strong></span> <span class='ocrx_word' id='word_1_39' title='bbox 2113 987 2422 1087; x_wconf 84' lang='lat' dir='ltr'><strong>citroque</strong></span> 
     </span>
     <span class='ocr_line' id='line_1_6' title="bbox 341 1099 2423 1200; baseline 0.005 -32"><span class='ocrx_word' id='word_1_40' title='bbox 341 1124 752 1195; x_wconf 81' lang='lat' dir='ltr'><strong>commeare.</strong></span> <span class='ocrx_word' id='word_1_41' title='bbox 784 1103 825 1172; x_wconf 87' lang='lat' dir='ltr'>J</span> <span class='ocrx_word' id='word_1_42' title='bbox 833 1099 1066 1172; x_wconf 79' lang='lat' dir='ltr'><strong>uvenis</strong></span> <span class='ocrx_word' id='word_1_43' title='bbox 1082 1156 1101 1189; x_wconf 93' lang='lat'><strong>,</strong></span> <span class='ocrx_word' id='word_1_44' title='bbox 1127 1099 1181 1171; x_wconf 87' lang='lat' dir='ltr'><strong>si</strong></span> <span class='ocrx_word' id='word_1_45' title='bbox 1206 1100 1385 1174; x_wconf 85' lang='lat' dir='ltr'><strong>inter</strong></span> <span class='ocrx_word' id='word_1_46' title='bbox 1408 1126 1618 1176; x_wconf 80' lang='lat' dir='ltr'><strong>suum</strong></span> <span class='ocrx_word' id='word_1_47' title='bbox 1641 1099 1986 1200; x_wconf 79' lang='lat' dir='ltr'><strong>patrisque</strong></span> <span class='ocrx_word' id='word_1_48' title='bbox 2015 1101 2423 1178; x_wconf 74' lang='lat' dir='ltr'>cubiculum</span> 
     </span>
     <span class='ocr_line' id='line_1_7' title="bbox 342 1213 2427 1315; baseline 0.004 -31"><span class='ocrx_word' id='word_1_49' title='bbox 342 1213 536 1287; x_wconf 84' lang='lat' dir='ltr'><strong>facile</strong></span> <span class='ocrx_word' id='word_1_50' title='bbox 567 1215 917 1306; x_wconf 85' lang='lat' dir='ltr'><strong>discurrit,</strong></span> <span class='ocrx_word' id='word_1_51' title='bbox 951 1216 1122 1315; x_wconf 90' lang='lat' dir='ltr'><strong>quid</strong></span> <span class='ocrx_word' id='word_1_52' title='bbox 1149 1215 1378 1290; x_wconf 82' lang='lat' dir='ltr'><strong>adhuc</strong></span> <span class='ocrx_word' id='word_1_53' title='bbox 1414 1216 1486 1288; x_wconf 87' lang='lat' dir='ltr'><strong>in</strong></span> <span class='ocrx_word' id='word_1_54' title='bbox 1521 1216 1763 1288; x_wconf 86' lang='lat' dir='ltr'><strong>limine</strong></span> <span class='ocrx_word' id='word_1_55' title='bbox 1798 1216 2003 1290; x_wconf 76' lang='lat' dir='ltr'><strong>facit?</strong></span> <span class='ocrx_word' id='word_1_56' title='bbox 2041 1217 2288 1308; x_wconf 84' lang='lat' dir='ltr'><strong>evasit,</strong></span> <span class='ocrx_word' id='word_1_57' title='bbox 2325 1219 2427 1292; x_wconf 87' lang='lat' dir='ltr'><strong>ef-</strong></span> 
     </span>
     <span class='ocr_line' id='line_1_8' title="bbox 342 1328 2425 1431; baseline 0.002 -31"><span class='ocrx_word' id='word_1_58' title='bbox 342 1328 553 1428; x_wconf 79' lang='lat' dir='ltr'><strong>fugit,</strong></span> <span class='ocrx_word' id='word_1_59' title='bbox 596 1329 908 1426; x_wconf 72' lang='lat' dir='ltr'><strong>gladium</strong></span> <span class='ocrx_word' id='word_1_60' title='bbox 922 1330 1074 1430; x_wconf 88' lang='lat' dir='ltr'><strong>jam</strong></span> <span class='ocrx_word' id='word_1_61' title='bbox 1100 1330 1418 1429; x_wconf 81' lang='lat' dir='ltr'><strong>reposuit.</strong></span> <span class='ocrx_word' id='word_1_62' title='bbox 1450 1332 1816 1431; x_wconf 84' lang='lat' dir='ltr'><strong>thuanto</strong></span> <span class='ocrx_word' id='word_1_63' title='bbox 1840 1331 2107 1406; x_wconf 85' lang='lat' dir='ltr'><strong>facilius</strong></span> <span class='ocrx_word' id='word_1_64' title='bbox 2129 1351 2231 1405; x_wconf 86' lang='lat' dir='ltr'><strong>est</strong></span> <span class='ocrx_word' id='word_1_65' title='bbox 2243 1358 2425 1406; x_wconf 68' lang='lat' dir='ltr'><strong>eaeco</strong></span> 
     </span>
     <span class='ocr_line' id='line_1_9' title="bbox 345 1445 1917 1544; baseline 0.001 -27"><span class='ocrx_word' id='word_1_66' title='bbox 345 1445 672 1517; x_wconf 88' lang='lat' dir='ltr'><strong>simulare</strong></span> <span class='ocrx_word' id='word_1_67' title='bbox 702 1470 1017 1535; x_wconf 84' lang='lat' dir='ltr'><strong>somnos,</strong></span> <span class='ocrx_word' id='word_1_68' title='bbox 1048 1445 1319 1517; x_wconf 85' lang='lat' dir='ltr'><strong>vultum</strong></span> <span class='ocrx_word' id='word_1_69' title='bbox 1348 1445 1598 1544; x_wconf 85' lang='lat' dir='ltr'><strong>quietis</strong></span> <span class='ocrx_word' id='word_1_70' title='bbox 1621 1445 1917 1520; x_wconf 79' lang='lat' dir='ltr'><strong>imitari?</strong></span> 
     </span>
    </p>

    <p class='ocr_par' dir='ltr' id='par_1_3' title="bbox 347 1558 2454 3840">
     <span class='ocr_line' id='line_1_10' title="bbox 446 1558 2426 1661; baseline 0.001 -29"><span class='ocrx_word' id='word_1_71' title='bbox 446 1560 633 1632; x_wconf 77' lang='lat' dir='ltr'><strong>XXI.</strong></span> <span class='ocrx_word' id='word_1_72' title='bbox 660 1558 872 1649; x_wconf 88' lang='lat' dir='ltr'><strong>Quod</strong></span> <span class='ocrx_word' id='word_1_73' title='bbox 893 1586 1016 1658; x_wconf 88' lang='lat' dir='ltr'><strong>per</strong></span> <span class='ocrx_word' id='word_1_74' title='bbox 1031 1558 1243 1632; x_wconf 89' lang='lat' dir='ltr'><strong>fidem</strong></span> <span class='ocrx_word' id='word_1_75' title='bbox 1266 1560 1493 1661; x_wconf 89' lang='lat' dir='ltr'><strong>majus</strong></span> <span class='ocrx_word' id='word_1_76' title='bbox 1513 1560 1753 1638; x_wconf 76' lang='lat' dir='ltr'><strong>subitae</strong></span> <span class='ocrx_word' id='word_1_77' title='bbox 1772 1561 2197 1636; x_wconf 80' lang='lat' dir='ltr'><strong>confusionis</strong></span> <span class='ocrx_word' id='word_1_78' title='bbox 2215 1587 2426 1660; x_wconf 74' lang='lat' dir='ltr'><strong>argu-</strong></span> 
     </span>
     <span class='ocr_line' id='line_1_11' title="bbox 347 1675 2429 1776; baseline 0.002 -30"><span class='ocrx_word' id='word_1_79' title='bbox 347 1695 668 1750; x_wconf 86' lang='lat' dir='ltr'><strong>mentum</strong></span> <span class='ocrx_word' id='word_1_80' title='bbox 691 1695 820 1768; x_wconf 87' lang='lat' dir='ltr'><strong>est,</strong></span> <span class='ocrx_word' id='word_1_81' title='bbox 836 1702 1049 1774; x_wconf 88' lang='lat' dir='ltr'><strong>quam</strong></span> <span class='ocrx_word' id='word_1_82' title='bbox 1070 1675 1259 1773; x_wconf 84' lang='lat' dir='ltr'><strong>quod</strong></span> <span class='ocrx_word' id='word_1_83' title='bbox 1281 1702 1499 1749; x_wconf 82' lang='lat' dir='ltr'><strong>caecus</strong></span> <span class='ocrx_word' id='word_1_84' title='bbox 1518 1676 1813 1765; x_wconf 80' lang='lat' dir='ltr'><strong>exsiluit,</strong></span> <span class='ocrx_word' id='word_1_85' title='bbox 1834 1698 1902 1752; x_wconf 84' lang='lat' dir='ltr'><strong>et</strong></span> <span class='ocrx_word' id='word_1_86' title='bbox 1915 1676 2138 1749; x_wconf 82' lang='lat' dir='ltr'><strong>stetit?</strong></span> <span class='ocrx_word' id='word_1_87' title='bbox 2158 1677 2429 1776; x_wconf 72' lang='lat' dir='ltr'><strong>gravius</strong></span> 
     </span>
     <span class='ocr_line' id='line_1_12' title="bbox 348 1783 2429 1889; baseline 0.002 -30"><span class='ocrx_word' id='word_1_88' title='bbox 348 1814 625 1862; x_wconf 84' lang='lat' dir='ltr'><strong>necesse</strong></span> <span class='ocrx_word' id='word_1_89' title='bbox 655 1809 756 1862; x_wconf 94' lang='lat' dir='ltr'><strong>est</strong></span> <span class='ocrx_word' id='word_1_90' title='bbox 782 1811 1263 1889; x_wconf 79' lang='lat' dir='ltr'><strong>expavescant,</strong></span> <span class='ocrx_word' id='word_1_91' title='bbox 1297 1790 1552 1889; x_wconf 82' lang='lat' dir='ltr'><strong>quibus</strong></span> <span class='ocrx_word' id='word_1_92' title='bbox 1596 1789 1683 1862; x_wconf 87' lang='lat' dir='ltr'><strong>de</strong></span> <span class='ocrx_word' id='word_1_93' title='bbox 1720 1783 2088 1862; x_wconf 81' lang='lat' dir='ltr'><strong>solitudine</strong></span> <span class='ocrx_word' id='word_1_94' title='bbox 2128 1815 2253 1862; x_wconf 80' lang='lat' dir='ltr'><strong>sua</strong></span> <span class='ocrx_word' id='word_1_95' title='bbox 2283 1815 2429 1864; x_wconf 85' lang='lat' dir='ltr'><strong>non</strong></span> 
     </span>
     <span class='ocr_line' id='line_1_13' title="bbox 350 1903 2438 2004; baseline 0.003 -31"><span class='ocrx_word' id='word_1_96' title='bbox 350 1903 761 1978; x_wconf 79' lang='lat' dir='ltr'><strong>renunciant</strong></span> <span class='ocrx_word' id='word_1_97' title='bbox 780 1905 996 1978; x_wconf 87' lang='lat' dir='ltr'><strong>oculi:</strong></span> <span class='ocrx_word' id='word_1_98' title='bbox 1022 1926 1090 1978; x_wconf 86' lang='lat' dir='ltr'><strong>et</strong></span> <span class='ocrx_word' id='word_1_99' title='bbox 1112 1932 1415 2004; x_wconf 88' lang='lat' dir='ltr'><strong>quorum</strong></span> <span class='ocrx_word' id='word_1_100' title='bbox 1440 1905 1805 1982; x_wconf 74' lang='lat' dir='ltr'><strong>conclusus</strong></span> <span class='ocrx_word' id='word_1_101' title='bbox 1832 1906 2109 1978; x_wconf 82' lang='lat' dir='ltr'><strong>animus</strong></span> <span class='ocrx_word' id='word_1_102' title='bbox 2133 1931 2277 1980; x_wconf 81' lang='lat' dir='ltr'><strong>non</strong></span> <span class='ocrx_word' id='word_1_103' title='bbox 2300 1905 2438 1980; x_wconf 81' lang='lat' dir='ltr'><strong>exit</strong></span> 
     </span>
     <span class='ocr_line' id='line_1_14' title="bbox 354 2017 2435 2122; baseline 0.001 -30"><span class='ocrx_word' id='word_1_104' title='bbox 354 2017 425 2092; x_wconf 88' lang='lat' dir='ltr'><strong>in</strong></span> <span class='ocrx_word' id='word_1_105' title='bbox 454 2019 672 2114; x_wconf 83' lang='lat' dir='ltr'><strong>visus,</strong></span> <span class='ocrx_word' id='word_1_106' title='bbox 701 2048 845 2094; x_wconf 86' lang='lat' dir='ltr'><strong>non</strong></span> <span class='ocrx_word' id='word_1_107' title='bbox 875 2021 1084 2095; x_wconf 83' lang='lat' dir='ltr'><strong>hahet</strong></span> <span class='ocrx_word' id='word_1_108' title='bbox 1110 2022 1300 2096; x_wconf 78' lang='lat' dir='ltr'><strong>unde</strong></span> <span class='ocrx_word' id='word_1_109' title='bbox 1325 2023 1555 2096; x_wconf 88' lang='lat' dir='ltr'><strong>timori</strong></span> <span class='ocrx_word' id='word_1_110' title='bbox 1583 2049 1711 2095; x_wconf 82' lang='lat' dir='ltr'><strong>suo</strong></span> <span class='ocrx_word' id='word_1_111' title='bbox 1734 2049 1859 2122; x_wconf 81' lang='lat' dir='ltr'><strong>par</strong></span> <span class='ocrx_word' id='word_1_112' title='bbox 1882 2022 1990 2094; x_wconf 86' lang='lat' dir='ltr'><strong>sit.</strong></span> <span class='ocrx_word' id='word_1_113' title='bbox 2025 2020 2435 2119; x_wconf 75' lang='lat' dir='ltr'><strong>Deprehen-</strong></span> 
     </span>
     <span class='ocr_line' id='line_1_15' title="bbox 354 2136 2429 2245; baseline -0 -38"><span class='ocrx_word' id='word_1_114' title='bbox 354 2162 471 2222; x_wconf 77' lang='lat' dir='ltr'><strong>sus</strong></span> <span class='ocrx_word' id='word_1_115' title='bbox 502 2156 601 2209; x_wconf 85' lang='lat' dir='ltr'><strong>est</strong></span> <span class='ocrx_word' id='word_1_116' title='bbox 627 2137 903 2238; x_wconf 79' lang='lat' dir='ltr'><strong>juvenis</strong></span> <span class='ocrx_word' id='word_1_117' title='bbox 925 2195 961 2245; x_wconf 26' lang='grc' dir='ltr'><strong>,ὓ</strong></span> <span class='ocrx_word' id='word_1_118' title='bbox 982 2138 1102 2209; x_wconf 90' lang='lat' dir='ltr'><strong>ubi</strong></span> <span class='ocrx_word' id='word_1_119' title='bbox 1134 2138 1335 2214; x_wconf 86' lang='lat' dir='ltr'><strong>illum</strong></span> <span class='ocrx_word' id='word_1_120' title='bbox 1365 2139 1764 2214; x_wconf 67' lang='lat' dir='ltr'><strong>destituerat</strong></span> <span class='ocrx_word' id='word_1_121' title='bbox 1791 2137 2094 2237; x_wconf 84' lang='lat' dir='ltr'><strong>impetus</strong></span> <span class='ocrx_word' id='word_1_122' title='bbox 2130 2136 2429 2212; x_wconf 81' lang='lat' dir='ltr'><strong>timoris:</strong></span> 
     </span>
     <span class='ocr_line' id='line_1_16' title="bbox 356 2250 2436 2351; baseline 0.002 -31"><span class='ocrx_word' id='word_1_123' title='bbox 356 2269 576 2350; x_wconf 86' lang='lat' dir='ltr'><strong>potest</strong></span> <span class='ocrx_word' id='word_1_124' title='bbox 595 2250 945 2351; x_wconf 74' lang='lat' dir='ltr'><strong>negligere</strong></span> <span class='ocrx_word' id='word_1_125' title='bbox 979 2253 1238 2325; x_wconf 83' lang='lat' dir='ltr'><strong>caecitas</strong></span> <span class='ocrx_word' id='word_1_126' title='bbox 1271 2253 1344 2325; x_wconf 91' lang='lat' dir='ltr'><strong>in</strong></span> <span class='ocrx_word' id='word_1_127' title='bbox 1372 2252 1699 2326; x_wconf 79' lang='lat' dir='ltr'><strong>eubiculo</strong></span> <span class='ocrx_word' id='word_1_128' title='bbox 1727 2278 1856 2326; x_wconf 81' lang='lat' dir='ltr'><strong>suo</strong></span> <span class='ocrx_word' id='word_1_129' title='bbox 1883 2253 2170 2340; x_wconf 83' lang='lat' dir='ltr'><strong>ducem,</strong></span> <span class='ocrx_word' id='word_1_130' title='bbox 2197 2251 2266 2322; x_wconf 90' lang='lat' dir='ltr'><strong>in</strong></span> <span class='ocrx_word' id='word_1_131' title='bbox 2294 2276 2436 2350; x_wconf 83' lang='lat' dir='ltr'><strong>quo</strong></span> 
     </span>
     <span class='ocr_line' id='line_1_17' title="bbox 356 2359 2439 2463; baseline 0.001 -31"><span class='ocrx_word' id='word_1_132' title='bbox 356 2359 506 2435; x_wconf 89' lang='lat' dir='ltr'><strong>dies</strong></span> <span class='ocrx_word' id='word_1_133' title='bbox 533 2389 777 2438; x_wconf 85' lang='lat' dir='ltr'><strong>omnes</strong></span> <span class='ocrx_word' id='word_1_134' title='bbox 811 2385 1225 2463; x_wconf 82' lang='lat' dir='ltr'><strong>cunctasque</strong></span> <span class='ocrx_word' id='word_1_135' title='bbox 1258 2386 1491 2462; x_wconf 83' lang='lat' dir='ltr'><strong>noctes</strong></span> <span class='ocrx_word' id='word_1_136' title='bbox 1516 2365 1664 2463; x_wconf 73' lang='lat' dir='ltr'><strong>agit</strong></span> <span class='ocrx_word' id='word_1_137' title='bbox 1687 2365 1838 2455; x_wconf 75' lang='lat' dir='ltr'><strong>iter,</strong></span> <span class='ocrx_word' id='word_1_138' title='bbox 1861 2363 2050 2463; x_wconf 81' lang='lat' dir='ltr'><strong>quod</strong></span> <span class='ocrx_word' id='word_1_139' title='bbox 2071 2362 2224 2463; x_wconf 80' lang='lat' dir='ltr'><strong>jam</strong></span> <span class='ocrx_word' id='word_1_140' title='bbox 2253 2362 2439 2434; x_wconf 76' lang='lat' dir='ltr'><strong>rnul-</strong></span> 
     </span>
     <span class='ocr_line' id='line_1_18' title="bbox 358 2475 2440 2568; baseline 0.001 -20"><span class='ocrx_word' id='word_1_141' title='bbox 358 2475 449 2548; x_wconf 88' lang='lat' dir='ltr'><strong>tis</strong></span> <span class='ocrx_word' id='word_1_142' title='bbox 478 2477 795 2568; x_wconf 86' lang='lat' dir='ltr'><strong>offensis,</strong></span> <span class='ocrx_word' id='word_1_143' title='bbox 816 2480 1052 2552; x_wconf 86' lang='lat' dir='ltr'><strong>multis</strong></span> <span class='ocrx_word' id='word_1_144' title='bbox 1082 2480 1362 2552; x_wconf 89' lang='lat' dir='ltr'><strong>edidicit</strong></span> <span class='ocrx_word' id='word_1_145' title='bbox 1387 2481 1763 2554; x_wconf 87' lang='lat' dir='ltr'><strong>erroribus:</strong></span> <span class='ocrx_word' id='word_1_146' title='bbox 1793 2500 1976 2552; x_wconf 86' lang='lat' dir='ltr'><strong>extra</strong></span> <span class='ocrx_word' id='word_1_147' title='bbox 1998 2479 2216 2550; x_wconf 87' lang='lat' dir='ltr'><strong>limen</strong></span> <span class='ocrx_word' id='word_1_148' title='bbox 2246 2477 2440 2550; x_wconf 78' lang='lat' dir='ltr'><strong>caeci-</strong></span> 
     </span>
     <span class='ocr_line' id='line_1_19' title="bbox 357 2592 2441 2684; baseline 0.001 -21"><span class='ocrx_word' id='word_1_149' title='bbox 357 2613 460 2664; x_wconf 86' lang='lat' dir='ltr'><strong>tas</strong></span> <span class='ocrx_word' id='word_1_150' title='bbox 494 2613 628 2682; x_wconf 83' lang='lat' dir='ltr'><strong>est3</strong></span> <span class='ocrx_word' id='word_1_151' title='bbox 659 2593 823 2666; x_wconf 86' lang='lat' dir='ltr'><strong>inde</strong></span> <span class='ocrx_word' id='word_1_152' title='bbox 853 2621 1071 2684; x_wconf 85' lang='lat' dir='ltr'><strong>error,</strong></span> <span class='ocrx_word' id='word_1_153' title='bbox 1106 2595 1267 2667; x_wconf 90' lang='lat' dir='ltr'><strong>inde</strong></span> <span class='ocrx_word' id='word_1_154' title='bbox 1300 2593 1621 2668; x_wconf 82' lang='lat' dir='ltr'><strong>tenebrae.</strong></span> <span class='ocrx_word' id='word_1_155' title='bbox 1652 2594 1844 2667; x_wconf 77' lang='lat' dir='ltr'><strong>Nihil</strong></span> <span class='ocrx_word' id='word_1_156' title='bbox 1873 2615 1979 2670; x_wconf 81' lang='lat' dir='ltr'><strong>est</strong></span> <span class='ocrx_word' id='word_1_157' title='bbox 2008 2592 2441 2666; x_wconf 82' lang='lat' dir='ltr'><strong>innocentius</strong></span> 
     </span>
     <span class='ocr_line' id='line_1_20' title="bbox 361 2707 2442 2811; baseline -0 -31"><span class='ocrx_word' id='word_1_158' title='bbox 361 2735 540 2784; x_wconf 82' lang='lat' dir='ltr'><strong>caeco</strong></span> <span class='ocrx_word' id='word_1_159' title='bbox 558 2765 578 2798; x_wconf 96' lang='lat'><strong>,</strong></span> <span class='ocrx_word' id='word_1_160' title='bbox 606 2710 728 2808; x_wconf 84' lang='lat' dir='ltr'><strong>qui</strong></span> <span class='ocrx_word' id='word_1_161' title='bbox 761 2737 889 2782; x_wconf 89' lang='lat' dir='ltr'><strong>nec</strong></span> <span class='ocrx_word' id='word_1_162' title='bbox 927 2711 998 2783; x_wconf 92' lang='lat' dir='ltr'><strong>in</strong></span> <span class='ocrx_word' id='word_1_163' title='bbox 1027 2710 1279 2784; x_wconf 88' lang='lat' dir='ltr'><strong>scelere</strong></span> <span class='ocrx_word' id='word_1_164' title='bbox 1307 2711 1777 2811; x_wconf 83' lang='lat' dir='ltr'><strong>deprehensus</strong></span> <span class='ocrx_word' id='word_1_165' title='bbox 1806 2731 1933 2801; x_wconf 87' lang='lat' dir='ltr'><strong>est,</strong></span> <span class='ocrx_word' id='word_1_166' title='bbox 1977 2737 2106 2782; x_wconf 85' lang='lat' dir='ltr'><strong>nec</strong></span> <span class='ocrx_word' id='word_1_167' title='bbox 2134 2709 2208 2780; x_wconf 90' lang='lat' dir='ltr'><strong>in</strong></span> <span class='ocrx_word' id='word_1_168' title='bbox 2235 2707 2442 2780; x_wconf 80' lang='lat' dir='ltr'><strong>dissi-</strong></span> 
     </span>
     <span class='ocr_line' id='line_1_21' title="bbox 363 2824 2439 2926; baseline 0.001 -32"><span class='ocrx_word' id='word_1_169' title='bbox 363 2824 788 2897; x_wconf 88' lang='lat' dir='ltr'><strong>mulatione:</strong></span> <span class='ocrx_word' id='word_1_170' title='bbox 832 2826 1214 2924; x_wconf 85' lang='lat' dir='ltr'><strong>proclamat</strong></span> <span class='ocrx_word' id='word_1_171' title='bbox 1246 2825 1378 2898; x_wconf 86' lang='lat' dir='ltr'><strong>hoc</strong></span> <span class='ocrx_word' id='word_1_172' title='bbox 1423 2825 1573 2899; x_wconf 88' lang='lat' dir='ltr'><strong>loco</strong></span> <span class='ocrx_word' id='word_1_173' title='bbox 1612 2825 1910 2926; x_wconf 77' lang='lat' dir='ltr'><strong>juvenis.</strong></span> <span class='ocrx_word' id='word_1_174' title='bbox 1953 2828 2048 2897; x_wconf 88' lang='lat' dir='ltr'><strong>Ut</strong></span> <span class='ocrx_word' id='word_1_175' title='bbox 2088 2824 2439 2922; x_wconf 85' lang='lat' dir='ltr'><strong>primum,</strong></span> 
     </span>
     <span class='ocr_line' id='line_1_22' title="bbox 363 2936 2445 3039; baseline -0.002 -31"><span class='ocrx_word' id='word_1_176' title='bbox 363 2936 632 3037; x_wconf 88' lang='lat' dir='ltr'><strong>inquit,</strong></span> <span class='ocrx_word' id='word_1_177' title='bbox 662 2938 763 3012; x_wconf 89' lang='lat' dir='ltr'><strong>mi</strong></span> <span class='ocrx_word' id='word_1_178' title='bbox 792 2961 1008 3038; x_wconf 88' lang='lat' dir='ltr'><strong>pater,</strong></span> <span class='ocrx_word' id='word_1_179' title='bbox 1033 2940 1263 3039; x_wconf 77' lang='lat' dir='ltr'><strong>fragor</strong></span> <span class='ocrx_word' id='word_1_180' title='bbox 1284 2967 1403 3014; x_wconf 84' lang='lat' dir='ltr'><strong>me</strong></span> <span class='ocrx_word' id='word_1_181' title='bbox 1432 2940 1684 3016; x_wconf 76' lang='lat' dir='ltr'><strong>domus</strong></span> <span class='ocrx_word' id='word_1_182' title='bbox 1702 2995 1723 3029; x_wconf 90' lang='lat'><strong>,</strong></span> <span class='ocrx_word' id='word_1_183' title='bbox 1755 2961 1824 3012; x_wconf 91' lang='lat' dir='ltr'><strong>et</strong></span> <span class='ocrx_word' id='word_1_184' title='bbox 1847 2938 2037 3014; x_wconf 79' lang='lat' dir='ltr'><strong>velut</strong></span> <span class='ocrx_word' id='word_1_185' title='bbox 2065 2937 2165 3011; x_wconf 89' lang='lat' dir='ltr'><strong>tui</strong></span> <span class='ocrx_word' id='word_1_186' title='bbox 2200 2939 2445 3010; x_wconf 59' lang='lat' dir='ltr'><strong>confu-</strong></span> 
     </span>
     <span class='ocr_line' id='line_1_23' title="bbox 364 3051 2440 3152; baseline -0 -30"><span class='ocrx_word' id='word_1_187' title='bbox 364 3051 525 3125; x_wconf 84' lang='lat' dir='ltr'><strong>dere</strong></span> <span class='ocrx_word' id='word_1_188' title='bbox 578 3053 916 3151; x_wconf 77' lang='lat' dir='ltr'><strong>gemitus,</strong></span> <span class='ocrx_word' id='word_1_189' title='bbox 959 3056 1211 3130; x_wconf 86' lang='lat' dir='ltr'><strong>iterum</strong></span> <span class='ocrx_word' id='word_1_190' title='bbox 1257 3077 1591 3152; x_wconf 85' lang='lat' dir='ltr'><strong>tanquam</strong></span> <span class='ocrx_word' id='word_1_191' title='bbox 1637 3076 1702 3128; x_wconf 89' lang='lat' dir='ltr'><strong>te</strong></span> <span class='ocrx_word' id='word_1_192' title='bbox 1753 3075 2069 3152; x_wconf 76' lang='lat' dir='ltr'><strong>rapturus</strong></span> <span class='ocrx_word' id='word_1_193' title='bbox 2114 3051 2440 3126; x_wconf 84' lang='lat' dir='ltr'><strong>¹exsilui·</strong></span> 
     </span>
     <span class='ocr_line' id='line_1_24' title="bbox 364 3166 2446 3266; baseline 0.002 -29"><span class='ocrx_word' id='word_1_194' title='bbox 364 3187 538 3240; x_wconf 88' lang='lat' dir='ltr'><strong>tunc</strong></span> <span class='ocrx_word' id='word_1_195' title='bbox 568 3167 875 3266; x_wconf 87' lang='lat' dir='ltr'><strong>primum</strong></span> <span class='ocrx_word' id='word_1_196' title='bbox 902 3170 1108 3242; x_wconf 88' lang='lat' dir='ltr'><strong>miser</strong></span> <span class='ocrx_word' id='word_1_197' title='bbox 1130 3171 1309 3242; x_wconf 88' lang='lat' dir='ltr'><strong>sensi</strong></span> <span class='ocrx_word' id='word_1_198' title='bbox 1330 3171 1614 3248; x_wconf 79' lang='lat' dir='ltr'><strong>facinus</strong></span> <span class='ocrx_word' id='word_1_199' title='bbox 1623 3169 1968 3243; x_wconf 72' lang='lat' dir='ltr'><strong>caecitatis:</strong></span> <span class='ocrx_word' id='word_1_200' title='bbox 2001 3167 2188 3256; x_wconf 84' lang='lat' dir='ltr'><strong>steti,</strong></span> <span class='ocrx_word' id='word_1_201' title='bbox 2223 3166 2446 3242; x_wconf 79' lang='lat' dir='ltr'><strong>donec</strong></span> 
     </span>
     <span class='ocr_line' id='line_1_25' title="bbox 367 3280 2446 3375; baseline 0.001 -23"><span class='ocrx_word' id='word_1_202' title='bbox 367 3280 546 3352; x_wconf 86' lang='lat' dir='ltr'><strong>mihi</strong></span> <span class='ocrx_word' id='word_1_203' title='bbox 599 3284 1098 3358; x_wconf 81' lang='lat' dir='ltr'><strong>renunciareris</strong></span> <span class='ocrx_word' id='word_1_204' title='bbox 1150 3287 1414 3358; x_wconf 87' lang='lat' dir='ltr'><strong>occisus</strong></span> <span class='ocrx_word' id='word_1_205' title='bbox 1434 3341 1455 3375; x_wconf 91' lang='lat'><strong>,</strong></span> <span class='ocrx_word' id='word_1_206' title='bbox 1506 3306 1575 3359; x_wconf 90' lang='lat' dir='ltr'><strong>et</strong></span> <span class='ocrx_word' id='word_1_207' title='bbox 1613 3285 1694 3358; x_wconf 86' lang='lat' dir='ltr'><strong>in</strong></span> <span class='ocrx_word' id='word_1_208' title='bbox 1741 3285 1862 3357; x_wconf 84' lang='lat' dir='ltr'><strong>illa</strong></span> <span class='ocrx_word' id='word_1_209' title='bbox 1909 3283 2446 3357; x_wconf 80' lang='lat' dir='ltr'><strong>discurrentium</strong></span> 
     </span>
     <span class='ocr_line' id='line_1_26' title="bbox 365 3395 2447 3496; baseline 0.001 -30"><span class='ocrx_word' id='word_1_210' title='bbox 365 3395 824 3496; x_wconf 81' lang='lat' dir='ltr'><strong>trepidatione</strong></span> <span class='ocrx_word' id='word_1_211' title='bbox 869 3397 1062 3472; x_wconf 87' lang='lat' dir='ltr'><strong>tenui</strong></span> <span class='ocrx_word' id='word_1_212' title='bbox 1110 3399 1318 3472; x_wconf 84' lang='lat' dir='ltr'><strong>miser</strong></span> <span class='ocrx_word' id='word_1_213' title='bbox 1364 3400 1584 3476; x_wconf 87' lang='lat' dir='ltr'><strong>otium</strong></span> <span class='ocrx_word' id='word_1_214' title='bbox 1633 3399 1919 3474; x_wconf 79' lang='lat' dir='ltr'><strong>timoris.</strong></span> <span class='ocrx_word' id='word_1_215' title='bbox 1970 3399 2038 3470; x_wconf 90' lang='grc' dir='ltr'><strong>Ο</strong></span> <span class='ocrx_word' id='word_1_216' title='bbox 2081 3398 2136 3469; x_wconf 92' lang='lat' dir='ltr'><strong>si</strong></span> <span class='ocrx_word' id='word_1_217' title='bbox 2177 3422 2447 3476; x_wconf 77' lang='lat' dir='ltr'><strong>numen</strong></span> 
     </span>
     <span class='ocr_line' id='line_1_27' title="bbox 368 3510 2447 3612; baseline -0 -29"><span class='ocrx_word' id='word_1_218' title='bbox 368 3511 654 3612; x_wconf 83' lang='lat' dir='ltr'><strong>aliquod</strong></span> <span class='ocrx_word' id='word_1_219' title='bbox 703 3512 1051 3611; x_wconf 83' lang='lat' dir='ltr'><strong>paulisper</strong></span> <span class='ocrx_word' id='word_1_220' title='bbox 1098 3513 1689 3588; x_wconf 77' lang='lat' dir='ltr'><strong>accommodasset</strong></span> <span class='ocrx_word' id='word_1_221' title='bbox 1736 3514 2004 3602; x_wconf 75' lang='lat' dir='ltr'><strong>oculos,</strong></span> <span class='ocrx_word' id='word_1_222' title='bbox 2053 3511 2322 3610; x_wconf 86' lang='lat' dir='ltr'><strong>primus</strong></span> <span class='ocrx_word' id='word_1_223' title='bbox 2371 3510 2447 3590; x_wconf 66' lang='lat' dir='ltr'><strong>in</strong></span> 
     </span>
     <span class='ocr_line' id='line_1_28' title="bbox 368 3624 2454 3727; baseline 0 -30"><span class='ocrx_word' id='word_1_224' title='bbox 368 3624 777 3700; x_wconf 82' lang='lat' dir='ltr'><strong>cubiculum</strong></span> <span class='ocrx_word' id='word_1_225' title='bbox 802 3625 1161 3699; x_wconf 84' lang='lat' dir='ltr'><strong>intrassem</strong></span> <span class='ocrx_word' id='word_1_226' title='bbox 1187 3628 1427 3727; x_wconf 88' lang='lat' dir='ltr'><strong>patris,</strong></span> <span class='ocrx_word' id='word_1_227' title='bbox 1454 3627 1866 3702; x_wconf 82' lang='lat' dir='ltr'><strong>invenissem</strong></span> <span class='ocrx_word' id='word_1_228' title='bbox 1896 3625 2195 3720; x_wconf 84' lang='lat' dir='ltr'><strong>fortassis</strong></span> <span class='ocrx_word' id='word_1_229' title='bbox 2222 3624 2454 3697; x_wconf 83' lang='lat' dir='ltr'><strong>adhue</strong></span> 
     </span>
     <span class='ocr_line' id='line_1_29' title="bbox 369 3738 2446 3840; baseline -0 -30"><span class='ocrx_word' id='word_1_230' title='bbox 369 3739 611 3836; x_wconf 87' lang='lat' dir='ltr'><strong>aliqua</strong></span> <span class='ocrx_word' id='word_1_231' title='bbox 636 3738 843 3810; x_wconf 86' lang='lat' dir='ltr'><strong>verba</strong></span> <span class='ocrx_word' id='word_1_232' title='bbox 862 3740 1260 3832; x_wconf 69' lang='lat' dir='ltr'><strong>morientis,</strong></span> <span class='ocrx_word' id='word_1_233' title='bbox 1286 3741 1478 3840; x_wconf 86' lang='lat' dir='ltr'><strong>loqui</strong></span> <span class='ocrx_word' id='word_1_234' title='bbox 1500 3763 1578 3816; x_wconf 74' lang='lat' dir='ltr'><strong>et</strong></span> <span class='ocrx_word' id='word_1_235' title='bbox 1609 3741 2021 3839; x_wconf 73' lang='lat' dir='ltr'><strong>interrogare</strong></span> <span class='ocrx_word' id='word_1_236' title='bbox 2048 3738 2446 3840; x_wconf 82' lang='lat' dir='ltr'><strong>potuissem.</strong></span> 
     </span>
    </p>
   </div>
   <div class='ocr_carea' id='block_1_3' title="bbox 362 3953 2490 4267">
    <p class='ocr_par' dir='ltr' id='par_1_4' title="bbox 362 3953 2490 4267">
     <span class='ocr_line' id='line_1_30' title="bbox 452 3953 2455 4032; baseline -0.001 -21"><span class='ocrx_word' id='word_1_237' title='bbox 452 3976 475 4011; x_wconf 75' lang='grc' dir='ltr'><strong>ι</strong></span> <span class='ocrx_word' id='word_1_238' title='bbox 489 3996 504 4009; x_wconf 92' lang='grc'><strong>.</strong></span> <span class='ocrx_word' id='word_1_239' title='bbox 536 3960 792 4030; x_wconf 67' lang='lat' dir='ltr'><strong>nupturus</strong></span> <span class='ocrx_word' id='word_1_240' title='bbox 819 3958 1022 4013; x_wconf 75' lang='lat' dir='ltr'><strong>exsilui.</strong></span> <span class='ocrx_word' id='word_1_241' title='bbox 1057 3962 1154 4013; x_wconf 81' lang='lat' dir='ltr'><strong>Hic</strong></span> <span class='ocrx_word' id='word_1_242' title='bbox 1184 3960 1378 4014; x_wconf 83' lang='lat' dir='ltr'><strong>Noster</strong></span> <span class='ocrx_word' id='word_1_243' title='bbox 1456 3977 1563 4032; x_wconf 87' lang='lat' dir='ltr'><strong>quo</strong></span> <span class='ocrx_word' id='word_1_244' title='bbox 1580 3960 1789 4029; x_wconf 76' lang='lat' dir='ltr'><strong>juvenis</strong></span> <span class='ocrx_word' id='word_1_245' title='bbox 1811 3959 2105 4031; x_wconf 78' lang='lat' dir='ltr'><strong>periturum</strong></span> <span class='ocrx_word' id='word_1_246' title='bbox 2128 3975 2158 4008; x_wconf 84' lang='lat' dir='ltr'><strong>e</strong></span> <span class='ocrx_word' id='word_1_247' title='bbox 2180 3953 2355 4007; x_wconf 84' lang='lat' dir='ltr'><strong>medio</strong></span> <span class='ocrx_word' id='word_1_248' title='bbox 2374 3956 2455 4008; x_wconf 87' lang='lat' dir='ltr'><strong>in·</strong></span> 
     </span>
     <span class='ocr_line' id='line_1_31' title="bbox 377 4038 2490 4112; baseline -0.002 -19"><span class='ocrx_word' id='word_1_249' title='bbox 377 4043 655 4112; x_wconf 75' lang='lat' dir='ltr'><strong>ingeniose</strong></span> <span class='ocrx_word' id='word_1_250' title='bbox 700 4041 767 4093; x_wconf 89' lang='lat' dir='ltr'><strong>ad</strong></span> <span class='ocrx_word' id='word_1_251' title='bbox 813 4045 1115 4094; x_wconf 86' lang='lat' dir='ltr'><strong>memoriam</strong></span> <span class='ocrx_word' id='word_1_252' title='bbox 1165 4056 1377 4096; x_wconf 81' lang='lat' dir='ltr'><strong>revocat</strong></span> <span class='ocrx_word' id='word_1_253' title='bbox 1455 4038 1644 4093; x_wconf 86' lang='lat' dir='ltr'><strong>cendio</strong></span> <span class='ocrx_word' id='word_1_254' title='bbox 1669 4054 1939 4111; x_wconf 77' lang='lat' dir='ltr'><strong>parentem</strong></span> <span class='ocrx_word' id='word_1_255' title='bbox 1963 4040 2171 4111; x_wconf 86' lang='lat' dir='ltr'><strong>rapuit,</strong></span> <span class='ocrx_word' id='word_1_256' title='bbox 2204 4056 2267 4091; x_wconf 84' lang='lat' dir='ltr'><strong>ea</strong></span> <span class='ocrx_word' id='word_1_257' title='bbox 2291 4052 2453 4090; x_wconf 86' lang='lat' dir='ltr'><strong>teme·-</strong></span> <span class='ocrx_word' id='word_1_258' title='bbox 2486 4095 2490 4100; x_wconf 37' lang='grc'>,</span> 
     </span>
     <span class='ocr_line' id='line_1_32' title="bbox 376 4116 2455 4193; baseline -0.003 -20"><span class='ocrx_word' id='word_1_259' title='bbox 376 4121 688 4193; x_wconf 70' lang='lat' dir='ltr'><strong>praeclarum</strong></span> <span class='ocrx_word' id='word_1_260' title='bbox 720 4119 853 4174; x_wconf 81' lang='lat' dir='ltr'><strong>illud</strong></span> <span class='ocrx_word' id='word_1_261' title='bbox 890 4123 1097 4193; x_wconf 75' lang='lat' dir='ltr'><strong>pietatis</strong></span> <span class='ocrx_word' id='word_1_262' title='bbox 1131 4120 1340 4174; x_wconf 71' lang='lat' dir='ltr'><strong>facinus</strong></span> <span class='ocrx_word' id='word_1_263' title='bbox 1360 4160 1377 4189; x_wconf 89' lang='lat'><strong>,</strong></span> <span class='ocrx_word' id='word_1_264' title='bbox 1456 4120 1635 4183; x_wconf 80' lang='lat' dir='ltr'><strong>ritate,</strong></span> <span class='ocrx_word' id='word_1_265' title='bbox 1670 4130 1731 4169; x_wconf 89' lang='lat' dir='ltr'><strong>ut</strong></span> <span class='ocrx_word' id='word_1_266' title='bbox 1766 4117 1950 4170; x_wconf 77' lang='lat' dir='ltr'><strong>oculos</strong></span> <span class='ocrx_word' id='word_1_267' title='bbox 1992 4118 2256 4183; x_wconf 82' lang='lat' dir='ltr'><strong>amiserit,</strong></span> <span class='ocrx_word' id='word_1_268' title='bbox 2293 4128 2345 4168; x_wconf 83' lang='lat' dir='ltr'><strong>et</strong></span> <span class='ocrx_word' id='word_1_269' title='bbox 2369 4116 2455 4167; x_wconf 78' lang='lat' dir='ltr'><strong>vix</strong></span> 
     </span>
     <span class='ocr_line' id='line_1_33' title="bbox 362 4197 2131 4267; baseline -0.002 -17"><span class='ocrx_word' id='word_1_270' title='bbox 362 4212 504 4251; x_wconf 77' lang='lat' dir='ltr'><strong>-nnte</strong></span> <span class='ocrx_word' id='word_1_271' title='bbox 529 4199 715 4252; x_wconf 75' lang='lat' dir='ltr'><strong>oculos</strong></span> <span class='ocrx_word' id='word_1_272' title='bbox 735 4201 896 4252; x_wconf 82' lang='lat' dir='ltr'><strong>totius</strong></span> <span class='ocrx_word' id='word_1_273' title='bbox 914 4200 1135 4252; x_wconf 80' lang='lat' dir='ltr'><strong>civitatis</strong></span> <span class='ocrx_word' id='word_1_274' title='bbox 1150 4199 1375 4267; x_wconf 82' lang='lat' dir='ltr'><strong>editum,</strong></span> <span class='ocrx_word' id='word_1_275' title='bbox 1457 4198 1728 4253; x_wconf 77' lang='lat' dir='ltr'><strong>ambustus</strong></span> <span class='ocrx_word' id='word_1_276' title='bbox 1766 4199 2002 4252; x_wconf 57' lang='lat' dir='ltr'><strong>evaserim</strong></span> <span class='ocrx_word' id='word_1_277' title='bbox 2041 4197 2131 4247; x_wconf 79' lang='lat' dir='ltr'><strong>Eo.</strong></span> 
     </span>
    </p>
   </div>
  </div>
 </body>
</html>
