3200 5117
358 0 948 19 Ἰ-’Ἧῂ-ἠτ

774 568 899 631 236
1276 566 1365 628 M.
1416 566 1662 628 FAssn
1711 564 2344 646 QUINTILIANI

774 711 937 760 sunt
965 716 1124 787 ergo
1156 689 1561 758 umbrarum
1598 708 1889 773 catenae;
1931 707 2000 756 et
2027 712 2464 784 quamquam
2498 688 2858 760 volatilem*

776 832 1153 902 vagamque
1186 804 1630 901 imaginem,·
1657 802 1863 873 morti
1901 790 2255 899 'stringunt
2289 790 2492 901 atque
2526 805 2847 901 alligant,

774 941 1129 1017 tamquam
1152 946 1345 989 reum
1365 944 1633 1014 corpuS,
1657 917 2002 986 animam:
2025 916 2205 986 ferro
2223 943 2383 988 vero
2401 944 2481 988 ac
2500 917 2851 1015 lapidibus

772 1054 1053 1121 arctare,
1077 1055 1145 1103 et
1172 1053 1248 1103 ut
1270 1031 1491 1103 solent
1513 1032 1774 1127 bellicae
1807 1031 2016 1101 robur
2037 1032 2347 1129 accipere
2370 1052 2600 1128 portae,
2627 1032 2850 1129 ipsam

772 1150 1100 1220 umbram
1127 1149 1275 1247 jam
1312 1148 1569 1218 catenis
1605 1146 1914 1244 alligare,
1947 1145 2093 1245 jam
2138 1146 2476 1234 claustris»,
2518 1174 2658 1217 non
2697 1148 2852 1217 dico

774 1264 1048 1335 crudele
1088 1285 1221 1351 est,
1260 1278 1775 1360 portentosum,
1813 1262 2193 1351 nefarium,
2227 1264 2461 1359 utique
2495 1263 2548 1333 si
2579 1264 2718 1333 haec
2749 1264 2856 1332 fa-

773 1379 942 1468 ciat,
982 1380 1102 1475 qui
1138 1406 1503 1449 sensurum
1536 1378 1764 1448 filium
1803 1378 2071 1449 credat:
2108 1398 2173 1448 et
2207 1405 2395 1448 nunc
2428 1378 2584 1448 illos
2616 1378 2853 1448 miser-

776 1495 950 1566 rima
986 1517 1200 1566 mater
1235 1496 1307 1566 in
1341 1521 1586 1593 corpus
1622 1516 1820 1593 putat
1852 1516 1920 1565 et
1960 1494 2034 1564 in
2078 1496 2388 1566 membra
2426 1493 2854 1565 descendisse

775 1637 1161 1682 mucrones.
1425 1604 1431 1609 ’
1637 1639 1642 1643 ·

868 1726 987 1794 IX.
1025 1727 1093 1794 O
1118 1752 1314 1822 mage
1337 1752 1504 1796 saeve
1522 1783 1539 1810 ,
1572 1726 1867 1796 crudelis
1889 1783 1904 1811 ,
1937 1753 1977 1796 o
2003 1725 2074 1795 in
2107 1725 2422 1795 lacrimas
2449 1725 2679 1795 artifex
2700 1751 2856 1796 nos·-

772 1859 939 1926 traS,
964 1839 1211 1911 vellem
1241 1866 1383 1909 non
1411 1839 1712 1908 dedisses
1735 1860 1871 1908 tam
1895 1863 2234 1935 magnum
2261 1840 2852 1937 experimentum:

775 1953 1136 2025 irascimur
1182 1955 1339 2042 tibi,
1386 1974 1450 2023 et
1490 1954 1792 2024 blandiri
1844 1976 2304 2024 necessevest:
2353 1954 2521 2024 dum
2585 1953 2854 2025 claudis

775 2070 1094 2138 umbram
1115 2125 1132 2159 ,
1158 2067 1620 2137 intelleximus
1641 2069 1868 2137 solum
1894 2088 1957 2138 te
1981 2094 2120 2138 esse
2136 2125 2152 2155 ,
2177 2068 2294 2163 qui
2319 2068 2527 2164 possis
2548 2094 2846 2139 evocare.

774 2182 1070 2253 Videtur
1108 2181 1337 2279 itaque
1382 2182 1631 2252 mulier
1665 2181 1904 2252 infelix
1943 2210 1983 2252 a
2014 2182 2366 2279 dignitatis
2409 2182 2642 2252 dolore
2674 2211 2856 2255 sece-

776 2297 936 2367 dere
959 2311 1005 2383 ¹,
1037 2297 1224 2393 quod
1246 2317 1386 2366 tam
1411 2296 1677 2366 uxorias
1698 2296 1770 2366 in
1791 2298 2019 2367 forum
2046 2297 2388 2393 querelaS,
2411 2317 2475 2366 et
2493 2276 2849 2394 tamquam

777 2411 1066 2483 delicata
1088 2424 1414 2482 matronae
1438 2412 1774 2482 desideria
1801 2413 2200 2509 pertulerit:
2235 2438 2375 2482 non
2403 2413 2591 2483 enim
2616 2432 2864 2500 vesteS,

775 2552 902 2596 nec
928 2552 1211 2613 aurum,
1244 2553 1371 2595 nec
1389 2526 1788 2596 ambitiosos
1805 2527 2047 2624 quaerit
2066 2546 2378 2614 ornatuS,
2409 2543 2728 2597 contenta
2753 2546 2853 2598 est

775 2642 1022 2711 orbitas
1044 2641 1360 2713 sordibus
1382 2643 1522 2712 suis
1548 2670 1561 2712 ε
1590 2669 1668 2713 ac
1686 2669 1773 2714 ne
1808 2642 2064 2741 pellicis
2094 2642 2381 2740 quidem
2406 2644 2642 2713 dolore
2662 2668 2853 2713 com-

774 2756 1079 2853 pellitur,
1108 2783 1230 2827 nec
1255 2758 1461 2827 tacita
1491 2757 1745 2854 gaudia
1774 2756 2028 2845 mariti,
2057 2756 2495 2855 impatientia
2511 2777 2580 2827 et
2599 2756 2851 2827 mulie-

775 2871 882 2943 bri
916 2872 1210 2944 vanitate
1246 2873 1628 2971 complorat
1657 2901 1669 2942 :
1716 2873 1834 2944 sed
1871 2900 1994 2945 nec
2029 2872 2347 2945 relictum
2382 2895 2607 2945 torum
2641 2873 2851 2943 deser-

776 3006 1068 3085 tumque
1102 2988 1445 3085 genialem
1468 2987 1657 3059 velut
1684 3007 2079 3085 contempta
2102 2989 2324 3059 vilitas
2353 2989 2573 3058 uxoris
2596 2986 2850 3056 ulcisci-

777 3122 924 3173 tur:
958 3101 1093 3173 alia
1120 3102 1359 3199 longe,
1389 3102 1521 3174 alia
1554 3102 1640 3173 de
1676 3102 1990 3174 noctibus
2021 3130 2188 3173 cura
2217 3124 2334 3175 est.
2367 3105 2469 3173 Ne
2504 3100 2847 3189 timueris,

774 3242 1204 3312 quaecunque
1227 3237 1324 3287 est
1339 3216 1662 3314 dignitas,
1680 3239 1777 3287 est
1791 3216 2030 3314 magni
2048 3217 2327 3311 doloris:
2348 3215 2524 3286 nihil
2541 3214 2852 3313 queritur

777 3329 1048 3421 misera,
1082 3330 1211 3401 nisi
1249 3358 1373 3428 par
1406 3330 1705 3420 orbitati,
1738 3331 1871 3403 nisi
1909 3353 2127 3403 matre
2162 3332 2482 3431 dignum,
2515 3329 2701 3427 quod
2737 3357 2853 3427 pu-

776 3444 988 3515 blicos
1031 3468 1395 3517 consumat
1430 3447 1697 3538 oculos„
1734 3448 1939 3546 quod„
1963 3448 2229 3547 ignotas
2269 3474 2547 3547 quoque
2592 3446 2853 3543 ²exigat

773 3649 949 3687 ventes
966 3639 1136 3688 solent
1151 3642 1399 3705 exerceri,
1418 3659 1576 3711 quum
1594 3655 1769 3695 tamen
1853 3644 1949 3712 ult,
1971 3667 1992 3689 α
2014 3644 2224 3697 Solebat
2236 3642 2529 3713 indignatio
2544 3653 2715 3692 vestra
2730 3657 2850 3691 con-

769 3718 876 3785 jam
901 3719 1002 3767 rita
1034 3720 1098 3768 sit
1128 3719 1375 3772 functus:
1411 3721 1476 3772 ad
1505 3722 1593 3774 fin.
1621 3723 1765 3775 Decl.
1856 3749 1876 3771 u
1899 3727 2030 3777 vicia
2057 3739 2235 3777 nostra
2269 3725 2406 3777 ferre
2439 3714 2549 3774 ⁴non
2575 3739 2763 3792 posse:
2799 3730 2852 3771 et

780 3819 802 3843 ιι
823 3798 873 3849 Si
888 3798 1048 3849 modo
1062 3801 1353 3851 veneficum
1367 3801 1579 3872 pondus
1598 3818 1648 3855 et
1665 3818 1770 3854 ter·
1855 3827 1876 3849 u
1900 3803 2203 3856 matronalis
2240 3801 2536 3873 indignatio
2570 3799 2744 3850 dicere
2773 3800 2852 3849 vi-

780 3896 802 3920 «
824 3875 1031 3927 roribus
1062 3877 1305 3929 omnibus
1336 3879 1491 3930 verba
1527 3884 1770 3951 graviora
1858 3900 1878 3925 οι
1899 3882 2153 3932 debatur:
2176 3899 2283 3932 non
2312 3880 2489 3951 pascis
2515 3895 2641 3948 ergo
2661 3894 2771 3941 me,
2791 3887 2852 3926 ut

781 3966 802 3999 ἅ
822 3972 976 4026 mago
992 3971 1211 4026 parente
1227 3957 1530 4012 discusseris
1549 3987 1569 4008 n
1590 3964 1708 4014 Scn.
1858 3984 1879 4004 u
1901 3960 2274 4027 ante,verbis.n
2291 3959 2606 4010 Gnottov,Et
2617 3954 2854 4007 decedere

849 4050 894 4084 ι.
928 4035 977 4085 A
1014 4037 1279 4108 diqnitatis
1310 4040 1488 4092 dolore
1518 4043 1769 4093 decedere.
1854 4051 1929 4090 est
1956 4058 2018 4090 ex
2042 4040 2374 4090 correctione
2399 4036 2683 4095 Gronovii,
2708 4046 2849 4085 certe

771 4112 955 4164 Forte:
979 4134 1000 4161 a
1023 4114 1103 4164 Ab
1126 4114 1500 4186 indignationis
1520 4118 1720 4169 dolore.
1744 4144 1765 4168 a
1852 4137 1949 4189 ego
1970 4120 2023 4171 in
2050 4118 2294 4170 omnibus
2314 4117 2536 4169 secedere
2553 4114 2743 4165 inveni.

773 4193 836 4244 Et
856 4211 1005 4244 ”¹⁰⁸²
1030 4217 1050 4240 ¹⁸
1071 4195 1428 4269 Quaecumque
1441 4209 1520 4249 est
1535 4195 1773 4267 indigna·
1924 4188 1972 4251 a.
1997 4203 2211 4273 Ignotus
2233 4200 2407 4270 exigat
2441 4196 2691 4247 laer-imas.
2726 4192 2850 4242 Non

781 4294 803 4319 a
821 4275 924 4341 tio,
950 4277 1217 4347 estmagni
1241 4274 1459 4328 doloris.
1483 4302 1504 4324 υ
1525 4278 1768 4332 SicDecl.
1852 4280 2072 4344 damno,
2098 4279 2193 4333 sed
2232 4274 2468 4343 mallem,
2493 4278 2536 4327 si
2559 4292 2654 4346 per
2684 4272 2853 4344 scrip-
