<?xml version="1.0" encoding="UTF-8"?>
<!DOCTYPE html PUBLIC "-//W3C//DTD XHTML 1.0 Transitional//EN"
    "http://www.w3.org/TR/xhtml1/DTD/xhtml1-transitional.dtd">
<html xmlns="http://www.w3.org/1999/xhtml" xml:lang="en" lang="en">
 <head>
  <title>
</title>
<meta http-equiv="Content-Type" content="text/html;charset=utf-8" />
  <meta name='ocr-system' content='tesseract 3.04.00' />
  <meta name='ocr-capabilities' content='ocr_page ocr_carea ocr_par ocr_line ocrx_word'/>
</head>
<body>
  <div class='ocr_page' id='page_1' title='image "./deinstitutioneo01flacgoog_0352.png"; bbox 0 0 3200 5117; ppageno 0'>
   <div class='ocr_carea' id='block_1_1' title="bbox 765 607 2356 690">
    <p class='ocr_par' dir='ltr' id='par_1_1' title="bbox 765 607 2356 690">
     <span class='ocr_line' id='line_1_1' title="bbox 765 607 2356 690; baseline -0.003 -14"><span class='ocrx_word' id='word_1_1' title='bbox 765 612 889 676; x_wconf 82' lang='lat'>308</span> <span class='ocrx_word' id='word_1_2' title='bbox 1271 610 1363 671; x_wconf 82' lang='lat' dir='ltr'>M.</span> <span class='ocrx_word' id='word_1_3' title='bbox 1417 610 1665 671; x_wconf 60' lang='lat' dir='ltr'>itinn</span> <span class='ocrx_word' id='word_1_4' title='bbox 1712 607 2356 690; x_wconf 68' lang='lat' dir='ltr'>QcmTttAAst</span> 
     </span>
    </p>
   </div>
   <div class='ocr_carea' id='block_1_2' title="bbox 755 728 2879 2922">
    <p class='ocr_par' dir='ltr' id='par_1_2' title="bbox 759 728 2879 1063">
     <span class='ocr_line' id='line_1_2' title="bbox 763 728 2879 830; baseline -0.002 -25"><span class='ocrx_word' id='word_1_5' title='bbox 763 734 1033 805; x_wconf 83' lang='lat' dir='ltr'>facilius</span> <span class='ocrx_word' id='word_1_6' title='bbox 1069 732 1268 803; x_wconf 84' lang='lat' dir='ltr'>nobis</span> <span class='ocrx_word' id='word_1_7' title='bbox 1309 732 1541 803; x_wconf 87' lang='lat' dir='ltr'>noceri</span> <span class='ocrx_word' id='word_1_8' title='bbox 1582 752 1838 830; x_wconf 84' lang='lat' dir='ltr'>potest,</span> <span class='ocrx_word' id='word_1_9' title='bbox 1882 729 1979 801; x_wconf 88' lang='lat' dir='ltr'>ita</span> <span class='ocrx_word' id='word_1_10' title='bbox 2011 730 2205 801; x_wconf 80' lang='lat' dir='ltr'>vobis</span> <span class='ocrx_word' id='word_1_11' title='bbox 2239 728 2483 799; x_wconf 86' lang='lat' dir='ltr'>latius:</span> <span class='ocrx_word' id='word_1_12' title='bbox 2522 750 2879 828; x_wconf 89' lang='lat' dir='ltr'>postremo</span> 
     </span>
     <span class='ocr_line' id='line_1_3' title="bbox 761 844 2875 949; baseline -0.002 -28"><span class='ocrx_word' id='word_1_13' title='bbox 761 851 1032 949; x_wconf 83' lang='lat' dir='ltr'>placeas</span> <span class='ocrx_word' id='word_1_14' title='bbox 1074 851 1227 920; x_wconf 87' lang='lat' dir='ltr'>licet</span> <span class='ocrx_word' id='word_1_15' title='bbox 1264 849 1383 918; x_wconf 89' lang='lat' dir='ltr'>tibi</span> <span class='ocrx_word' id='word_1_16' title='bbox 1419 875 1637 945; x_wconf 90' lang='lat' dir='ltr'>opum</span> <span class='ocrx_word' id='word_1_17' title='bbox 1680 869 1954 917; x_wconf 87' lang='lat' dir='ltr'>tuarum</span> <span class='ocrx_word' id='word_1_18' title='bbox 1999 846 2291 934; x_wconf 85' lang='lat' dir='ltr'>fiducia,</span> <span class='ocrx_word' id='word_1_19' title='bbox 2334 844 2561 935; x_wconf 77' lang='lat' dir='ltr'>diveS,</span> <span class='ocrx_word' id='word_1_20' title='bbox 2596 845 2649 917; x_wconf 90' lang='lat' dir='ltr'>si</span> <span class='ocrx_word' id='word_1_21' title='bbox 2693 845 2875 917; x_wconf 89' lang='lat' dir='ltr'>mihi</span> 
     </span>
     <span class='ocr_line' id='line_1_4' title="bbox 759 965 2066 1063; baseline -0.004 -26"><span class='ocrx_word' id='word_1_22' title='bbox 759 968 982 1039; x_wconf 80' lang='lat' dir='ltr'>vivere</span> <span class='ocrx_word' id='word_1_23' title='bbox 1016 994 1158 1037; x_wconf 93' lang='lat' dir='ltr'>non</span> <span class='ocrx_word' id='word_1_24' title='bbox 1195 965 1468 1063; x_wconf 76' lang='lat' dir='ltr'>expedit</span> <span class='ocrx_word' id='word_1_25' title='bbox 1492 980 1536 1052; x_wconf 82' lang='lat'>¹,</span> <span class='ocrx_word' id='word_1_26' title='bbox 1577 991 1770 1061; x_wconf 89' lang='lat' dir='ltr'>pares</span> <span class='ocrx_word' id='word_1_27' title='bbox 1802 990 2066 1034; x_wconf 79' lang='lat' dir='ltr'>snmuS.</span> 
     </span>
    </p>

    <p class='ocr_par' dir='ltr' id='par_1_3' title="bbox 755 1077 2874 2922">
     <span class='ocr_line' id='line_1_5' title="bbox 861 1077 2874 1177; baseline -0.001 -24"><span class='ocrx_word' id='word_1_28' title='bbox 861 1084 1013 1153; x_wconf 85' lang='grc' dir='ltr'>ΧΠ.</span> <span class='ocrx_word' id='word_1_29' title='bbox 1051 1080 1248 1171; x_wconf 86' lang='lat' dir='ltr'><strong>Quid</strong></span> <span class='ocrx_word' id='word_1_30' title='bbox 1281 1079 1486 1177; x_wconf 74' lang='lat' dir='ltr'>ergo?</span> <span class='ocrx_word' id='word_1_31' title='bbox 1530 1079 1582 1148; x_wconf 87' lang='lat' dir='ltr'>si</span> <span class='ocrx_word' id='word_1_32' title='bbox 1617 1079 1785 1175; x_wconf 91' lang='lat' dir='ltr'>quid</span> <span class='ocrx_word' id='word_1_33' title='bbox 1829 1078 1954 1148; x_wconf 91' lang='lat' dir='ltr'>tibi</span> <span class='ocrx_word' id='word_1_34' title='bbox 1999 1077 2240 1148; x_wconf 89' lang='lat' dir='ltr'>damni</span> <span class='ocrx_word' id='word_1_35' title='bbox 2278 1077 2665 1148; x_wconf 88' lang='lat' dir='ltr'>attulissent</span> <span class='ocrx_word' id='word_1_36' title='bbox 2706 1105 2874 1177; x_wconf 84' lang='lat' dir='ltr'>apes</span> 
     </span>
     <span class='ocr_line' id='line_1_6' title="bbox 760 1194 2873 1293; baseline -0.001 -22"><span class='ocrx_word' id='word_1_37' title='bbox 760 1226 970 1287; x_wconf 73' lang='lat' dir='ltr'>meae,</span> <span class='ocrx_word' id='word_1_38' title='bbox 1021 1227 1162 1270; x_wconf 91' lang='lat' dir='ltr'>non</span> <span class='ocrx_word' id='word_1_39' title='bbox 1207 1198 1384 1268; x_wconf 89' lang='lat' dir='ltr'>mihi</span> <span class='ocrx_word' id='word_1_40' title='bbox 1427 1198 1860 1267; x_wconf 80' lang='lat' dir='ltr'>auferretur²</span> <span class='ocrx_word' id='word_1_41' title='bbox 1903 1196 2108 1284; x_wconf 88' lang='lat' dir='ltr'>rati0,</span> <span class='ocrx_word' id='word_1_42' title='bbox 2150 1194 2268 1265; x_wconf 88' lang='lat' dir='ltr'>sed</span> <span class='ocrx_word' id='word_1_43' title='bbox 2312 1196 2592 1266; x_wconf 84' lang='lat' dir='ltr'>forsitan</span> <span class='ocrx_word' id='word_1_44' title='bbox 2636 1195 2873 1293; x_wconf 86' lang='lat' dir='ltr'>aliqua</span> 
     </span>
     <span class='ocr_line' id='line_1_7' title="bbox 758 1310 2871 1411; baseline -0.001 -25"><span class='ocrx_word' id='word_1_45' title='bbox 758 1316 1036 1387; x_wconf 87' lang='lat' dir='ltr'>daretur</span> <span class='ocrx_word' id='word_1_46' title='bbox 1069 1338 1136 1386; x_wconf 89' lang='lat' dir='ltr'>et</span> <span class='ocrx_word' id='word_1_47' title='bbox 1175 1315 1335 1386; x_wconf 85' lang='lat' dir='ltr'>tibi:</span> <span class='ocrx_word' id='word_1_48' title='bbox 1384 1340 1575 1384; x_wconf 86' lang='lat' dir='ltr'>nunc</span> <span class='ocrx_word' id='word_1_49' title='bbox 1616 1339 1770 1382; x_wconf 84' lang='lat' dir='ltr'>vero</span> <span class='ocrx_word' id='word_1_50' title='bbox 1803 1311 1972 1409; x_wconf 89' lang='lat' dir='ltr'>quid</span> <span class='ocrx_word' id='word_1_51' title='bbox 2006 1310 2353 1408; x_wconf 83' lang='lat' dir='ltr'>quereris?</span> <span class='ocrx_word' id='word_1_52' title='bbox 2397 1312 2603 1383; x_wconf 89' lang='lat' dir='ltr'>credo</span> <span class='ocrx_word' id='word_1_53' title='bbox 2647 1311 2871 1411; x_wconf 87' lang='lat' dir='ltr'>depo-</span> 
     </span>
     <span class='ocr_line' id='line_1_8' title="bbox 759 1429 2870 1533; baseline 0 -30"><span class='ocrx_word' id='word_1_54' title='bbox 759 1433 1033 1533; x_wconf 87' lang='lat' dir='ltr'>pulatos</span> <span class='ocrx_word' id='word_1_55' title='bbox 1061 1460 1290 1531; x_wconf 76' lang='lat' dir='ltr'>agros,</span> <span class='ocrx_word' id='word_1_56' title='bbox 1320 1457 1722 1526; x_wconf 74' lang='lat' dir='ltr'>eversosque</span> <span class='ocrx_word' id='word_1_57' title='bbox 1757 1429 2048 1499; x_wconf 87' lang='lat' dir='ltr'>reditus:</span> <span class='ocrx_word' id='word_1_58' title='bbox 2087 1456 2227 1499; x_wconf 92' lang='lat' dir='ltr'>non</span> <span class='ocrx_word' id='word_1_59' title='bbox 2257 1430 2449 1500; x_wconf 89' lang='lat' dir='ltr'>enim</span> <span class='ocrx_word' id='word_1_60' title='bbox 2486 1429 2693 1501; x_wconf 87' lang='lat' dir='ltr'>debet</span> <span class='ocrx_word' id='word_1_61' title='bbox 2721 1430 2870 1504; x_wconf 80' lang='lat' dir='ltr'>leve</span> 
     </span>
     <span class='ocr_line' id='line_1_9' title="bbox 759 1544 2867 1644; baseline -0.001 -24"><span class='ocrx_word' id='word_1_62' title='bbox 759 1576 899 1620; x_wconf 88' lang='lat' dir='ltr'>esse</span> <span class='ocrx_word' id='word_1_63' title='bbox 916 1548 1262 1618; x_wconf 89' lang='lat' dir='ltr'>damnum</span> <span class='ocrx_word' id='word_1_64' title='bbox 1282 1605 1298 1634; x_wconf 70' lang='lat'>‚</span> <span class='ocrx_word' id='word_1_65' title='bbox 1319 1544 1508 1643; x_wconf 81' lang='lat' dir='ltr'>quod</span> <span class='ocrx_word' id='word_1_66' title='bbox 1528 1545 1716 1614; x_wconf 84' lang='lat' dir='ltr'>dives</span> <span class='ocrx_word' id='word_1_67' title='bbox 1735 1544 1907 1614; x_wconf 89' lang='lat' dir='ltr'>ferre</span> <span class='ocrx_word' id='word_1_68' title='bbox 1931 1572 2071 1615; x_wconf 93' lang='lat' dir='ltr'>non</span> <span class='ocrx_word' id='word_1_69' title='bbox 2092 1544 2326 1641; x_wconf 81' lang='lat' dir='ltr'>possit.</span> <span class='ocrx_word' id='word_1_70' title='bbox 2348 1545 2831 1644; x_wconf 86' lang='lat' dir='ltr'>Decerpebant</span> <span class='ocrx_word' id='word_1_71' title='bbox 2848 1603 2867 1640; x_wconf 85' lang='lat'>,</span> 
     </span>
     <span class='ocr_line' id='line_1_10' title="bbox 761 1657 2868 1762; baseline -0.002 -27"><span class='ocrx_word' id='word_1_72' title='bbox 761 1664 1017 1762; x_wconf 86' lang='lat' dir='ltr'>inquit,</span> <span class='ocrx_word' id='word_1_73' title='bbox 1051 1663 1250 1734; x_wconf 83' lang='lat' dir='ltr'>flores</span> <span class='ocrx_word' id='word_1_74' title='bbox 1285 1687 1508 1730; x_wconf 86' lang='lat' dir='ltr'>meos:</span> <span class='ocrx_word' id='word_1_75' title='bbox 1540 1659 1790 1755; x_wconf 84' lang='lat' dir='ltr'>ecquid</span> <span class='ocrx_word' id='word_1_76' title='bbox 1821 1657 2570 1759; x_wconf 73' lang='lat' dir='ltr'>intelligitis,judices,</span> <span class='ocrx_word' id='word_1_77' title='bbox 2601 1682 2868 1757; x_wconf 88' lang='lat' dir='ltr'>quanto</span> 
     </span>
     <span class='ocr_line' id='line_1_11' title="bbox 759 1774 2871 1875; baseline -0.001 -27"><span class='ocrx_word' id='word_1_78' title='bbox 759 1780 995 1852; x_wconf 84' lang='lat' dir='ltr'>dolore</span> <span class='ocrx_word' id='word_1_79' title='bbox 1027 1780 1322 1875; x_wconf 74' lang='lat' dir='ltr'>dignum</span> <span class='ocrx_word' id='word_1_80' title='bbox 1353 1777 1440 1846; x_wconf 76' lang='lat' dir='ltr'>sit</span> <span class='ocrx_word' id='word_1_81' title='bbox 1468 1776 1657 1873; x_wconf 87' lang='lat' dir='ltr'>quod</span> <span class='ocrx_word' id='word_1_82' title='bbox 1689 1801 1813 1870; x_wconf 72' lang='lat' dir='ltr'>ego</span> <span class='ocrx_word' id='word_1_83' title='bbox 1842 1774 2154 1872; x_wconf 78' lang='lat' dir='ltr'>perdidi,</span> <span class='ocrx_word' id='word_1_84' title='bbox 2187 1774 2240 1844; x_wconf 87' lang='lat' dir='ltr'>si</span> <span class='ocrx_word' id='word_1_85' title='bbox 2275 1775 2484 1845; x_wconf 88' lang='lat' dir='ltr'>etiam</span> <span class='ocrx_word' id='word_1_86' title='bbox 2510 1775 2642 1845; x_wconf 90' lang='lat' dir='ltr'>hoc</span> <span class='ocrx_word' id='word_1_87' title='bbox 2664 1775 2871 1845; x_wconf 91' lang='lat' dir='ltr'>dam-</span> 
     </span>
     <span class='ocr_line' id='line_1_12' title="bbox 759 1890 2869 1990; baseline -0.003 -22"><span class='ocrx_word' id='word_1_88' title='bbox 759 1925 933 1968; x_wconf 85' lang='lat' dir='ltr'>num</span> <span class='ocrx_word' id='word_1_89' title='bbox 964 1919 1060 1967; x_wconf 84' lang='lat' dir='ltr'>cst</span> <span class='ocrx_word' id='word_1_90' title='bbox 1081 1955 1098 1985; x_wconf 78' lang='lat'>‚</span> <span class='ocrx_word' id='word_1_91' title='bbox 1133 1895 1334 1965; x_wconf 86' lang='lat' dir='ltr'>flores</span> <span class='ocrx_word' id='word_1_92' title='bbox 1357 1891 1669 1963; x_wconf 59' lang='lat' dir='ltr'>auferre?</span> <span class='ocrx_word' id='word_1_93' title='bbox 1692 1891 1787 1961; x_wconf 89' lang='lat' dir='ltr'>ita</span> <span class='ocrx_word' id='word_1_94' title='bbox 1816 1890 2061 1990; x_wconf 91' lang='lat' dir='ltr'>plane:</span> <span class='ocrx_word' id='word_1_95' title='bbox 2097 1891 2358 1989; x_wconf 83' lang='lat' dir='ltr'>alioqui</span> <span class='ocrx_word' id='word_1_96' title='bbox 2382 1913 2456 1962; x_wconf 90' lang='lat' dir='ltr'>tu</span> <span class='ocrx_word' id='word_1_97' title='bbox 2479 1890 2719 1962; x_wconf 90' lang='lat' dir='ltr'>illosin</span> <span class='ocrx_word' id='word_1_98' title='bbox 2744 1918 2869 1962; x_wconf 86' lang='lat' dir='ltr'>ve-</span> 
     </span>
     <span class='ocr_line' id='line_1_13' title="bbox 756 2007 2866 2098; baseline -0.002 -13"><span class='ocrx_word' id='word_1_99' title='bbox 756 2036 1078 2087; x_wconf 84' lang='lat' dir='ltr'>tustatem</span> <span class='ocrx_word' id='word_1_100' title='bbox 1114 2011 1499 2083; x_wconf 84' lang='lat' dir='ltr'>reservabas</span> <span class='ocrx_word' id='word_1_101' title='bbox 1522 2068 1540 2098; x_wconf 86' lang='lat'><strong>‚</strong></span> <span class='ocrx_word' id='word_1_102' title='bbox 1569 2031 1637 2080; x_wconf 90' lang='lat' dir='ltr'>et</span> <span class='ocrx_word' id='word_1_103' title='bbox 1663 2010 1997 2079; x_wconf 87' lang='lat' dir='ltr'>durarent</span> <span class='ocrx_word' id='word_1_104' title='bbox 2022 2007 2250 2079; x_wconf 81' lang='lat' dir='ltr'>adhuc</span> <span class='ocrx_word' id='word_1_105' title='bbox 2274 2065 2292 2096; x_wconf 88' lang='lat'><strong>‚</strong></span> <span class='ocrx_word' id='word_1_106' title='bbox 2322 2008 2453 2078; x_wconf 90' lang='lat' dir='ltr'>nisi</span> <span class='ocrx_word' id='word_1_107' title='bbox 2475 2008 2561 2079; x_wconf 86' lang='lat' dir='ltr'>ad</span> <span class='ocrx_word' id='word_1_108' title='bbox 2581 2009 2866 2080; x_wconf 88' lang='lat' dir='ltr'>hortum</span> 
     </span>
     <span class='ocr_line' id='line_1_14' title="bbox 755 2123 2866 2226; baseline -0.002 -26"><span class='ocrx_word' id='word_1_109' title='bbox 755 2153 959 2202; x_wconf 85' lang='lat' dir='ltr'>tuum</span> <span class='ocrx_word' id='word_1_110' title='bbox 995 2155 1160 2226; x_wconf 91' lang='lat' dir='ltr'>apes</span> <span class='ocrx_word' id='word_1_111' title='bbox 1193 2126 1571 2197; x_wconf 79' lang='lat' dir='ltr'>venissent:</span> <span class='ocrx_word' id='word_1_112' title='bbox 1612 2124 1809 2223; x_wconf 85' lang='lat' dir='ltr'>cujus</span> <span class='ocrx_word' id='word_1_113' title='bbox 1855 2123 1950 2194; x_wconf 89' lang='lat' dir='ltr'>rei</span> <span class='ocrx_word' id='word_1_114' title='bbox 1992 2123 2286 2195; x_wconf 81' lang='lat' dir='ltr'>inveniri</span> <span class='ocrx_word' id='word_1_115' title='bbox 2331 2147 2551 2222; x_wconf 86' lang='lat' dir='ltr'>potest</span> <span class='ocrx_word' id='word_1_116' title='bbox 2593 2125 2866 2196; x_wconf 83' lang='lat' dir='ltr'>brevior</span> 
     </span>
     <span class='ocr_line' id='line_1_15' title="bbox 758 2239 2862 2340; baseline -0.001 -25"><span class='ocrx_word' id='word_1_117' title='bbox 758 2244 965 2315; x_wconf 78' lang='lat' dir='ltr'>aetas?</span> <span class='ocrx_word' id='word_1_118' title='bbox 1001 2270 1307 2340; x_wconf 89' lang='lat' dir='ltr'>namque</span> <span class='ocrx_word' id='word_1_119' title='bbox 1340 2241 1511 2311; x_wconf 88' lang='lat' dir='ltr'>dum</span> <span class='ocrx_word' id='word_1_120' title='bbox 1552 2241 1963 2310; x_wconf 83' lang='lat' dir='ltr'>immaturos</span> <span class='ocrx_word' id='word_1_121' title='bbox 1998 2239 2290 2310; x_wconf 81' lang='lat' dir='ltr'>exterior</span> <span class='ocrx_word' id='word_1_122' title='bbox 2323 2240 2567 2339; x_wconf 79' lang='lat' dir='ltr'>alligat</span> <span class='ocrx_word' id='word_1_123' title='bbox 2598 2263 2862 2334; x_wconf 84' lang='lat' dir='ltr'>cortex,</span> 
     </span>
     <span class='ocr_line' id='line_1_16' title="bbox 759 2355 2862 2454; baseline 0 -25"><span class='ocrx_word' id='word_1_124' title='bbox 759 2360 1079 2430; x_wconf 84' lang='lat' dir='ltr'>nondum</span> <span class='ocrx_word' id='word_1_125' title='bbox 1100 2359 1346 2428; x_wconf 83' lang='lat' dir='ltr'>dixeris</span> <span class='ocrx_word' id='word_1_126' title='bbox 1371 2357 1653 2428; x_wconf 85' lang='lat' dir='ltr'>florem:</span> <span class='ocrx_word' id='word_1_127' title='bbox 1680 2355 2021 2454; x_wconf 87' lang='lat' dir='ltr'>paulatim</span> <span class='ocrx_word' id='word_1_128' title='bbox 2037 2356 2293 2428; x_wconf 89' lang='lat' dir='ltr'>deinde</span> <span class='ocrx_word' id='word_1_129' title='bbox 2309 2356 2640 2428; x_wconf 83' lang='lat' dir='ltr'>vividiore</span> <span class='ocrx_word' id='word_1_130' title='bbox 2661 2385 2862 2430; x_wconf 86' lang='lat' dir='ltr'>succo</span> 
     </span>
     <span class='ocr_line' id='line_1_17' title="bbox 758 2472 2863 2569; baseline 0.002 -26"><span class='ocrx_word' id='word_1_131' title='bbox 758 2474 1077 2545; x_wconf 85' lang='lat' dir='ltr'>tumescit</span> <span class='ocrx_word' id='word_1_132' title='bbox 1103 2495 1337 2543; x_wconf 87' lang='lat' dir='ltr'>uterus</span> <span class='ocrx_word' id='word_1_133' title='bbox 1361 2530 1378 2559; x_wconf 84' lang='lat'>,</span> <span class='ocrx_word' id='word_1_134' title='bbox 1418 2493 1486 2542; x_wconf 91' lang='lat' dir='ltr'>et</span> <span class='ocrx_word' id='word_1_135' title='bbox 1516 2472 1828 2542; x_wconf 85' lang='lat' dir='ltr'>albentes</span> <span class='ocrx_word' id='word_1_136' title='bbox 1863 2472 2115 2569; x_wconf 85' lang='lat' dir='ltr'>accipit</span> <span class='ocrx_word' id='word_1_137' title='bbox 2146 2474 2386 2561; x_wconf 78' lang='lat' dir='ltr'>rimaS‚</span> <span class='ocrx_word' id='word_1_138' title='bbox 2423 2473 2730 2546; x_wconf 84' lang='lat' dir='ltr'>necdum</span> <span class='ocrx_word' id='word_1_139' title='bbox 2764 2495 2863 2547; x_wconf 85' lang='lat' dir='ltr'>ta-</span> 
     </span>
     <span class='ocr_line' id='line_1_18' title="bbox 759 2588 2858 2689; baseline 0 -28"><span class='ocrx_word' id='word_1_140' title='bbox 759 2618 923 2661; x_wconf 85' lang='lat' dir='ltr'>men</span> <span class='ocrx_word' id='word_1_141' title='bbox 963 2590 1086 2660; x_wconf 81' lang='lat' dir='ltr'>flos</span> <span class='ocrx_word' id='word_1_142' title='bbox 1109 2610 1239 2660; x_wconf 84' lang='lat' dir='ltr'>est:</span> <span class='ocrx_word' id='word_1_143' title='bbox 1270 2611 1338 2659; x_wconf 92' lang='lat' dir='ltr'>at</span> <span class='ocrx_word' id='word_1_144' title='bbox 1370 2615 1594 2685; x_wconf 83' lang='lat' dir='ltr'>quum</span> <span class='ocrx_word' id='word_1_145' title='bbox 1627 2615 1697 2657; x_wconf 88' lang='lat' dir='ltr'>se</span> <span class='ocrx_word' id='word_1_146' title='bbox 1731 2588 2121 2688; x_wconf 87' lang='lat' dir='ltr'>ruptisjam</span> <span class='ocrx_word' id='word_1_147' title='bbox 2151 2589 2401 2660; x_wconf 89' lang='lat' dir='ltr'>tunicis</span> <span class='ocrx_word' id='word_1_148' title='bbox 2432 2589 2504 2660; x_wconf 92' lang='lat' dir='ltr'>in</span> <span class='ocrx_word' id='word_1_149' title='bbox 2538 2591 2858 2689; x_wconf 89' lang='lat' dir='ltr'>patulum</span> 
     </span>
     <span class='ocr_line' id='line_1_19' title="bbox 756 2702 2858 2805; baseline 0 -30"><span class='ocrx_word' id='word_1_150' title='bbox 756 2705 977 2802; x_wconf 86' lang='lat' dir='ltr'>capita</span> <span class='ocrx_word' id='word_1_151' title='bbox 1002 2704 1333 2775; x_wconf 85' lang='lat' dir='ltr'>fuderunt</span> <span class='ocrx_word' id='word_1_152' title='bbox 1353 2761 1370 2794; x_wconf 85' lang='lat'>‚</span> <span class='ocrx_word' id='word_1_153' title='bbox 1403 2725 1469 2774; x_wconf 89' lang='lat' dir='ltr'>et</span> <span class='ocrx_word' id='word_1_154' title='bbox 1497 2702 1686 2773; x_wconf 86' lang='lat' dir='ltr'>velut</span> <span class='ocrx_word' id='word_1_155' title='bbox 1719 2703 1873 2774; x_wconf 80' lang='lat' dir='ltr'>fissa</span> <span class='ocrx_word' id='word_1_156' title='bbox 1900 2704 1970 2774; x_wconf 91' lang='lat' dir='ltr'>in</span> <span class='ocrx_word' id='word_1_157' title='bbox 1996 2705 2233 2775; x_wconf 88' lang='lat' dir='ltr'>orbem</span> <span class='ocrx_word' id='word_1_158' title='bbox 2259 2704 2589 2805; x_wconf 86' lang='lat' dir='ltr'>,jamque</span> <span class='ocrx_word' id='word_1_159' title='bbox 2616 2732 2858 2778; x_wconf 89' lang='lat' dir='ltr'>eorum</span> 
     </span>
     <span class='ocr_line' id='line_1_20' title="bbox 756 2818 2858 2922; baseline 0.003 -36"><span class='ocrx_word' id='word_1_160' title='bbox 756 2818 1028 2889; x_wconf 76' lang='lat' dir='ltr'>videtur</span> <span class='ocrx_word' id='word_1_161' title='bbox 1063 2818 1419 2890; x_wconf 86' lang='lat' dir='ltr'>maturitas</span> <span class='ocrx_word' id='word_1_162' title='bbox 1443 2876 1460 2908; x_wconf 85' lang='lat'>,</span> <span class='ocrx_word' id='word_1_163' title='bbox 1498 2840 1568 2889; x_wconf 90' lang='lat' dir='ltr'>et</span> <span class='ocrx_word' id='word_1_164' title='bbox 1601 2818 1879 2915; x_wconf 78' lang='lat' dir='ltr'>ignotus</span> <span class='ocrx_word' id='word_1_165' title='bbox 1920 2846 2197 2891; x_wconf 83' lang='lat' dir='ltr'>occasus</span> <span class='ocrx_word' id='word_1_166' title='bbox 2232 2819 2398 2910; x_wconf 85' lang='lat' dir='ltr'>est3,</span> <span class='ocrx_word' id='word_1_167' title='bbox 2435 2843 2500 2892; x_wconf 87' lang='lat' dir='ltr'>et</span> <span class='ocrx_word' id='word_1_168' title='bbox 2522 2821 2678 2922; x_wconf 89' lang='lat' dir='ltr'>jam</span> <span class='ocrx_word' id='word_1_169' title='bbox 2713 2822 2858 2894; x_wconf 84' lang='lat' dir='ltr'>sine</span> 
     </span>
    </p>
   </div>
   <div class='ocr_carea' id='block_1_3' title="bbox 737 3061 1765 4428">
    <p class='ocr_par' dir='ltr' id='par_1_4' title="bbox 748 3061 1763 3760">
     <span class='ocr_line' id='line_1_21' title="bbox 830 3061 1755 3131; baseline -0.002 -18"><span class='ocrx_word' id='word_1_170' title='bbox 830 3079 873 3113; x_wconf 85' lang='grc' dir='ltr'>ι.</span> <span class='ocrx_word' id='word_1_171' title='bbox 911 3062 971 3114; x_wconf 83' lang='lat' dir='ltr'>Si</span> <span class='ocrx_word' id='word_1_172' title='bbox 1007 3061 1142 3113; x_wconf 76' lang='lat' dir='ltr'>mihi</span> <span class='ocrx_word' id='word_1_173' title='bbox 1185 3062 1350 3112; x_wconf 76' lang='lat' dir='ltr'>vivere</span> <span class='ocrx_word' id='word_1_174' title='bbox 1391 3080 1496 3111; x_wconf 81' lang='lat' dir='ltr'>non</span> <span class='ocrx_word' id='word_1_175' title='bbox 1534 3062 1755 3131; x_wconf 73' lang='lat' dir='ltr'>expedit.</span> 
     </span>
     <span class='ocr_line' id='line_1_22' title="bbox 749 3144 1760 3208; baseline -0.004 -13"><span class='ocrx_word' id='word_1_176' title='bbox 749 3144 945 3195; x_wconf 71' lang='lat' dir='ltr'>Sensus</span> <span class='ocrx_word' id='word_1_177' title='bbox 971 3159 1074 3208; x_wconf 87' lang='lat' dir='ltr'>est,</span> <span class='ocrx_word' id='word_1_178' title='bbox 1099 3144 1137 3194; x_wconf 82' lang='lat' dir='ltr'>si</span> <span class='ocrx_word' id='word_1_179' title='bbox 1159 3159 1379 3194; x_wconf 85' lang='lat' dir='ltr'>mortem</span> <span class='ocrx_word' id='word_1_180' title='bbox 1402 3156 1760 3206; x_wconf 75' lang='lat' dir='ltr'>contemnam,</span> 
     </span>
     <span class='ocr_line' id='line_1_23' title="bbox 749 3220 1759 3293; baseline -0.005 -19"><span class='ocrx_word' id='word_1_181' title='bbox 749 3236 801 3274; x_wconf 82' lang='lat' dir='ltr'>et</span> <span class='ocrx_word' id='word_1_182' title='bbox 838 3241 1051 3293; x_wconf 76' lang='lat' dir='ltr'>poenam</span> <span class='ocrx_word' id='word_1_183' title='bbox 1099 3223 1372 3271; x_wconf 83' lang='lat' dir='ltr'>criminum</span> <span class='ocrx_word' id='word_1_184' title='bbox 1393 3259 1408 3282; x_wconf 86' lang='lat'>,</span> <span class='ocrx_word' id='word_1_185' title='bbox 1461 3239 1559 3271; x_wconf 87' lang='lat' dir='ltr'>nec</span> <span class='ocrx_word' id='word_1_186' title='bbox 1609 3220 1759 3271; x_wconf 85' lang='lat' dir='ltr'>video</span> 
     </span>
     <span class='ocr_line' id='line_1_24' title="bbox 749 3301 1762 3372; baseline -0.004 -16"><span class='ocrx_word' id='word_1_187' title='bbox 749 3304 877 3356; x_wconf 85' lang='lat' dir='ltr'>mihi</span> <span class='ocrx_word' id='word_1_188' title='bbox 912 3304 1092 3355; x_wconf 74' lang='lat' dir='ltr'>utilem</span> <span class='ocrx_word' id='word_1_189' title='bbox 1124 3321 1237 3353; x_wconf 82' lang='lat' dir='ltr'>esse</span> <span class='ocrx_word' id='word_1_190' title='bbox 1270 3303 1459 3365; x_wconf 69' lang='lat' dir='ltr'>vitam,</span> <span class='ocrx_word' id='word_1_191' title='bbox 1493 3320 1641 3372; x_wconf 74' lang='lat' dir='ltr'>mque</span> <span class='ocrx_word' id='word_1_192' title='bbox 1668 3301 1762 3352; x_wconf 79' lang='lat' dir='ltr'>tibi</span> 
     </span>
     <span class='ocr_line' id='line_1_25' title="bbox 749 3380 1763 3450; baseline -0.002 -17"><span class='ocrx_word' id='word_1_193' title='bbox 749 3402 969 3446; x_wconf 79' lang='lat' dir='ltr'>nocere,</span> <span class='ocrx_word' id='word_1_194' title='bbox 997 3397 1046 3433; x_wconf 86' lang='lat' dir='ltr'>et</span> <span class='ocrx_word' id='word_1_195' title='bbox 1073 3396 1123 3433; x_wconf 92' lang='lat' dir='ltr'>te</span> <span class='ocrx_word' id='word_1_196' title='bbox 1149 3380 1393 3432; x_wconf 85' lang='lat' dir='ltr'>occidere</span> <span class='ocrx_word' id='word_1_197' title='bbox 1421 3399 1639 3450; x_wconf 82' lang='lat' dir='ltr'>possum</span> <span class='ocrx_word' id='word_1_198' title='bbox 1656 3418 1671 3442; x_wconf 83' lang='lat'>,</span> <span class='ocrx_word' id='word_1_199' title='bbox 1702 3400 1763 3431; x_wconf 91' lang='lat' dir='ltr'>ac</span> 
     </span>
     <span class='ocr_line' id='line_1_26' title="bbox 751 3464 1763 3533; baseline -0.002 -19"><span class='ocrx_word' id='word_1_200' title='bbox 751 3477 806 3514; x_wconf 85' lang='lat' dir='ltr'>tu</span> <span class='ocrx_word' id='word_1_201' title='bbox 838 3484 946 3527; x_wconf 84' lang='lat' dir='ltr'>me,</span> <span class='ocrx_word' id='word_1_202' title='bbox 980 3482 1135 3533; x_wconf 87' lang='lat' dir='ltr'>pares</span> <span class='ocrx_word' id='word_1_203' title='bbox 1177 3482 1390 3526; x_wconf 82' lang='lat' dir='ltr'>sumus,</span> <span class='ocrx_word' id='word_1_204' title='bbox 1421 3475 1471 3511; x_wconf 86' lang='lat' dir='ltr'>et</span> <span class='ocrx_word' id='word_1_205' title='bbox 1511 3464 1584 3510; x_wconf 83' lang='lat' dir='ltr'>ita</span> <span class='ocrx_word' id='word_1_206' title='bbox 1625 3464 1763 3532; x_wconf 82' lang='lat' dir='ltr'>cepit</span> 
     </span>
     <span class='ocr_line' id='line_1_27' title="bbox 750 3542 1763 3614; baseline -0.005 -16"><span class='ocrx_word' id='word_1_207' title='bbox 750 3547 829 3598; x_wconf 90' lang='lat' dir='ltr'>Cl.</span> <span class='ocrx_word' id='word_1_208' title='bbox 856 3545 1147 3614; x_wconf 79' lang='lat' dir='ltr'>Schulting.</span> <span class='ocrx_word' id='word_1_209' title='bbox 1170 3542 1276 3595; x_wconf 86' lang='lat' dir='ltr'>huc</span> <span class='ocrx_word' id='word_1_210' title='bbox 1301 3545 1532 3593; x_wconf 81' lang='lat' dir='ltr'>referens</span> <span class='ocrx_word' id='word_1_211' title='bbox 1555 3556 1763 3593; x_wconf 79' lang='lat' dir='ltr'>senten-</span> 
     </span>
     <span class='ocr_line' id='line_1_28' title="bbox 748 3624 1762 3693; baseline -0.006 -15"><span class='ocrx_word' id='word_1_212' title='bbox 748 3630 904 3679; x_wconf 87' lang='lat' dir='ltr'>tiam:</span> <span class='ocrx_word' id='word_1_213' title='bbox 932 3650 951 3672; x_wconf 75' lang='lat' dir='ltr'><em>u</em></span> <span class='ocrx_word' id='word_1_214' title='bbox 972 3628 1078 3693; x_wconf 88' lang='lat' dir='ltr'>Qui</span> <span class='ocrx_word' id='word_1_215' title='bbox 1093 3628 1248 3675; x_wconf 78' lang='lat' dir='ltr'>vitam</span> <span class='ocrx_word' id='word_1_216' title='bbox 1271 3643 1417 3674; x_wconf 67' lang='lat' dir='ltr'>suam</span> <span class='ocrx_word' id='word_1_217' title='bbox 1439 3624 1762 3687; x_wconf 72' lang='lat' dir='ltr'>contemnit,</span> 
     </span>
     <span class='ocr_line' id='line_1_29' title="bbox 758 3707 1617 3760; baseline -0.006 0"><span class='ocrx_word' id='word_1_218' title='bbox 758 3731 779 3753; x_wconf 71' lang='grc' dir='ltr'><strong><em>α</em></strong></span> <span class='ocrx_word' id='word_1_219' title='bbox 802 3707 1255 3760; x_wconf 69' lang='lat' dir='ltr'>aliena-dominus</span> <span class='ocrx_word' id='word_1_220' title='bbox 1282 3719 1375 3756; x_wconf 77' lang='lat' dir='ltr'>est.</span> <span class='ocrx_word' id='word_1_221' title='bbox 1400 3730 1420 3749; x_wconf 80' lang='lat' dir='ltr'>n</span> <span class='ocrx_word' id='word_1_222' title='bbox 1449 3707 1617 3755; x_wconf 66' lang='lat' dir='ltr'>Burin.</span> 
     </span>
    </p>

    <p class='ocr_par' dir='ltr' id='par_1_5' title="bbox 737 3784 1765 4428">
     <span class='ocr_line' id='line_1_30' title="bbox 825 3784 1762 3855; baseline -0.004 -15"><span class='ocrx_word' id='word_1_223' title='bbox 825 3808 872 3840; x_wconf 80' lang='lat'>2.</span> <span class='ocrx_word' id='word_1_224' title='bbox 896 3790 1020 3840; x_wconf 82' lang='lat' dir='ltr'>Non</span> <span class='ocrx_word' id='word_1_225' title='bbox 1045 3786 1181 3837; x_wconf 77' lang='lat' dir='ltr'>mihi</span> <span class='ocrx_word' id='word_1_226' title='bbox 1204 3784 1503 3855; x_wconf 78' lang='lat' dir='ltr'>auferretur</span> <span class='ocrx_word' id='word_1_227' title='bbox 1531 3786 1682 3836; x_wconf 77' lang='lat' dir='ltr'>ratio.</span> <span class='ocrx_word' id='word_1_228' title='bbox 1711 3786 1762 3837; x_wconf 89' lang='lat' dir='ltr'>Si</span> 
     </span>
     <span class='ocr_line' id='line_1_31' title="bbox 749 3866 1760 3940; baseline -0.005 -17"><span class='ocrx_word' id='word_1_229' title='bbox 749 3891 878 3923; x_wconf 82' lang='lat' dir='ltr'>mcae</span> <span class='ocrx_word' id='word_1_230' title='bbox 906 3888 1031 3940; x_wconf 80' lang='lat' dir='ltr'>apes</span> <span class='ocrx_word' id='word_1_231' title='bbox 1060 3866 1400 3938; x_wconf 83' lang='lat' dir='ltr'>decerpendo</span> <span class='ocrx_word' id='word_1_232' title='bbox 1434 3866 1589 3919; x_wconf 82' lang='lat' dir='ltr'>llores</span> <span class='ocrx_word' id='word_1_233' title='bbox 1613 3883 1760 3932; x_wconf 89' lang='lat' dir='ltr'>tuos,</span> 
     </span>
     <span class='ocr_line' id='line_1_32' title="bbox 749 3948 1764 4014; baseline -0.005 -11"><span class='ocrx_word' id='word_1_234' title='bbox 749 3951 848 4004; x_wconf 84' lang='lat' dir='ltr'>tibi</span> <span class='ocrx_word' id='word_1_235' title='bbox 872 3951 1125 4002; x_wconf 87' lang='lat' dir='ltr'>damnum</span> <span class='ocrx_word' id='word_1_236' title='bbox 1147 3948 1474 4014; x_wconf 81' lang='lat' dir='ltr'>attulissent,</span> <span class='ocrx_word' id='word_1_237' title='bbox 1493 3963 1546 4001; x_wconf 87' lang='lat' dir='ltr'>et</span> <span class='ocrx_word' id='word_1_238' title='bbox 1565 3964 1623 4001; x_wconf 81' lang='lat' dir='ltr'>tu</span> <span class='ocrx_word' id='word_1_239' title='bbox 1650 3948 1764 4001; x_wconf 89' lang='lat' dir='ltr'>nul-</span> 
     </span>
     <span class='ocr_line' id='line_1_33' title="bbox 747 4031 1765 4103; baseline -0.001 -19"><span class='ocrx_word' id='word_1_240' title='bbox 747 4032 858 4084; x_wconf 89' lang='lat' dir='ltr'>lum</span> <span class='ocrx_word' id='word_1_241' title='bbox 877 4031 1004 4083; x_wconf 83' lang='lat' dir='ltr'>mihi</span> <span class='ocrx_word' id='word_1_242' title='bbox 1023 4031 1316 4096; x_wconf 75' lang='lat' dir='ltr'>attulisses,</span> <span class='ocrx_word' id='word_1_243' title='bbox 1331 4031 1413 4103; x_wconf 90' lang='lat' dir='ltr'>(ut</span> <span class='ocrx_word' id='word_1_244' title='bbox 1434 4052 1575 4083; x_wconf 91' lang='lat' dir='ltr'>nunc</span> <span class='ocrx_word' id='word_1_245' title='bbox 1597 4033 1765 4083; x_wconf 77' lang='lat' dir='ltr'>maxi-</span> 
     </span>
     <span class='ocr_line' id='line_1_34' title="bbox 748 4113 1763 4183; baseline -0.004 -16"><span class='ocrx_word' id='word_1_246' title='bbox 748 4134 834 4167; x_wconf 86' lang='lat' dir='ltr'>me</span> <span class='ocrx_word' id='word_1_247' title='bbox 859 4116 1058 4167; x_wconf 85' lang='lat' dir='ltr'>factum</span> <span class='ocrx_word' id='word_1_248' title='bbox 1077 4127 1183 4178; x_wconf 86' lang='lat' dir='ltr'>est,</span> <span class='ocrx_word' id='word_1_249' title='bbox 1204 4132 1410 4166; x_wconf 82' lang='lat' dir='ltr'>veneno</span> <span class='ocrx_word' id='word_1_250' title='bbox 1426 4115 1488 4166; x_wconf 75' lang='lat' dir='ltr'>iis</span> <span class='ocrx_word' id='word_1_251' title='bbox 1512 4113 1763 4183; x_wconf 80' lang='lat' dir='ltr'>sublatis)</span> 
     </span>
     <span class='ocr_line' id='line_1_35' title="bbox 749 4196 1762 4269; baseline 0 -21"><span class='ocrx_word' id='word_1_252' title='bbox 749 4197 930 4269; x_wconf 81' lang='lat' dir='ltr'>aliqua</span> <span class='ocrx_word' id='word_1_253' title='bbox 955 4196 1049 4248; x_wconf 88' lang='lat' dir='ltr'>tibi</span> <span class='ocrx_word' id='word_1_254' title='bbox 1077 4197 1259 4249; x_wconf 80' lang='lat' dir='ltr'>forsan</span> <span class='ocrx_word' id='word_1_255' title='bbox 1284 4199 1416 4249; x_wconf 85' lang='lat' dir='ltr'>ratio</span> <span class='ocrx_word' id='word_1_256' title='bbox 1449 4196 1687 4260; x_wconf 85' lang='lat' dir='ltr'>daretur,</span> <span class='ocrx_word' id='word_1_257' title='bbox 1718 4198 1762 4248; x_wconf 82' lang='lat' dir='ltr'>si</span> 
     </span>
     <span class='ocr_line' id='line_1_36' title="bbox 737 4273 1761 4347; baseline -0.003 -19"><span class='ocrx_word' id='word_1_258' title='bbox 737 4276 907 4328; x_wconf 56' lang='lat' dir='ltr'>velles</span> <span class='ocrx_word' id='word_1_259' title='bbox 942 4277 1064 4347; x_wconf 84' lang='lat' dir='ltr'>jure</span> <span class='ocrx_word' id='word_1_260' title='bbox 1107 4295 1312 4328; x_wconf 88' lang='lat' dir='ltr'>mecum</span> <span class='ocrx_word' id='word_1_261' title='bbox 1361 4275 1586 4346; x_wconf 86' lang='lat' dir='ltr'>experiri</span> <span class='ocrx_word' id='word_1_262' title='bbox 1613 4293 1624 4321; x_wconf 93' lang='lat'><strong>:</strong></span> <span class='ocrx_word' id='word_1_263' title='bbox 1664 4273 1761 4327; x_wconf 85' lang='lat' dir='ltr'>sed</span> 
     </span>
     <span class='ocr_line' id='line_1_37' title="bbox 746 4353 1757 4428; baseline 0.001 -23"><span class='ocrx_word' id='word_1_264' title='bbox 746 4372 888 4410; x_wconf 85' lang='lat' dir='ltr'>nunc</span> <span class='ocrx_word' id='word_1_265' title='bbox 914 4354 1042 4428; x_wconf 82' lang='lat' dir='ltr'>quid</span> <span class='ocrx_word' id='word_1_266' title='bbox 1068 4355 1340 4427; x_wconf 76' lang='lat' dir='ltr'>quereris?</span> <span class='ocrx_word' id='word_1_267' title='bbox 1372 4372 1499 4426; x_wconf 82' lang='lat' dir='ltr'>apes</span> <span class='ocrx_word' id='word_1_268' title='bbox 1536 4353 1757 4426; x_wconf 78' lang='lat' dir='ltr'>decerp-</span> 
     </span>
    </p>
   </div>
   <div class='ocr_carea' id='block_1_4' title="bbox 1840 3061 2859 4425">
    <p class='ocr_par' dir='ltr' id='par_1_6' title="bbox 1842 3061 2859 4182">
     <span class='ocr_line' id='line_1_38' title="bbox 1845 3061 2856 3137; baseline 0.001 -23"><span class='ocrx_word' id='word_1_269' title='bbox 1845 3078 2025 3114; x_wconf 80' lang='lat' dir='ltr'>serunt</span> <span class='ocrx_word' id='word_1_270' title='bbox 2052 3064 2204 3115; x_wconf 78' lang='lat' dir='ltr'>flores</span> <span class='ocrx_word' id='word_1_271' title='bbox 2239 3064 2383 3117; x_wconf 70' lang='lat' dir='ltr'>brevi</span> <span class='ocrx_word' id='word_1_272' title='bbox 2406 3065 2693 3137; x_wconf 73' lang='lat' dir='ltr'>peritur-03,</span> <span class='ocrx_word' id='word_1_273' title='bbox 2719 3061 2856 3115; x_wconf 82' lang='lat' dir='ltr'>nihil</span> 
     </span>
     <span class='ocr_line' id='line_1_39' title="bbox 1843 3142 2859 3206; baseline 0 -13"><span class='ocrx_word' id='word_1_274' title='bbox 1843 3142 1965 3194; x_wconf 87' lang='lat' dir='ltr'>inde</span> <span class='ocrx_word' id='word_1_275' title='bbox 2001 3146 2156 3194; x_wconf 82' lang='lat' dir='ltr'>etiam</span> <span class='ocrx_word' id='word_1_276' title='bbox 2189 3144 2549 3206; x_wconf 84' lang='lat' dir='ltr'>abstulerunt,</span> <span class='ocrx_word' id='word_1_277' title='bbox 2583 3144 2743 3194; x_wconf 87' lang='lat' dir='ltr'>immo</span> <span class='ocrx_word' id='word_1_278' title='bbox 2770 3146 2859 3193; x_wconf 87' lang='lat' dir='ltr'>in-</span> 
     </span>
     <span class='ocr_line' id='line_1_40' title="bbox 1843 3220 2857 3293; baseline 0.001 -21"><span class='ocrx_word' id='word_1_279' title='bbox 1843 3225 2083 3293; x_wconf 87' lang='lat' dir='ltr'>pirarunt</span> <span class='ocrx_word' id='word_1_280' title='bbox 2129 3222 2347 3274; x_wconf 83' lang='lat' dir='ltr'>odorem</span> <span class='ocrx_word' id='word_1_281' title='bbox 2401 3222 2565 3274; x_wconf 85' lang='lat' dir='ltr'>mellis</span> <span class='ocrx_word' id='word_1_282' title='bbox 2586 3260 2602 3287; x_wconf 90' lang='lat'>,</span> <span class='ocrx_word' id='word_1_283' title='bbox 2648 3220 2857 3273; x_wconf 84' lang='lat' dir='ltr'>nullum</span> 
     </span>
     <span class='ocr_line' id='line_1_41' title="bbox 1845 3304 2858 3376; baseline 0.001 -22"><span class='ocrx_word' id='word_1_284' title='bbox 1845 3324 1969 3372; x_wconf 75' lang='lat' dir='ltr'>ergo</span> <span class='ocrx_word' id='word_1_285' title='bbox 2001 3304 2254 3356; x_wconf 83' lang='lat' dir='ltr'>damnum</span> <span class='ocrx_word' id='word_1_286' title='bbox 2280 3306 2478 3356; x_wconf 76' lang='lat' dir='ltr'>fecisti:</span> <span class='ocrx_word' id='word_1_287' title='bbox 2507 3323 2606 3376; x_wconf 79' lang='lat' dir='ltr'>ego</span> <span class='ocrx_word' id='word_1_288' title='bbox 2630 3322 2777 3370; x_wconf 80' lang='lat' dir='ltr'>veru,</span> <span class='ocrx_word' id='word_1_289' title='bbox 2803 3306 2858 3355; x_wconf 88' lang='lat' dir='ltr'>in</span> 
     </span>
     <span class='ocr_line' id='line_1_42' title="bbox 1845 3385 2858 3459; baseline 0.003 -24"><span class='ocrx_word' id='word_1_290' title='bbox 1845 3386 2035 3455; x_wconf 76' lang='lat' dir='ltr'>apibus</span> <span class='ocrx_word' id='word_1_291' title='bbox 2052 3425 2068 3448; x_wconf 86' lang='lat'>,</span> <span class='ocrx_word' id='word_1_292' title='bbox 2095 3406 2277 3439; x_wconf 85' lang='lat' dir='ltr'>omnes</span> <span class='ocrx_word' id='word_1_293' title='bbox 2299 3406 2429 3458; x_wconf 84' lang='lat' dir='ltr'>opes</span> <span class='ocrx_word' id='word_1_294' title='bbox 2444 3425 2461 3450; x_wconf 90' lang='lat'>,</span> <span class='ocrx_word' id='word_1_295' title='bbox 2478 3385 2715 3456; x_wconf 66' lang='lat' dir='ltr'>praesidia</span> <span class='ocrx_word' id='word_1_296' title='bbox 2734 3405 2858 3459; x_wconf 85' lang='lat' dir='ltr'>pau·</span> 
     </span>
     <span class='ocr_line' id='line_1_43' title="bbox 1844 3468 2855 3535; baseline 0.004 -21"><span class='ocrx_word' id='word_1_297' title='bbox 1844 3468 2064 3535; x_wconf 61' lang='lat' dir='ltr'>portatis</span> <span class='ocrx_word' id='word_1_298' title='bbox 2084 3504 2098 3526; x_wconf 91' lang='lat'>,</span> <span class='ocrx_word' id='word_1_299' title='bbox 2119 3468 2411 3535; x_wconf 75' lang='lat' dir='ltr'>suffugium</span> <span class='ocrx_word' id='word_1_300' title='bbox 2431 3469 2717 3519; x_wconf 82' lang='lat' dir='ltr'>senectutis</span> <span class='ocrx_word' id='word_1_301' title='bbox 2734 3468 2855 3518; x_wconf 72' lang='lat' dir='ltr'>anti·</span> 
     </span>
     <span class='ocr_line' id='line_1_44' title="bbox 1846 3544 2858 3618; baseline 0.003 -24"><span class='ocrx_word' id='word_1_302' title='bbox 1846 3546 1916 3594; x_wconf 83' lang='lat' dir='ltr'>si:</span> <span class='ocrx_word' id='word_1_303' title='bbox 1954 3546 2112 3595; x_wconf 87' lang='lat' dir='ltr'>immo</span> <span class='ocrx_word' id='word_1_304' title='bbox 2140 3544 2268 3616; x_wconf 88' lang='lat' dir='ltr'>quid</span> <span class='ocrx_word' id='word_1_305' title='bbox 2299 3545 2554 3596; x_wconf 88' lang='lat' dir='ltr'>damnum</span> <span class='ocrx_word' id='word_1_306' title='bbox 2584 3546 2858 3618; x_wconf 82' lang='lat' dir='ltr'>quereris?</span> 
     </span>
     <span class='ocr_line' id='line_1_45' title="bbox 1844 3628 2855 3697; baseline 0.001 -20"><span class='ocrx_word' id='word_1_307' title='bbox 1844 3629 2101 3697; x_wconf 79' lang='lat' dir='ltr'>primitias</span> <span class='ocrx_word' id='word_1_308' title='bbox 2141 3628 2233 3679; x_wconf 83' lang='lat' dir='ltr'>tibi</span> <span class='ocrx_word' id='word_1_309' title='bbox 2279 3629 2420 3679; x_wconf 88' lang='lat' dir='ltr'>omni</span> <span class='ocrx_word' id='word_1_310' title='bbox 2462 3646 2584 3679; x_wconf 81' lang='lat' dir='ltr'>vere</span> <span class='ocrx_word' id='word_1_311' title='bbox 2614 3630 2763 3692; x_wconf 82' lang='lat' dir='ltr'>misi,</span> <span class='ocrx_word' id='word_1_312' title='bbox 2804 3641 2855 3679; x_wconf 82' lang='lat' dir='ltr'>et</span> 
     </span>
     <span class='ocr_line' id='line_1_46' title="bbox 1844 3709 2852 3781; baseline 0 -21"><span class='ocrx_word' id='word_1_313' title='bbox 1844 3730 1960 3780; x_wconf 84' lang='lat' dir='ltr'>quae</span> <span class='ocrx_word' id='word_1_314' title='bbox 1986 3724 2315 3781; x_wconf 77' lang='lat' dir='ltr'>sequuntur-3</span> <span class='ocrx_word' id='word_1_315' title='bbox 2340 3709 2422 3761; x_wconf 80' lang='lat' dir='ltr'>vel</span> <span class='ocrx_word' id='word_1_316' title='bbox 2447 3709 2584 3761; x_wconf 69' lang='lat' dir='ltr'>ratio</span> <span class='ocrx_word' id='word_1_317' title='bbox 2613 3710 2852 3774; x_wconf 81' lang='lat' dir='ltr'>daretur,</span> 
     </span>
     <span class='ocr_line' id='line_1_47' title="bbox 1843 3789 2852 3862; baseline 0.001 -20"><span class='ocrx_word' id='word_1_318' title='bbox 1843 3806 2017 3862; x_wconf 84' lang='lat' dir='ltr'>potest</span> <span class='ocrx_word' id='word_1_319' title='bbox 2061 3793 2209 3862; x_wconf 85' lang='lat' dir='ltr'>capi,</span> <span class='ocrx_word' id='word_1_320' title='bbox 2252 3810 2353 3862; x_wconf 88' lang='lat' dir='ltr'>pro</span> <span class='ocrx_word' id='word_1_321' title='bbox 2397 3805 2577 3843; x_wconf 83' lang='lat' dir='ltr'>tecum</span> <span class='ocrx_word' id='word_1_322' title='bbox 2618 3789 2852 3843; x_wconf 80' lang='lat' dir='ltr'>calculos</span> 
     </span>
     <span class='ocr_line' id='line_1_48' title="bbox 1842 3873 2852 3945; baseline 0 -21"><span class='ocrx_word' id='word_1_323' title='bbox 1842 3874 1982 3924; x_wconf 86' lang='lat' dir='ltr'>forte</span> <span class='ocrx_word' id='word_1_324' title='bbox 2006 3873 2214 3943; x_wconf 85' lang='lat' dir='ltr'>aliquos</span> <span class='ocrx_word' id='word_1_325' title='bbox 2254 3874 2640 3938; x_wconf 85' lang='lat' dir='ltr'>subducerem,</span> <span class='ocrx_word' id='word_1_326' title='bbox 2671 3886 2721 3925; x_wconf 87' lang='lat' dir='ltr'>et</span> <span class='ocrx_word' id='word_1_327' title='bbox 2753 3891 2852 3945; x_wconf 87' lang='lat' dir='ltr'>pro</span> 
     </span>
     <span class='ocr_line' id='line_1_49' title="bbox 1843 3954 2855 4022; baseline -0.001 -16"><span class='ocrx_word' id='word_1_328' title='bbox 1843 3954 2039 4007; x_wconf 85' lang='lat' dir='ltr'>damno</span> <span class='ocrx_word' id='word_1_329' title='bbox 2061 3954 2307 4022; x_wconf 85' lang='lat' dir='ltr'>floribus,</span> <span class='ocrx_word' id='word_1_330' title='bbox 2323 3969 2383 4007; x_wconf 89' lang='lat' dir='ltr'>nt</span> <span class='ocrx_word' id='word_1_331' title='bbox 2403 3954 2712 4022; x_wconf 81' lang='lat' dir='ltr'>contendis,</span> <span class='ocrx_word' id='word_1_332' title='bbox 2732 3954 2855 4006; x_wconf 78' lang='lat' dir='ltr'>alla-</span> 
     </span>
     <span class='ocr_line' id='line_1_50' title="bbox 1842 4034 2851 4107; baseline -0.001 -21"><span class='ocrx_word' id='word_1_333' title='bbox 1842 4047 1920 4100; x_wconf 83' lang='lat' dir='ltr'>to,</span> <span class='ocrx_word' id='word_1_334' title='bbox 1932 4054 2245 4107; x_wconf 83' lang='lat' dir='ltr'>reponerem</span> <span class='ocrx_word' id='word_1_335' title='bbox 2261 4034 2573 4086; x_wconf 80' lang='lat' dir='ltr'>munuscula</span> <span class='ocrx_word' id='word_1_336' title='bbox 2590 4035 2851 4102; x_wconf 84' lang='lat' dir='ltr'>favorum,</span> 
     </span>
     <span class='ocr_line' id='line_1_51' title="bbox 1844 4113 2747 4182; baseline -0.004 -16"><span class='ocrx_word' id='word_1_337' title='bbox 1844 4128 1896 4166; x_wconf 90' lang='lat' dir='ltr'>et</span> <span class='ocrx_word' id='word_1_338' title='bbox 1925 4116 1993 4165; x_wconf 89' lang='lat' dir='ltr'>ita</span> <span class='ocrx_word' id='word_1_339' title='bbox 2022 4113 2315 4166; x_wconf 83' lang='lat' dir='ltr'>retulissem</span> <span class='ocrx_word' id='word_1_340' title='bbox 2337 4114 2551 4182; x_wconf 75' lang='lat' dir='ltr'>gratias.</span> <span class='ocrx_word' id='word_1_341' title='bbox 2578 4114 2747 4166; x_wconf 70' lang='lat' dir='ltr'>Bon.</span> 
     </span>
    </p>

    <p class='ocr_par' dir='ltr' id='par_1_7' title="bbox 1840 4192 2852 4425">
     <span class='ocr_line' id='line_1_52' title="bbox 1916 4192 2851 4266; baseline -0.005 -19"><span class='ocrx_word' id='word_1_342' title='bbox 1916 4195 1966 4247; x_wconf 89' lang='lat'>3.</span> <span class='ocrx_word' id='word_1_343' title='bbox 1994 4194 2065 4244; x_wconf 77' lang='lat' dir='ltr'>Et</span> <span class='ocrx_word' id='word_1_344' title='bbox 2091 4195 2299 4266; x_wconf 78' lang='lat' dir='ltr'>iqnotus</span> <span class='ocrx_word' id='word_1_345' title='bbox 2321 4210 2529 4246; x_wconf 77' lang='lat' dir='ltr'>occasus</span> <span class='ocrx_word' id='word_1_346' title='bbox 2553 4205 2640 4246; x_wconf 77' lang='lat' dir='ltr'>est.</span> <span class='ocrx_word' id='word_1_347' title='bbox 2667 4192 2851 4263; x_wconf 82' lang='lat' dir='ltr'>Suspi-</span> 
     </span>
     <span class='ocr_line' id='line_1_53' title="bbox 1842 4273 2852 4340; baseline -0.001 -16"><span class='ocrx_word' id='word_1_348' title='bbox 1842 4290 1936 4324; x_wconf 89' lang='lat' dir='ltr'>cor</span> <span class='ocrx_word' id='word_1_349' title='bbox 1956 4292 1966 4320; x_wconf 94' lang='lat'><strong>:</strong></span> <span class='ocrx_word' id='word_1_350' title='bbox 1984 4285 2031 4325; x_wconf 79' lang='lat' dir='ltr'>et</span> <span class='ocrx_word' id='word_1_351' title='bbox 2045 4274 2285 4325; x_wconf 80' lang='lat' dir='ltr'>admotus</span> <span class='ocrx_word' id='word_1_352' title='bbox 2296 4290 2502 4326; x_wconf 79' lang='lat' dir='ltr'>occasus</span> <span class='ocrx_word' id='word_1_353' title='bbox 2513 4284 2603 4340; x_wconf 78' lang='lat' dir='ltr'>est,</span> <span class='ocrx_word' id='word_1_354' title='bbox 2618 4273 2821 4325; x_wconf 77' lang='lat' dir='ltr'>vicinus</span> <span class='ocrx_word' id='word_1_355' title='bbox 2832 4309 2852 4339; x_wconf 78' lang='lat'><em>‚</em></span> 
     </span>
     <span class='ocr_line' id='line_1_54' title="bbox 1840 4352 2457 4425; baseline -0.002 -21"><span class='ocrx_word' id='word_1_356' title='bbox 1840 4352 2197 4425; x_wconf 74' lang='lat' dir='ltr'>propinquus.</span> <span class='ocrx_word' id='word_1_357' title='bbox 2220 4353 2457 4406; x_wconf 56' lang='grc' dir='ltr'>(ἢκουον.</span> 
     </span>
    </p>
   </div>
  </div>
 </body>
</html>
