3200 5117
761 530 881 594 318
1271 529 1357 588 M.
1411 527 1657 588 mm}
1706 523 2346 604 QUINTILIANI

759 680 832 728 ut
867 682 1100 726 amare
1135 654 1521 723 desinerem
1552 679 1564 720 :
1606 673 1842 721 contra
1874 677 1987 720 me
2022 651 2385 720 inventum
2415 671 2551 738 est,
2589 669 2665 722 ut
2695 649 2867 720 invi·

758 798 864 844 tus
901 775 1222 844 odissem.

856 891 939 958 Π.
973 890 1121 956 Hoc
1148 887 1454 983 primum
1487 884 1717 979 itaque
1738 881 2087 980 ‚judic-es,
2118 909 2157 950 a
2183 881 2551 953 clementia
2576 885 2865 981 publica

759 1027 956 1102 pet0,
1007 1031 1092 1072 ne
1139 1002 1324 1096 quod
1365 1000 1604 1068 videtis
1647 998 1907 1068 tristem
1951 997 2232 1084 habitu,
2274 997 2649 1096 dirumque
2689 1027 2864 1070 con-

758 1143 990 1219 spectu
1013 1178 1029 1207 ,
1059 1118 1277 1187 verbis
1311 1142 1633 1212 asperum
1658 1173 1674 1202 ,
1709 1115 2155 1184 contentione
2188 1115 2562 1185 terribilem
2586 1172 2603 1201 ,
2638 1144 2865 1186 mores

761 1237 1044 1334 putetis:
1085 1235 1226 1302 haec
1271 1253 1369 1300 est
1409 1229 1525 1299 illa
1565 1230 1817 1298 sanitas
1858 1257 2047 1298 mea:
2088 1229 2181 1298 sic
2216 1231 2541 1322 omnium
2582 1232 2655 1301 in
2698 1232 2863 1302 'hac

759 1351 1062 1448 corporis
1115 1346 1506 1441 mentisque
1557 1344 1833 1413 dierum
1880 1343 2336 1439 noctiumque
2390 1346 2689 1434 feritate,
2745 1346 2863 1417 ille

765 1467 973 1538 modo
1011 1465 1236 1550 laetus,
1274 1462 1426 1548 ille,
1465 1461 1518 1529 si
1552 1459 1858 1546 creditis,
1896 1459 2203 1529 nimium
2243 1462 2563 1532 remissus
2597 1484 2864 1533 amator

760 1581 1128 1654 excandui.
1151 1576 1579 1650 Miseremini
1604 1576 1657 1674 ,j
1673 1574 1902 1645 udices
1928 1632 1946 1662 ,
1968 1602 2053 1644 ne
2075 1576 2268 1646 vobis
2287 1578 2590 1649 venefica
2612 1578 2705 1648 sic
2730 1578 2865 1647 im-

765 1722 1015 1800 ponat,
1046 1721 1408 1794 tamquam
1438 1695 1566 1762 hoc
1598 1693 1737 1763 mei
1766 1693 2037 1762 caritate
2065 1716 2467 1764 commenta
2495 1695 2619 1765 sit:
2654 1722 2867 1766 suum

764 1818 1082 1887 animum
1105 1872 1123 1902 ,
1149 1839 1355 1883 suum
1382 1832 1653 1881 tantum
1680 1830 1910 1879 secuta
1934 1809 2293 1880 fastidium
2322 1831 2421 1881 est
2450 1838 2462 1880 :
2488 1810 2623 1881 odii
2644 1811 2868 1909 potio·

767 1961 928 2003 nem
971 1953 1208 2001 contra
1250 1956 1318 1998 se
1361 1953 1569 1996 nemo
1612 1926 1801 1995 dabit
1841 1925 2149 2012 homini,
2195 1926 2323 1994 nisi
2367 1953 2579 2024 quem
2619 1925 2865 1996 oderit.

766 2052 1019 2139 Quaeso
1052 2049 1279 2142 itaque
1312 2044 1750 2138 obtestorque
1782 2069 1933 2131 vos,
1970 2043 2375 2112 sanctissimi
2398 2044 2561 2130 viri,
2586 2066 2660 2113 ut
2680 2043 2868 2114 cala-

769 2163 1022 2233 mitatis
1042 2187 1212 2230 meae
1233 2159 1505 2256 penitus
1524 2156 1743 2226 velitis
1766 2157 2101 2228 aestimare
2130 2185 2562 2228 mensuram:
2595 2158 2870 2257 perdidi

769 2276 1040 2362 infelix,
1082 2274 1272 2371 quod
1308 2271 1730 2370 quandoque
1768 2271 1960 2369 potui
1999 2300 2232 2343 amare
2272 2274 2613 2345 desinere:
2655 2276 2871 2373 patior

766 2391 1249 2461 necessitatem
1279 2389 1409 2474 rei,
1435 2414 1646 2482 quam
1673 2387 1968 2458 breviter
1988 2389 2226 2486 utique
2250 2388 2626 2461 noluissem
2652 2419 2665 2460 :
2692 2417 2871 2461 exco-

767 2508 1018 2604 gitatur
1043 2527 1276 2576 contra
1305 2503 1622 2574 animum
1650 2505 2096 2601 futuramque
2116 2507 2457 2577 rationem
2479 2566 2497 2596 ,
2522 2535 2610 2578 ne
2630 2566 2648 2596 ,
2682 2506 2869 2607 quod

769 2623 1300 2720 relinqueretur,
1343 2648 1537 2692 meus
1577 2644 1749 2692 esset
1787 2623 2100 2693 affectuS.
2149 2625 2412 2693 lterum
2453 2651 2619 2694 cum
2660 2650 2871 2696 mere-

768 2741 927 2811 trice
963 2740 1386 2838 compositus
1426 2767 1579 2809 sum
1606 2797 1622 2826 ,
1671 2767 1905 2810 rursus
1946 2740 2015 2808 in
2058 2767 2126 2809 se
2160 2739 2602 2836 cogitationes
2641 2767 2866 2830 meaS,

771 2883 1002 2926 rursus
1045 2855 1308 2926 retorsit
1352 2854 1621 2925 oculos:
1667 2876 1733 2925 et
1772 2854 2177 2942 hominem,
2223 2883 2436 2951 quem
2482 2855 2569 2926 ab
2616 2856 2874 2926 incom-

771 2973 977 3042 moda
1000 2971 1280 3042 caritate
1307 2972 1410 3041 vel
1439 2973 1710 3042 satietas
1730 3029 1746 3056 ‚
1776 2972 1882 3042 vel
1912 2994 2102 3058 aetaS,
2130 2971 2234 3042 vel
2260 2974 2549 3043 fortunae
2573 2998 2711 3042 suae
2739 2970 2876 3042 fuit

770 3088 1137 3158 dimissura
1160 3086 1461 3156 conditio
1482 3144 1498 3173 ,
1524 3087 1608 3155 ad
1636 3109 2042 3184 perpetuum
2070 3086 2577 3184 impatientiam
2604 3085 2873 3159 viribus

767 3203 1001 3274 nimiae
1020 3203 1422 3273 diversitatis
1442 3203 1809 3300 implicuit.
1832 3205 1982 3272 Hoc
2002 3202 2228 3273 solum
2249 3203 2634 3274 insanabile
2651 3230 2872 3302 genus

768 3319 1011 3390 mortis
1054 3332 1219 3405 est2,
1264 3339 1340 3387 ut
1377 3317 1595 3388 odisse
1632 3318 1911 3414 cogaris.
1960 3319 2232 3388 Festina
2270 3318 2357 3388 ad
2395 3318 2873 3418 comploratio-

772 3462 931 3504 nem
967 3434 1317 3531 praescntis
1355 3433 1644 3522 doloris,
1683 3435 1959 3521 anime,
1991 3435 2278 3505 festina:
2313 3433 2431 3504 sed
2462 3455 2527 3505 te
2558 3462 2597 3504 a
2632 3434 2872 3533 priori·

769 3551 901 3620 bus
951 3550 1154 3620 malis
1203 3578 1436 3621 recens
1491 3550 1773 3621 abducit
1814 3550 2224 3648 indignitas;
2276 3551 2483 3622 altius
2531 3551 2869 3650 gemituS,

771 3667 976 3738 altius
1002 3668 1281 3764 querela
1311 3669 1686 3765 repetenda
1713 3691 1812 3740 cst
1837 3697 1850 3738 ε
1880 3697 2106 3767 quum
2132 3669 2505 3740 meretricis
2529 3669 2616 3740 sit
2638 3726 2655 3758 ,
2683 3666 2871 3766 quod

770 3806 1034 3854 amator
1067 3784 1222 3870 odi,
1256 3786 1452 3887 cujus
1489 3786 1745 3884 putatis
1775 3814 1915 3857 esse
1940 3845 1956 3876 ,
1989 3786 2178 3884 quod
2216 3813 2479 3885 pauper
2513 3783 2873 3856 adamavi?

772 3952 924 4017 dam,
950 3972 1033 4007 me
1059 3973 1260 4019 amare,
1291 3969 1343 4007 et
1367 3959 1435 4007 ita
1467 3955 1532 4008 ab
1562 3956 1673 4008 odii
1709 3959 1780 4008 is-
1861 3957 2034 4009 diebus
2070 3958 2402 4027 noctibusque
2428 3955 2705 4027 feritatem
2723 3993 2743 4022 ‚
2782 3954 2873 4007 ille

773 4036 876 4084 tius
901 4036 1119 4104 potione
1140 4033 1421 4086 liberatum
1447 4055 1582 4087 esse.
1612 4040 1777 4088 Burin.
1862 4037 2017 4088 modo
2040 4035 2202 4087 [cetus.
2230 4037 2465 4086 Gnouov.

852 4128 869 4162 t
884 4151 894 4162 .
912 4111 1000 4163 Sic
1020 4113 1255 4163 omnium
1279 4113 1330 4163 in
1353 4113 1464 4164 hac.
1481 4116 1640 4165 Forte
1663 4117 1784 4164 scri·
1938 4135 1984 4169 2.
2030 4117 2330 4168 Insatiabilis»
2365 4135 2530 4188 yenus
2574 4117 2753 4168 mortis
2782 4127 2872 4168 est.

773 4194 908 4264 psit:
940 4193 1047 4244 hoec
1074 4204 1146 4246 est
1174 4194 1270 4245 illa
1295 4195 1488 4246 sanitas
1508 4212 1624 4246 mea
1642 4233 1660 4259 ,
1688 4195 1784 4248 hoc
1864 4195 2025 4263 Quod
2049 4214 2174 4265 ergo
2202 4197 2385 4246 mortis
2409 4214 2578 4265 genus
2604 4191 2875 4250 sanabile?

775 4273 952 4324 odium
968 4297 981 4324 .·
1007 4273 1061 4324 in
1092 4271 1227 4325 'canc
1249 4275 1475 4342 corporis
1498 4278 1785 4348 mentisque
1864 4277 2044 4330 Scribe
2070 4276 2251 4330 morbi.
2274 4276 2513 4331 Gnoson
