3200 5117
685 513 1313 584 Decumum
1358 515 1409 578 1.
1459 511 1644 579 pao
1687 469 1998 579 casco(
2326 535 2358 598 7

398 634 521 707 lv.
547 636 722 723 Vos,
737 634 1037 735 judices,
1060 635 1439 708 criminum
1464 634 1843 710 tumultum
1868 659 1948 705 ex
1972 659 2203 706 rerum
2229 631 2364 704 fide

302 746 532 821 ducite
555 764 598 821 ¹.
650 749 1020 824 Boi-miens
1047 777 1283 840 senex,
1311 776 1522 848 quem
1557 776 1780 822 caecus
1803 771 2155 847 percussor
2182 773 2368 844 quae-

304 883 511 951 reret,
542 863 866 938 excitatus
899 885 1059 937 ante
1094 885 1297 954 esset,
1331 890 1543 961 quam
1576 863 2017 935 inveniretur.
2045 864 2368 958 Jungunt

302 973 416 1047 his
443 976 665 1052 multo
692 975 1230 1070 incredibiliora,
1262 998 1342 1052 ut
1368 976 1695 1050 occiderit
1722 997 2018 1075 patrem,
2053 999 2367 1074 peperce-

304 1087 395 1159 rit
417 1091 766 1180 Novercae,
800 1091 1246 1188 parricidium
1277 1111 1508 1163 autem
1540 1116 1685 1164 uno
1717 1090 1858 1161 ictu
1884 1086 2363 1186 ²explicuerit:

302 1204 494 1301 quod
519 1205 659 1277 fere
686 1206 797 1277 vix
824 1204 1032 1278 etiam
1067 1205 1150 1277 iis
1182 1205 1576 1304 contingere
1599 1205 1797 1295 solet,
1828 1202 2208 1303 quioculos
2229 1225 2367 1272 ma-

303 1341 404 1388 nu
441 1338 848 1415 sequuntur.
891 1317 1104 1390 Nulla
1141 1344 1299 1416 ergo
1329 1318 1681 1390 luminum
1721 1319 1963 1408 virtus,
2005 1317 2125 1389 sed
2152 1315 2365 1392 homo

274 1430 569 1504 ferrum
605 1425 937 1504 missurus
966 1431 1045 1503 in
1081 1458 1314 1505 casum
1331 1431 1383 1522 ³,
1424 1433 1579 1504 satis
1613 1432 1812 1523 felix,
1845 1433 1898 1505 si
1933 1431 2368 1532 percussisset

282 1569 795 1643 ,quamcunque
826 1546 1127 1644 eorporis
1163 1567 1456 1646 partem,
1495 1547 1568 1618 in
1602 1547 1826 1646 ipsam
1863 1548 2178 1647 protinus
2208 1545 2367 1618 ani-

290 1681 499 1728 mam
534 1657 805 1748 incidit,
832 1680 907 1734 ,et
935 1686 1025 1734 an
1064 1661 1269 1732 morti
1296 1659 1751 1749 satisfecisset,
1784 1659 2133 1740 intellexit.
2176 1659 2367 1730 Offi-

298 1770 527 1860 cium,
550 1771 855 1870 judices,
890 1772 1253 1844 oculorum
1282 1793 1384 1846 est
1414 1774 1817 1846 renunciare
1841 1772 2165 1844 manibus
2197 1771 2370 1867 quid

302 1905 535 1960 acuam
557 1885 665 1960 sit.
696 1887 877 1960 Gaeci
899 1890 1315 1987 percussoris
1340 1913 1485 1961 una
1507 1887 1826 1961 securitas
1845 1888 2099 1976 fuerat,
2121 1885 2368 1984 saepius

300 1997 529 2070 ferire.
550 2001 779 2097 Negat
805 2020 1127 2097 praeterea
1146 2001 1537 2100 quidquam
1560 2025 1634 2073 se
1662 2025 1744 2094 er
1769 2000 1877 2078 his
1898 2002 2201 2072 Noverca
2221 2024 2369 2070 sen·

303 2109 739 2209 sissc‚0quum
762 2113 959 2242 jux-ta
970 2114 1264 2214 jaceret:
1298 2139 1427 2186 nec
1448 2113 1742 2212 explicat
1769 2112 1956 2185 unde
1983 2110 2160 2183 illud
2186 2110 2369 2183 acci-

288 2222 485 2306 derit
505 2226 822 2301 maximae
841 2227 1119 2326 signum
1147 2227 1641 2327 trepidationis.
1672 2228 1744 2300 Si
1766 2247 1833 2298 et
1849 2245 2038 2326 pater
2060 2251 2202 2296 uno
2225 2225 2366 2298 ictu

306 2340 629 2438 perierat,
656 2367 887 2438 neque
917 2342 1045 2414 ista
1070 2342 1429 2441 vigilabat,
1462 2365 1831 2440 nunquam
1864 2339 2175 2440 gladium
2211 2337 2369 2418 reli-

302 2451 463 2548 quit
492 2478 844 2550 percussor
866 2480 1169 2527 securus.
1484 2475 1494 2484 ·

404 2568 492 2636 V.
519 2566 847 2665 Reliqua,
860 2567 1161 2669 judices,
1187 2567 1490 2648 nimium
1513 2555 1855 2665 suspecta,
1880 2564 2195 2665 improbe
2219 2564 2370 2636 assi-

308 2680 591 2752 mulata.
636 2681 1174 2780 spatiosissimus
1204 2681 1455 2781 paries,
1498 2702 1566 2753 et
1598 2679 2085 2780 longissimum
2119 2679 2369 2762 domus

386 2925 431 2960 ι.
449 2909 736 2962 criminum
752 2909 1300 2972 mmulmut...ducite,·
1379 2909 1526 2964 ciunt
1548 2908 1656 2964 filio
1681 2909 1982 2972 innocenti,
1995 2917 2058 2959 ·et
2081 2906 2256 2958 omnia
2277 2907 2373 2957 im·

308 2989 382 3041 sic
400 2988 851 3059 interpretandum
872 2990 1104 3042 videtur:
1129 2988 1205 3040 Ex
1228 3008 1304 3044 re-
1379 2987 1528 3059 plent
1552 2983 1896 3050 clamoribus,
1915 2998 1974 3036 ut
1991 2985 2131 3053 Vin-g.
2159 2985 2273 3035 AEn.
2297 2984 2373 3050 11,

306 3083 428 3118 rum
456 3065 568 3118 fide
588 3103 606 3132 ,
641 3084 753 3137 quae
783 3066 1113 3119 incredibiles
1149 3065 1304 3137 plane
1388 3085 1514 3120 122:
1560 3091 1582 3113 κ
1604 3070 1700 3120 Hic
1736 3064 1946 3118 Ithacus
1975 3079 2146 3116 vatem
2181 3075 2373 3133 magno

310 3142 652 3214 objiciuntur,
674 3142 932 3214 colligite,
956 3162 1115 3215 quam
1140 3144 1305 3214 tropi.-
1389 3170 1411 3195 ιι
1431 3146 1719 3200 Calchanta
1759 3142 1986 3198 tumultu
2025 3142 2286 3195 Protrahit
2319 3144 2374 3194 in

312 3221 467 3290 dent,
490 3237 543 3276 et
564 3226 751 3276 umore
769 3224 1010 3276 laborent
1029 3226 1091 3290 ii,
1111 3224 1202 3295 qui
1222 3241 1305 3276 ac·
1389 3247 1412 3273 ι
1431 3224 1651 3278 medios.
1673 3248 1695 3272 n
1719 3223 1790 3277 Ut
1811 3225 1877 3274 sit
1895 3239 2112 3276 sensus:
2136 3217 2377 3287 Judices,

296 3308 529 3369 bunut,
549 3304 639 3373 qui
661 3320 758 3353 nos
782 3304 1151 3363 criminantur;
1176 3299 1305 3352 dum
1383 3301 1589 3368 ducite,
1617 3293 1906 3353 ‘existimate'
1931 3299 2209 3351 confusam
2237 3297 2374 3350 hanc

311 3402 505 3456 nempe
534 3382 605 3436 ad
629 3385 732 3438 ista
754 3381 1192 3437 commiscenda
1213 3399 1308 3433 co·
1384 3381 1661 3431 criminum
1676 3377 2061 3430 accusationem
2077 3378 2264 3447 exipsa
2275 3374 2378 3448 fide

313 3477 527 3535 guntur.
560 3468 807 3517 Attamen
835 3482 998 3535 quum
1032 3462 1310 3516 audacissi-
1385 3477 1588 3524 rerum,
1611 3456 1666 3509 id
1690 3469 1800 3523 est,
1824 3475 1884 3508 ex
1909 3457 2243 3520 narratione,
2265 3472 2378 3525 quoe

312 3544 416 3595 mis
444 3540 768 3612 metaphoris
798 3541 964 3613 stylus
988 3540 1310 3593 declamato-
1386 3558 1457 3594 an
1475 3535 1738 3594 credibilis
1757 3537 1850 3602 sit,
1873 3553 1972 3588 nec
1988 3553 2084 3600 ne,
2103 3532 2380 3606 apparebit

315 3620 427 3672 rius
460 3633 733 3690 utcunque
758 3632 962 3686 utatur,
992 3617 1080 3671 hic
1110 3613 1310 3670 tumul·
1366 3637 1452 3674 ,οι
1473 3620 1588 3690 ipso
1613 3615 1815 3670 ordine.

317 3711 427 3753 mm
449 3700 730 3752 criminum
756 3718 1001 3771 caperem
1025 3716 1125 3771 pro
1155 3697 1309 3749 turba
1372 3755 1377 3761 ¹
1460 3717 1510 3753 2.
1543 3699 1659 3752 Uno
1691 3696 1799 3752 ictu
1827 3693 2144 3767 explicuerit.
2179 3693 2238 3746 ld
2273 3704 2381 3759 est,

318 3781 573 3846 confusa,
613 3798 724 3850 quae
759 3780 1030 3845 intricata,
1068 3778 1169 3831 sibi
1197 3779 1311 3851 ipsa
1389 3776 1695 3867 perfecerit,
1723 3788 1783 3826 ut
1807 3774 1994 3826 infra·
2014 3769 2275 3843 explicare
2301 3772 2383 3823 fa-

322 3879 487 3933 saepe,
513 3880 579 3914 ne
603 3859 866 3927 credatur,
887 3859 1093 3925 obstat,
1122 3873 1173 3912 et
1200 3877 1312 3912 cre-
1395 3856 1610 3910 «cinus
1621 3854 1778 3908 etiam
1810 3852 1978 3906 oculis
2007 3849 2247 3918 difficile,
2265 3875 2290 3900 o
2332 3864 2384 3905 et

320 3940 498 3993 dibilia
553 3940 944 3994 incredibilibus
994 3940 1312 4012 permiscens
1369 3935 1578 4008 sapius
1602 3934 1703 3987 hac
1727 3947 1794 3987 et
1802 3951 1911 4026 seq.
1936 3931 2171 3984 Declam.

320 4021 474 4075 fidem
492 4019 737 4074 detrabit.
752 4020 849 4073 Vel
862 4038 1132 4092 possemus
1152 4018 1352 4112 expli·
1460 4019 1514 4072 3.
1541 4018 1787 4070 Missum
1809 4014 1864 4064 in
1886 4007 2078 4070 casiam.
2108 4013 2190 4066 Sic
2217 4013 2381 4066 Tacit.

322 4120 441 4156 core
462 4120 706 4172 maguam
727 4101 1159 4154 vociferationum
1180 4101 1319 4164 vim,
1395 4110 1447 4148 et
1484 4094 1578 4154 alii
1615 4112 1748 4164 pro,
1788 4094 1991 4150 incerto
2029 4092 2237 4148 eventui
2275 4108 2384 4142 rem

306 4201 427 4256 qua
449 4183 695 4240 advocati
714 4199 951 4236 novercas
973 4178 1219 4246 invidiam
1238 4179 1317 4233 fa·
1376 4176 1736 4256 committere.
