<?xml version="1.0" encoding="UTF-8"?>
<!DOCTYPE html PUBLIC "-//W3C//DTD XHTML 1.0 Transitional//EN"
    "http://www.w3.org/TR/xhtml1/DTD/xhtml1-transitional.dtd">
<html xmlns="http://www.w3.org/1999/xhtml" xml:lang="en" lang="en">
 <head>
  <title>
</title>
<meta http-equiv="Content-Type" content="text/html;charset=utf-8" />
  <meta name='ocr-system' content='tesseract 3.04.00' />
  <meta name='ocr-capabilities' content='ocr_page ocr_carea ocr_par ocr_line ocrx_word'/>
</head>
<body>
  <div class='ocr_page' id='page_1' title='image "./deinstitutioneo01flacgoog_0112.png"; bbox 0 0 3200 5117; ppageno 0'>
   <div class='ocr_carea' id='block_1_1' title="bbox 766 537 2130 605">
    <p class='ocr_par' dir='ltr' id='par_1_1' title="bbox 766 537 2130 605">
     <span class='ocr_line' id='line_1_1' title="bbox 766 537 2130 605; baseline 0.007 -13"><span class='ocrx_word' id='word_1_1' title='bbox 766 541 859 605; x_wconf 80' lang='grc'>,6-8</span> <span class='ocrx_word' id='word_1_2' title='bbox 1506 537 2130 603; x_wconf 84' lang='lat' dir='ltr'>DECLAMATIO</span> 
     </span>
    </p>
   </div>
   <div class='ocr_carea' id='block_1_2' title="bbox 764 663 2867 3056">
    <p class='ocr_par' dir='ltr' id='par_1_2' title="bbox 764 663 2867 3056">
     <span class='ocr_line' id='line_1_2' title="bbox 776 663 2865 764; baseline 0.002 -27"><span class='ocrx_word' id='word_1_3' title='bbox 776 667 1089 738; x_wconf 87' lang='lat' dir='ltr'><strong>cissimus</strong></span> <span class='ocrx_word' id='word_1_4' title='bbox 1116 663 1504 762; x_wconf 86' lang='lat' dir='ltr'><strong>prolocutor</strong></span> <span class='ocrx_word' id='word_1_5' title='bbox 1527 677 1544 707; x_wconf 87' lang='lat'><em>¹</em></span> <span class='ocrx_word' id='word_1_6' title='bbox 1580 663 1851 764; x_wconf 90' lang='lat' dir='ltr'><strong>objecit.</strong></span> <span class='ocrx_word' id='word_1_7' title='bbox 1872 664 2049 753; x_wconf 89' lang='lat' dir='ltr'><strong>Quis</strong></span> <span class='ocrx_word' id='word_1_8' title='bbox 2078 665 2267 735; x_wconf 88' lang='lat' dir='ltr'><strong>enim</strong></span> <span class='ocrx_word' id='word_1_9' title='bbox 2300 666 2481 738; x_wconf 88' lang='lat' dir='ltr'><strong>inter</strong></span> <span class='ocrx_word' id='word_1_10' title='bbox 2515 689 2612 739; x_wconf 89' lang='lat' dir='ltr'><strong>tot</strong></span> <span class='ocrx_word' id='word_1_11' title='bbox 2640 669 2865 741; x_wconf 75' lang='lat' dir='ltr'><strong>millia</strong></span> 
     </span>
     <span class='ocr_line' id='line_1_3' title="bbox 776 778 2863 880; baseline 0 -28"><span class='ocrx_word' id='word_1_12' title='bbox 776 781 1220 868; x_wconf 79' lang='lat' dir='ltr'><strong>bellatorum,</strong></span> <span class='ocrx_word' id='word_1_13' title='bbox 1251 779 1354 848; x_wconf 90' lang='lat' dir='ltr'><strong>vel</strong></span> <span class='ocrx_word' id='word_1_14' title='bbox 1389 778 1861 876; x_wconf 87' lang='lat' dir='ltr'><strong>prostituentis</strong></span> <span class='ocrx_word' id='word_1_15' title='bbox 1891 779 2241 851; x_wconf 89' lang='lat' dir='ltr'><strong>obscoenos</strong></span> <span class='ocrx_word' id='word_1_16' title='bbox 2268 779 2442 854; x_wconf 86' lang='lat' dir='ltr'><strong>vidit</strong></span> <span class='ocrx_word' id='word_1_17' title='bbox 2474 783 2863 880; x_wconf 78' lang='lat' dir='ltr'><strong>amplexuS,</strong></span> 
     </span>
     <span class='ocr_line' id='line_1_4' title="bbox 774 892 2867 995; baseline 0.001 -29"><span class='ocrx_word' id='word_1_18' title='bbox 774 896 878 967; x_wconf 89' lang='lat' dir='ltr'><strong>vel</strong></span> <span class='ocrx_word' id='word_1_19' title='bbox 906 921 1144 968; x_wconf 88' lang='lat' dir='ltr'><strong>vocem</strong></span> <span class='ocrx_word' id='word_1_20' title='bbox 1180 893 1401 965; x_wconf 87' lang='lat' dir='ltr'>audiit</span> <span class='ocrx_word' id='word_1_21' title='bbox 1431 893 1794 991; x_wconf 82' lang='lat' dir='ltr'><strong>prostituti.</strong></span> <span class='ocrx_word' id='word_1_22' title='bbox 1830 892 1966 965; x_wconf 91' lang='lat' dir='ltr'><strong>Sed</strong></span> <span class='ocrx_word' id='word_1_23' title='bbox 1994 893 2300 984; x_wconf 84' lang='lat' dir='ltr'><strong>attende,</strong></span> <span class='ocrx_word' id='word_1_24' title='bbox 2336 921 2608 993; x_wconf 81' lang='lat' dir='ltr'><strong>precor,</strong></span> <span class='ocrx_word' id='word_1_25' title='bbox 2644 897 2867 995; x_wconf 90' lang='lat' dir='ltr'><strong>impe-</strong></span> 
     </span>
     <span class='ocr_line' id='line_1_5' title="bbox 774 1009 2867 1109; baseline 0.001 -28"><span class='ocrx_word' id='word_1_26' title='bbox 774 1029 961 1081; x_wconf 87' lang='lat' dir='ltr'><strong>rator</strong></span> <span class='ocrx_word' id='word_1_27' title='bbox 1008 1009 1469 1095; x_wconf 82' lang='lat' dir='ltr'><strong>sanctissime,</strong></span> <span class='ocrx_word' id='word_1_28' title='bbox 1518 1009 1831 1080; x_wconf 90' lang='lat' dir='ltr'><strong>attendat</strong></span> <span class='ocrx_word' id='word_1_29' title='bbox 1867 1028 1935 1079; x_wconf 88' lang='lat' dir='ltr'><strong>et</strong></span> <span class='ocrx_word' id='word_1_30' title='bbox 1977 1033 2280 1080; x_wconf 87' lang='lat' dir='ltr'><strong>romanae</strong></span> <span class='ocrx_word' id='word_1_31' title='bbox 2329 1009 2599 1082; x_wconf 86' lang='lat' dir='ltr'><strong>militiae</strong></span> <span class='ocrx_word' id='word_1_32' title='bbox 2645 1010 2867 1109; x_wconf 89' lang='lat' dir='ltr'><strong>pleni-</strong></span> 
     </span>
     <span class='ocr_line' id='line_1_6' title="bbox 774 1123 2864 1221; baseline 0.001 -25"><span class='ocrx_word' id='word_1_33' title='bbox 774 1124 978 1215; x_wconf 87' lang='lat' dir='ltr'><strong>tud0‚</strong></span> <span class='ocrx_word' id='word_1_34' title='bbox 1015 1123 1188 1221; x_wconf 88' lang='lat' dir='ltr'><strong>quid</strong></span> <span class='ocrx_word' id='word_1_35' title='bbox 1222 1144 1373 1194; x_wconf 91' lang='lat' dir='ltr'><strong>tum</strong></span> <span class='ocrx_word' id='word_1_36' title='bbox 1406 1123 1758 1196; x_wconf 86' lang='lat' dir='ltr'><strong>dedecoris</strong></span> <span class='ocrx_word' id='word_1_37' title='bbox 1788 1124 2151 1195; x_wconf 88' lang='lat' dir='ltr'><strong>Marianus</strong></span> <span class='ocrx_word' id='word_1_38' title='bbox 2175 1124 2376 1195; x_wconf 89' lang='lat' dir='ltr'><strong>miles</strong></span> <span class='ocrx_word' id='word_1_39' title='bbox 2407 1126 2637 1197; x_wconf 87' lang='lat' dir='ltr'><strong>castris</strong></span> <span class='ocrx_word' id='word_1_40' title='bbox 2670 1126 2864 1198; x_wconf 90' lang='lat' dir='ltr'><strong>intu-</strong></span> 
     </span>
     <span class='ocr_line' id='line_1_7' title="bbox 773 1240 2864 1340; baseline 0.001 -27"><span class='ocrx_word' id='word_1_41' title='bbox 773 1241 961 1331; x_wconf 87' lang='lat' dir='ltr'><strong>lerit,</strong></span> <span class='ocrx_word' id='word_1_42' title='bbox 1014 1240 1203 1339; x_wconf 89' lang='lat' dir='ltr'><strong>quod</strong></span> <span class='ocrx_word' id='word_1_43' title='bbox 1260 1263 1412 1312; x_wconf 90' lang='lat' dir='ltr'><strong>tum</strong></span> <span class='ocrx_word' id='word_1_44' title='bbox 1474 1240 1805 1313; x_wconf 90' lang='lat' dir='ltr'><strong>infuderit</strong></span> <span class='ocrx_word' id='word_1_45' title='bbox 1861 1241 2204 1339; x_wconf 86' lang='lat' dir='ltr'><strong>paludatis</strong></span> <span class='ocrx_word' id='word_1_46' title='bbox 2262 1242 2738 1340; x_wconf 87' lang='lat' dir='ltr'><strong>opprobrium.</strong></span> <span class='ocrx_word' id='word_1_47' title='bbox 2780 1247 2864 1317; x_wconf 88' lang='lat' dir='ltr'><strong>In</strong></span> 
     </span>
     <span class='ocr_line' id='line_1_8' title="bbox 773 1354 2862 1455; baseline 0.002 -29"><span class='ocrx_word' id='word_1_48' title='bbox 773 1355 1035 1427; x_wconf 91' lang='lat' dir='ltr'><strong>tribuni</strong></span> <span class='ocrx_word' id='word_1_49' title='bbox 1070 1375 1290 1426; x_wconf 86' lang='lat' dir='ltr'><strong>morte</strong></span> <span class='ocrx_word' id='word_1_50' title='bbox 1320 1354 1638 1426; x_wconf 86' lang='lat' dir='ltr'><strong>militaris</strong></span> <span class='ocrx_word' id='word_1_51' title='bbox 1667 1356 1870 1454; x_wconf 87' lang='lat' dir='ltr'><strong>periit</strong></span> <span class='ocrx_word' id='word_1_52' title='bbox 1899 1354 2187 1453; x_wconf 79' lang='lat' dir='ltr'><strong>gravitas</strong></span> <span class='ocrx_word' id='word_1_53' title='bbox 2216 1356 2626 1454; x_wconf 83' lang='lat' dir='ltr'><strong>disciplinae,</strong></span> <span class='ocrx_word' id='word_1_54' title='bbox 2648 1385 2862 1455; x_wconf 89' lang='lat' dir='ltr'><strong>quem</strong></span> 
     </span>
     <span class='ocr_line' id='line_1_9' title="bbox 774 1471 2863 1571; baseline 0.002 -28"><span class='ocrx_word' id='word_1_55' title='bbox 774 1474 975 1545; x_wconf 89' lang='lat' dir='ltr'><strong>miles</strong></span> <span class='ocrx_word' id='word_1_56' title='bbox 1009 1472 1484 1543; x_wconf 88' lang='lat' dir='ltr'><strong>insanissimus</strong></span> <span class='ocrx_word' id='word_1_57' title='bbox 1506 1498 1577 1543; x_wconf 86' lang='lat' dir='ltr'><strong>se</strong></span> <span class='ocrx_word' id='word_1_58' title='bbox 1606 1471 1978 1571; x_wconf 86' lang='lat' dir='ltr'><strong>peremisse</strong></span> <span class='ocrx_word' id='word_1_59' title='bbox 2009 1473 2368 1570; x_wconf 77' lang='lat' dir='ltr'><strong>gloriatur,</strong></span> <span class='ocrx_word' id='word_1_60' title='bbox 2400 1473 2759 1571; x_wconf 67' lang='lat' dir='ltr'><strong>praedicat,</strong></span> <span class='ocrx_word' id='word_1_61' title='bbox 2796 1495 2863 1547; x_wconf 92' lang='lat' dir='ltr'><strong>et</strong></span> 
     </span>
     <span class='ocr_line' id='line_1_10' title="bbox 773 1586 2860 1685; baseline 0 -27"><span class='ocrx_word' id='word_1_62' title='bbox 773 1587 1082 1659; x_wconf 81' lang='lat' dir='ltr'><strong>exsultat.</strong></span> <span class='ocrx_word' id='word_1_63' title='bbox 1096 1588 1303 1658; x_wconf 91' lang='lat' dir='ltr'><strong>Miles</strong></span> <span class='ocrx_word' id='word_1_64' title='bbox 1316 1608 1520 1678; x_wconf 90' lang='lat' dir='ltr'><strong>certe,</strong></span> <span class='ocrx_word' id='word_1_65' title='bbox 1539 1614 1753 1683; x_wconf 88' lang='lat' dir='ltr'><strong>quem</strong></span> <span class='ocrx_word' id='word_1_66' title='bbox 1769 1587 2056 1658; x_wconf 86' lang='lat' dir='ltr'><strong>viriliter</strong></span> <span class='ocrx_word' id='word_1_67' title='bbox 2078 1586 2410 1657; x_wconf 85' lang='lat' dir='ltr'><strong>hactenus</strong></span> <span class='ocrx_word' id='word_1_68' title='bbox 2425 1586 2595 1683; x_wconf 89' lang='lat' dir='ltr'><strong>quid</strong></span> <span class='ocrx_word' id='word_1_69' title='bbox 2623 1588 2860 1685; x_wconf 80' lang='lat' dir='ltr'><strong>egisse,</strong></span> 
     </span>
     <span class='ocr_line' id='line_1_11' title="bbox 770 1700 2863 1800; baseline 0 -27"><span class='ocrx_word' id='word_1_70' title='bbox 770 1730 917 1773; x_wconf 89' lang='lat' dir='ltr'><strong>non</strong></span> <span class='ocrx_word' id='word_1_71' title='bbox 968 1723 1063 1774; x_wconf 90' lang='lat' dir='ltr'><strong>est</strong></span> <span class='ocrx_word' id='word_1_72' title='bbox 1096 1702 1214 1800; x_wconf 89' lang='lat' dir='ltr'><strong>qui</strong></span> <span class='ocrx_word' id='word_1_73' title='bbox 1266 1700 1546 1790; x_wconf 77' lang='lat' dir='ltr'><strong>viderit5</strong></span> <span class='ocrx_word' id='word_1_74' title='bbox 1592 1701 1828 1791; x_wconf 89' lang='lat' dir='ltr'><strong>miles,</strong></span> <span class='ocrx_word' id='word_1_75' title='bbox 1878 1702 2210 1799; x_wconf 86' lang='lat' dir='ltr'><strong>inquam,</strong></span> <span class='ocrx_word' id='word_1_76' title='bbox 2264 1700 2527 1773; x_wconf 84' lang='lat' dir='ltr'><strong>civibus</strong></span> <span class='ocrx_word' id='word_1_77' title='bbox 2569 1722 2639 1772; x_wconf 88' lang='lat' dir='ltr'><strong>et</strong></span> <span class='ocrx_word' id='word_1_78' title='bbox 2687 1729 2863 1800; x_wconf 80' lang='lat' dir='ltr'><strong>prae-</strong></span> 
     </span>
     <span class='ocr_line' id='line_1_12' title="bbox 769 1816 2860 1916; baseline 0 -28"><span class='ocrx_word' id='word_1_79' title='bbox 769 1818 959 1888; x_wconf 84' lang='lat' dir='ltr'><strong>latis²</strong></span> <span class='ocrx_word' id='word_1_80' title='bbox 988 1816 1208 1916; x_wconf 76' lang='lat' dir='ltr'><strong>magis</strong></span> <span class='ocrx_word' id='word_1_81' title='bbox 1228 1816 1674 1904; x_wconf 89' lang='lat' dir='ltr'><strong>metuendus,</strong></span> <span class='ocrx_word' id='word_1_82' title='bbox 1707 1844 1920 1913; x_wconf 88' lang='lat' dir='ltr'><strong>quam</strong></span> <span class='ocrx_word' id='word_1_83' title='bbox 1954 1817 2294 1904; x_wconf 80' lang='lat' dir='ltr'><strong>hostibuS,</strong></span> <span class='ocrx_word' id='word_1_84' title='bbox 2316 1844 2526 1915; x_wconf 88' lang='lat' dir='ltr'><strong>quem</strong></span> <span class='ocrx_word' id='word_1_85' title='bbox 2557 1817 2860 1915; x_wconf 91' lang='lat' dir='ltr'><strong>profecto</strong></span> 
     </span>
     <span class='ocr_line' id='line_1_13' title="bbox 768 1929 2858 2031; baseline -0.001 -28"><span class='ocrx_word' id='word_1_86' title='bbox 768 1931 823 2003; x_wconf 91' lang='lat' dir='ltr'><strong>si</strong></span> <span class='ocrx_word' id='word_1_87' title='bbox 851 1931 1199 2003; x_wconf 89' lang='lat' dir='ltr'><strong>dimittitis</strong></span> <span class='ocrx_word' id='word_1_88' title='bbox 1230 1931 1708 2030; x_wconf 89' lang='lat' dir='ltr'><strong>impunitum,</strong></span> <span class='ocrx_word' id='word_1_89' title='bbox 1740 1929 1955 2002; x_wconf 88' lang='lat' dir='ltr'><strong>simili</strong></span> <span class='ocrx_word' id='word_1_90' title='bbox 1991 1951 2262 2002; x_wconf 86' lang='lat' dir='ltr'><strong>caeteros</strong></span> <span class='ocrx_word' id='word_1_91' title='bbox 2296 1931 2695 2031; x_wconf 86' lang='lat' dir='ltr'><strong>exposuistis</strong></span> <span class='ocrx_word' id='word_1_92' title='bbox 2731 1957 2858 2029; x_wconf 90' lang='lat' dir='ltr'><strong>pe-</strong></span> 
     </span>
     <span class='ocr_line' id='line_1_14' title="bbox 769 2047 2860 2146; baseline 0.001 -29"><span class='ocrx_word' id='word_1_93' title='bbox 769 2047 971 2118; x_wconf 90' lang='lat' dir='ltr'><strong>riclo:</strong></span> <span class='ocrx_word' id='word_1_94' title='bbox 1009 2048 1305 2144; x_wconf 88' lang='lat' dir='ltr'><strong>ideoque</strong></span> <span class='ocrx_word' id='word_1_95' title='bbox 1338 2047 1767 2146; x_wconf 87' lang='lat' dir='ltr'><strong>particularis</strong></span> <span class='ocrx_word' id='word_1_96' title='bbox 1799 2047 2129 2145; x_wconf 86' lang='lat' dir='ltr'><strong>iniquitas</strong></span> <span class='ocrx_word' id='word_1_97' title='bbox 2171 2048 2357 2145; x_wconf 79' lang='lat' dir='ltr'><strong>gravi</strong></span> <span class='ocrx_word' id='word_1_98' title='bbox 2394 2069 2493 2120; x_wconf 88' lang='lat' dir='ltr'><strong>est</strong></span> <span class='ocrx_word' id='word_1_99' title='bbox 2533 2047 2860 2119; x_wconf 90' lang='lat' dir='ltr'><strong>animad-</strong></span> 
     </span>
     <span class='ocr_line' id='line_1_15' title="bbox 768 2162 2786 2261; baseline 0.001 -31"><span class='ocrx_word' id='word_1_100' title='bbox 768 2162 1077 2233; x_wconf 85' lang='lat' dir='ltr'><strong>versione</strong></span> <span class='ocrx_word' id='word_1_101' title='bbox 1106 2162 1458 2250; x_wconf 88' lang='lat' dir='ltr'><strong>ferienda,</strong></span> <span class='ocrx_word' id='word_1_102' title='bbox 1490 2190 1580 2234; x_wconf 90' lang='lat' dir='ltr'><strong>ne</strong></span> <span class='ocrx_word' id='word_1_103' title='bbox 1617 2163 1960 2261; x_wconf 75' lang='lat' dir='ltr'><strong>generalis</strong></span> <span class='ocrx_word' id='word_1_104' title='bbox 1993 2164 2227 2237; x_wconf 85' lang='lat' dir='ltr'><strong>veniat</strong></span> <span class='ocrx_word' id='word_1_105' title='bbox 2257 2165 2329 2234; x_wconf 90' lang='lat' dir='ltr'><strong>in</strong></span> <span class='ocrx_word' id='word_1_106' title='bbox 2366 2162 2786 2261; x_wconf 85' lang='lat' dir='ltr'><strong>exemplum.</strong></span> 
     </span>
     <span class='ocr_line' id='line_1_16' title="bbox 864 2277 2857 2377; baseline 0.002 -31"><span class='ocrx_word' id='word_1_107' title='bbox 864 2279 988 2346; x_wconf 93' lang='lat' dir='ltr'><strong>IV.</strong></span> <span class='ocrx_word' id='word_1_108' title='bbox 1014 2279 1083 2347; x_wconf 94' lang='lat' dir='ltr'><strong>Si</strong></span> <span class='ocrx_word' id='word_1_109' title='bbox 1125 2279 1278 2375; x_wconf 88' lang='lat' dir='ltr'><strong>quis</strong></span> <span class='ocrx_word' id='word_1_110' title='bbox 1309 2304 1583 2349; x_wconf 88' lang='lat' dir='ltr'><strong>sumere</strong></span> <span class='ocrx_word' id='word_1_111' title='bbox 1616 2278 1768 2350; x_wconf 89' lang='lat' dir='ltr'><strong>vult</strong></span> <span class='ocrx_word' id='word_1_112' title='bbox 1791 2277 2193 2377; x_wconf 84' lang='lat' dir='ltr'><strong>exemplum</strong></span> <span class='ocrx_word' id='word_1_113' title='bbox 2221 2278 2309 2349; x_wconf 90' lang='lat' dir='ltr'><strong>de</strong></span> <span class='ocrx_word' id='word_1_114' title='bbox 2336 2277 2620 2366; x_wconf 90' lang='lat' dir='ltr'><strong>scelere,</strong></span> <span class='ocrx_word' id='word_1_115' title='bbox 2656 2280 2857 2377; x_wconf 88' lang='lat' dir='ltr'><strong>perti-</strong></span> 
     </span>
     <span class='ocr_line' id='line_1_17' title="bbox 767 2390 2855 2494; baseline 0.001 -34"><span class='ocrx_word' id='word_1_116' title='bbox 767 2411 1030 2461; x_wconf 88' lang='lat' dir='ltr'><strong>mescat</strong></span> <span class='ocrx_word' id='word_1_117' title='bbox 1066 2418 1342 2490; x_wconf 87' lang='lat' dir='ltr'><strong>poenam</strong></span> <span class='ocrx_word' id='word_1_118' title='bbox 1390 2390 1476 2463; x_wconf 91' lang='lat' dir='ltr'><strong>de</strong></span> <span class='ocrx_word' id='word_1_119' title='bbox 1520 2391 1691 2490; x_wconf 79' lang='lat' dir='ltr'><strong>lege.</strong></span> <span class='ocrx_word' id='word_1_120' title='bbox 1741 2392 2168 2464; x_wconf 87' lang='lat' dir='ltr'><strong>Luxuriosus</strong></span> <span class='ocrx_word' id='word_1_121' title='bbox 2221 2393 2420 2465; x_wconf 91' lang='lat' dir='ltr'><strong>miles</strong></span> <span class='ocrx_word' id='word_1_122' title='bbox 2469 2391 2855 2494; x_wconf 84' lang='lat' dir='ltr'><strong>tribuniciae</strong></span> 
     </span>
     <span class='ocr_line' id='line_1_18' title="bbox 765 2504 2852 2604; baseline 0.002 -31"><span class='ocrx_word' id='word_1_123' title='bbox 765 2504 1115 2602; x_wconf 88' lang='lat' dir='ltr'><strong>potestatis</strong></span> <span class='ocrx_word' id='word_1_124' title='bbox 1140 2505 1503 2603; x_wconf 85' lang='lat' dir='ltr'><strong>praesulem</strong></span> <span class='ocrx_word' id='word_1_125' title='bbox 1526 2528 1593 2578; x_wconf 90' lang='lat' dir='ltr'><strong>et</strong></span> <span class='ocrx_word' id='word_1_126' title='bbox 1609 2508 2019 2604; x_wconf 78' lang='lat' dir='ltr'><strong>magistrum</strong></span> <span class='ocrx_word' id='word_1_127' title='bbox 2038 2505 2094 2596; x_wconf 82' lang='lat'><strong>3,</strong></span> <span class='ocrx_word' id='word_1_128' title='bbox 2117 2528 2182 2579; x_wconf 88' lang='lat' dir='ltr'><strong>et</strong></span> <span class='ocrx_word' id='word_1_129' title='bbox 2196 2508 2447 2579; x_wconf 87' lang='lat' dir='ltr'><strong>occidit</strong></span> <span class='ocrx_word' id='word_1_130' title='bbox 2461 2507 2852 2596; x_wconf 85' lang='lat' dir='ltr'><strong>innoxium,</strong></span> 
     </span>
     <span class='ocr_line' id='line_1_19' title="bbox 766 2619 2855 2720; baseline 0.002 -32"><span class='ocrx_word' id='word_1_131' title='bbox 766 2639 834 2689; x_wconf 93' lang='lat' dir='ltr'><strong>et</strong></span> <span class='ocrx_word' id='word_1_132' title='bbox 855 2619 1342 2692; x_wconf 88' lang='lat' dir='ltr'><strong>abominabilis</strong></span> <span class='ocrx_word' id='word_1_133' title='bbox 1368 2621 1818 2720; x_wconf 79' lang='lat' dir='ltr'><strong>impudicitiae</strong></span> <span class='ocrx_word' id='word_1_134' title='bbox 1849 2622 2255 2694; x_wconf 87' lang='lat' dir='ltr'><strong>criminatur</strong></span> <span class='ocrx_word' id='word_1_135' title='bbox 2269 2622 2608 2711; x_wconf 88' lang='lat' dir='ltr'><strong>occisum,</strong></span> <span class='ocrx_word' id='word_1_136' title='bbox 2644 2650 2855 2719; x_wconf 90' lang='lat' dir='ltr'><strong>quem</strong></span> 
     </span>
     <span class='ocr_line' id='line_1_20' title="bbox 765 2735 2857 2837; baseline 0.002 -33"><span class='ocrx_word' id='word_1_137' title='bbox 765 2756 1039 2805; x_wconf 86' lang='lat' dir='ltr'><strong>senatus</strong></span> <span class='ocrx_word' id='word_1_138' title='bbox 1067 2735 1305 2832; x_wconf 78' lang='lat' dir='ltr'><strong>elegit,</strong></span> <span class='ocrx_word' id='word_1_139' title='bbox 1338 2763 1550 2834; x_wconf 88' lang='lat' dir='ltr'><strong>quem</strong></span> <span class='ocrx_word' id='word_1_140' title='bbox 1581 2736 1698 2808; x_wconf 89' lang='lat' dir='ltr'><strong>hic</strong></span> <span class='ocrx_word' id='word_1_141' title='bbox 1723 2738 2053 2809; x_wconf 87' lang='lat' dir='ltr'><strong>exercitus</strong></span> <span class='ocrx_word' id='word_1_142' title='bbox 2069 2737 2199 2809; x_wconf 83' lang='lat' dir='ltr'><strong>sibi</strong></span> <span class='ocrx_word' id='word_1_143' title='bbox 2217 2738 2435 2809; x_wconf 91' lang='lat' dir='ltr'><strong>voluit</strong></span> <span class='ocrx_word' id='word_1_144' title='bbox 2462 2760 2528 2808; x_wconf 88' lang='lat' dir='ltr'><strong>et</strong></span> <span class='ocrx_word' id='word_1_145' title='bbox 2546 2739 2857 2837; x_wconf 89' lang='lat' dir='ltr'><strong>poposcit</strong></span> 
     </span>
     <span class='ocr_line' id='line_1_21' title="bbox 766 2849 2853 2950; baseline 0.002 -31"><span class='ocrx_word' id='word_1_146' title='bbox 766 2849 1069 2920; x_wconf 89' lang='lat' dir='ltr'><strong>ordinari</strong></span> <span class='ocrx_word' id='word_1_147' title='bbox 1094 2851 1483 2922; x_wconf 88' lang='lat' dir='ltr'><strong>tribunum.</strong></span> <span class='ocrx_word' id='word_1_148' title='bbox 1512 2855 1599 2922; x_wconf 92' lang='lat' dir='ltr'><strong>Et</strong></span> <span class='ocrx_word' id='word_1_149' title='bbox 1626 2880 1851 2950; x_wconf 89' lang='lat' dir='ltr'><strong>quum</strong></span> <span class='ocrx_word' id='word_1_150' title='bbox 1878 2879 2064 2924; x_wconf 89' lang='lat' dir='ltr'><strong>mors</strong></span> <span class='ocrx_word' id='word_1_151' title='bbox 2093 2853 2301 2924; x_wconf 85' lang='lat' dir='ltr'><strong>soleat</strong></span> <span class='ocrx_word' id='word_1_152' title='bbox 2333 2853 2677 2925; x_wconf 86' lang='lat' dir='ltr'><strong>malorum</strong></span> <span class='ocrx_word' id='word_1_153' title='bbox 2711 2879 2853 2923; x_wconf 87' lang='lat' dir='ltr'><strong>esse</strong></span> 
     </span>
     <span class='ocr_line' id='line_1_22' title="bbox 764 2965 2855 3056; baseline 0.001 -20"><span class='ocrx_word' id='word_1_154' title='bbox 764 2965 1171 3056; x_wconf 85' lang='lat' dir='ltr'><strong>novissima,</strong></span> <span class='ocrx_word' id='word_1_155' title='bbox 1212 2989 1573 3039; x_wconf 89' lang='lat' dir='ltr'><strong>mortuum</strong></span> <span class='ocrx_word' id='word_1_156' title='bbox 1613 2988 1847 3038; x_wconf 88' lang='lat' dir='ltr'><strong>tamen</strong></span> <span class='ocrx_word' id='word_1_157' title='bbox 1884 2967 2067 3038; x_wconf 88' lang='lat' dir='ltr'><strong>male</strong></span> <span class='ocrx_word' id='word_1_158' title='bbox 2112 2968 2327 3040; x_wconf 89' lang='lat' dir='ltr'><strong>dicaci</strong></span> <span class='ocrx_word' id='word_1_159' title='bbox 2368 2968 2570 3040; x_wconf 89' lang='lat' dir='ltr'><strong>dente</strong></span> <span class='ocrx_word' id='word_1_160' title='bbox 2605 2967 2855 3039; x_wconf 90' lang='lat' dir='ltr'><strong>crude-</strong></span> 
     </span>
    </p>
   </div>
   <div class='ocr_carea' id='block_1_3' title="bbox 759 3225 1768 4327">
    <p class='ocr_par' dir='ltr' id='par_1_3' title="bbox 760 3225 1767 3699">
     <span class='ocr_line' id='line_1_23' title="bbox 843 3225 1767 3280; baseline 0.004 -5"><span class='ocrx_word' id='word_1_161' title='bbox 843 3242 885 3275; x_wconf 83' lang='lat'><strong>1.</strong></span> <span class='ocrx_word' id='word_1_162' title='bbox 928 3225 1253 3279; x_wconf 72' lang='lat' dir='ltr'><strong>prolocutor.</strong></span> <span class='ocrx_word' id='word_1_163' title='bbox 1285 3229 1587 3280; x_wconf 79' lang='lat' dir='ltr'><strong>Advocatus</strong></span> <span class='ocrx_word' id='word_1_164' title='bbox 1625 3231 1699 3280; x_wconf 80' lang='lat' dir='ltr'><strong>sic</strong></span> <span class='ocrx_word' id='word_1_165' title='bbox 1735 3249 1767 3280; x_wconf 86' lang='lat' dir='ltr'><strong>a</strong></span> 
     </span>
     <span class='ocr_line' id='line_1_24' title="bbox 763 3305 1765 3381; baseline 0.006 -27"><span class='ocrx_word' id='word_1_166' title='bbox 763 3305 1029 3356; x_wconf 86' lang='lat' dir='ltr'><strong>monacho</strong></span> <span class='ocrx_word' id='word_1_167' title='bbox 1060 3322 1297 3376; x_wconf 78' lang='lat' dir='ltr'><strong>vocatur,</strong></span> <span class='ocrx_word' id='word_1_168' title='bbox 1334 3328 1526 3381; x_wconf 82' lang='lat' dir='ltr'><strong>nempe</strong></span> <span class='ocrx_word' id='word_1_169' title='bbox 1559 3312 1650 3381; x_wconf 87' lang='lat' dir='ltr'><strong>qui</strong></span> <span class='ocrx_word' id='word_1_170' title='bbox 1681 3309 1765 3360; x_wconf 92' lang='lat' dir='ltr'><strong>lo·-</strong></span> 
     </span>
     <span class='ocr_line' id='line_1_25' title="bbox 764 3385 1767 3457; baseline 0.007 -25"><span class='ocrx_word' id='word_1_171' title='bbox 764 3385 942 3452; x_wconf 87' lang='lat' dir='ltr'><strong>quitur</strong></span> <span class='ocrx_word' id='word_1_172' title='bbox 968 3404 1068 3457; x_wconf 86' lang='lat' dir='ltr'><strong>pro</strong></span> <span class='ocrx_word' id='word_1_173' title='bbox 1109 3387 1301 3450; x_wconf 80' lang='lat' dir='ltr'><strong>milite3</strong></span> <span class='ocrx_word' id='word_1_174' title='bbox 1340 3388 1435 3439; x_wconf 92' lang='lat' dir='ltr'><strong>ubi</strong></span> <span class='ocrx_word' id='word_1_175' title='bbox 1471 3385 1767 3439; x_wconf 77' lang='lat' dir='ltr'><strong>vernaculae</strong></span> 
     </span>
     <span class='ocr_line' id='line_1_26' title="bbox 760 3460 1767 3536; baseline 0.005 -24"><span class='ocrx_word' id='word_1_176' title='bbox 760 3460 950 3530; x_wconf 64' lang='lat' dir='ltr'><strong>lingua!</strong></span> <span class='ocrx_word' id='word_1_177' title='bbox 973 3466 1184 3532; x_wconf 74' lang='lat' dir='ltr'><strong>genium</strong></span> <span class='ocrx_word' id='word_1_178' title='bbox 1211 3484 1495 3536; x_wconf 77' lang='lat' dir='ltr'><strong>agnoscere</strong></span> <span class='ocrx_word' id='word_1_179' title='bbox 1520 3466 1658 3518; x_wconf 89' lang='lat' dir='ltr'><strong>licet.</strong></span> <span class='ocrx_word' id='word_1_180' title='bbox 1675 3468 1767 3517; x_wconf 81' lang='lat' dir='ltr'><strong>vi-</strong></span> 
     </span>
     <span class='ocr_line' id='line_1_27' title="bbox 761 3543 1763 3617; baseline 0.007 -24"><span class='ocrx_word' id='word_1_181' title='bbox 761 3543 827 3594; x_wconf 91' lang='lat' dir='ltr'><strong>de</strong></span> <span class='ocrx_word' id='word_1_182' title='bbox 843 3544 1026 3613; x_wconf 75' lang='lat' dir='ltr'><strong>Gangii</strong></span> <span class='ocrx_word' id='word_1_183' title='bbox 1039 3544 1269 3597; x_wconf 74' lang='lat' dir='ltr'><strong>Glossar.</strong></span> <span class='ocrx_word' id='word_1_184' title='bbox 1286 3548 1340 3597; x_wconf 86' lang='lat' dir='ltr'><strong>in</strong></span> <span class='ocrx_word' id='word_1_185' title='bbox 1354 3566 1502 3599; x_wconf 80' lang='lat' dir='ltr'><strong>vocc.</strong></span> <span class='ocrx_word' id='word_1_186' title='bbox 1521 3545 1763 3617; x_wconf 80' lang='lat' dir='ltr'><strong>prolocu-</strong></span> 
     </span>
     <span class='ocr_line' id='line_1_28' title="bbox 763 3621 1761 3699; baseline 0.006 -29"><span class='ocrx_word' id='word_1_187' title='bbox 763 3632 844 3670; x_wconf 79' lang='lat' dir='ltr'><strong>tor</strong></span> <span class='ocrx_word' id='word_1_188' title='bbox 864 3634 915 3671; x_wconf 91' lang='lat' dir='ltr'><strong>et</strong></span> <span class='ocrx_word' id='word_1_189' title='bbox 940 3621 1267 3693; x_wconf 63' lang='lat' dir='ltr'><strong>praelocutor,</strong></span> <span class='ocrx_word' id='word_1_190' title='bbox 1291 3638 1342 3675; x_wconf 91' lang='lat' dir='ltr'><strong>et</strong></span> <span class='ocrx_word' id='word_1_191' title='bbox 1371 3626 1442 3675; x_wconf 84' lang='lat' dir='ltr'><strong>ita</strong></span> <span class='ocrx_word' id='word_1_192' title='bbox 1466 3625 1761 3699; x_wconf 81' lang='lat' dir='ltr'><strong>proloquia.</strong></span> 
     </span>
    </p>

    <p class='ocr_par' dir='ltr' id='par_1_4' title="bbox 759 3700 1768 4327">
     <span class='ocr_line' id='line_1_29' title="bbox 833 3700 1765 3779; baseline 0.011 -29"><span class='ocrx_word' id='word_1_193' title='bbox 833 3718 881 3752; x_wconf 68' lang='grc' dir='ltr'><strong>α.</strong></span> <span class='ocrx_word' id='word_1_194' title='bbox 908 3700 1161 3754; x_wconf 80' lang='lat' dir='ltr'><strong>Proelatis.</strong></span> <span class='ocrx_word' id='word_1_195' title='bbox 1187 3703 1415 3770; x_wconf 84' lang='lat' dir='ltr'><strong>Quinam</strong></span> <span class='ocrx_word' id='word_1_196' title='bbox 1438 3706 1527 3757; x_wconf 79' lang='lat' dir='ltr'><strong>hi?</strong></span> <span class='ocrx_word' id='word_1_197' title='bbox 1549 3726 1618 3759; x_wconf 85' lang='lat' dir='ltr'><strong>an</strong></span> <span class='ocrx_word' id='word_1_198' title='bbox 1644 3727 1765 3779; x_wconf 77' lang='lat' dir='ltr'><strong>prae-</strong></span> 
     </span>
     <span class='ocr_line' id='line_1_30' title="bbox 761 3782 1762 3856; baseline 0.009 -27"><span class='ocrx_word' id='word_1_199' title='bbox 761 3782 961 3850; x_wconf 73' lang='lat' dir='ltr'><strong>positi?</strong></span> <span class='ocrx_word' id='word_1_200' title='bbox 986 3799 1054 3832; x_wconf 84' lang='lat' dir='ltr'><strong>an</strong></span> <span class='ocrx_word' id='word_1_201' title='bbox 1086 3783 1468 3835; x_wconf 84' lang='lat' dir='ltr'><strong>commilitones</strong></span> <span class='ocrx_word' id='word_1_202' title='bbox 1499 3787 1602 3856; x_wconf 85' lang='lat' dir='ltr'><strong>ipsi</strong></span> <span class='ocrx_word' id='word_1_203' title='bbox 1631 3805 1762 3856; x_wconf 79' lang='lat' dir='ltr'><strong>prae-</strong></span> 
     </span>
     <span class='ocr_line' id='line_1_31' title="bbox 759 3854 1761 3932; baseline 0.008 -24"><span class='ocrx_word' id='word_1_204' title='bbox 759 3854 852 3909; x_wconf 77' lang='lat' dir='ltr'><strong>lati</strong></span> <span class='ocrx_word' id='word_1_205' title='bbox 872 3860 896 3908; x_wconf 73' lang='lat' dir='ltr'>P</span> <span class='ocrx_word' id='word_1_206' title='bbox 934 3877 1045 3910; x_wconf 84' lang='lat' dir='ltr'><strong>non</strong></span> <span class='ocrx_word' id='word_1_207' title='bbox 1090 3862 1261 3932; x_wconf 79' lang='lat' dir='ltr'><strong>capio.</strong></span> <span class='ocrx_word' id='word_1_208' title='bbox 1312 3864 1424 3914; x_wconf 84' lang='lat' dir='ltr'><strong>Nisi</strong></span> <span class='ocrx_word' id='word_1_209' title='bbox 1471 3864 1761 3916; x_wconf 83' lang='lat' dir='ltr'><strong>monachus</strong></span> 
     </span>
     <span class='ocr_line' id='line_1_32' title="bbox 760 3937 1765 4014; baseline 0.008 -28"><span class='ocrx_word' id='word_1_210' title='bbox 760 3937 1095 4005; x_wconf 75' lang='lat' dir='ltr'><strong>magistratus</strong></span> <span class='ocrx_word' id='word_1_211' title='bbox 1118 3951 1170 3990; x_wconf 88' lang='lat' dir='ltr'><strong>et</strong></span> <span class='ocrx_word' id='word_1_212' title='bbox 1192 3939 1499 4010; x_wconf 77' lang='lat' dir='ltr'><strong>paludatus,</strong></span> <span class='ocrx_word' id='word_1_213' title='bbox 1519 3956 1579 3992; x_wconf 87' lang='lat' dir='ltr'><strong>ut</strong></span> <span class='ocrx_word' id='word_1_214' title='bbox 1601 3961 1765 4014; x_wconf 80' lang='lat' dir='ltr'><strong>supra</strong></span> 
     </span>
     <span class='ocr_line' id='line_1_33' title="bbox 760 4019 1764 4087; baseline 0.01 -21"><span class='ocrx_word' id='word_1_215' title='bbox 760 4019 997 4083; x_wconf 80' lang='lat' dir='ltr'><strong>vocavit,</strong></span> <span class='ocrx_word' id='word_1_216' title='bbox 1025 4019 1366 4087; x_wconf 82' lang='lat' dir='ltr'><strong>intellexerit,</strong></span> <span class='ocrx_word' id='word_1_217' title='bbox 1400 4023 1536 4074; x_wconf 79' lang='lat' dir='ltr'><strong>sicut</strong></span> <span class='ocrx_word' id='word_1_218' title='bbox 1568 4042 1632 4074; x_wconf 86' lang='lat' dir='ltr'><strong>ex</strong></span> <span class='ocrx_word' id='word_1_219' title='bbox 1666 4043 1764 4076; x_wconf 86' lang='lat' dir='ltr'><strong>usu</strong></span> 
     </span>
     <span class='ocr_line' id='line_1_34' title="bbox 762 4096 1768 4170; baseline 0.009 -22"><span class='ocrx_word' id='word_1_220' title='bbox 762 4096 925 4148; x_wconf 69' lang='lat' dir='ltr'><strong>seculi</strong></span> <span class='ocrx_word' id='word_1_221' title='bbox 947 4100 1028 4150; x_wconf 82' lang='lat' dir='ltr'><strong>sui</strong></span> <span class='ocrx_word' id='word_1_222' title='bbox 1054 4113 1105 4152; x_wconf 87' lang='lat' dir='ltr'><strong>et</strong></span> <span class='ocrx_word' id='word_1_223' title='bbox 1128 4101 1333 4170; x_wconf 76' lang='lat' dir='ltr'><strong>civiles,</strong></span> <span class='ocrx_word' id='word_1_224' title='bbox 1355 4118 1406 4154; x_wconf 89' lang='lat' dir='ltr'><strong>et</strong></span> <span class='ocrx_word' id='word_1_225' title='bbox 1427 4103 1768 4157; x_wconf 73' lang='lat' dir='ltr'><strong>ecclesiastici</strong></span> 
     </span>
     <span class='ocr_line' id='line_1_35' title="bbox 760 4174 1765 4253; baseline 0.009 -25"><span class='ocrx_word' id='word_1_226' title='bbox 760 4174 1089 4228; x_wconf 83' lang='lat' dir='ltr'><strong>dicebantur.</strong></span> <span class='ocrx_word' id='word_1_227' title='bbox 1100 4178 1232 4232; x_wconf 81' lang='lat' dir='ltr'><strong>Vide</strong></span> <span class='ocrx_word' id='word_1_228' title='bbox 1249 4180 1495 4234; x_wconf 73' lang='lat' dir='ltr'><strong>eumdem</strong></span> <span class='ocrx_word' id='word_1_229' title='bbox 1506 4181 1765 4253; x_wconf 67' lang='lat' dir='ltr'><strong>Congium</strong></span> 
     </span>
     <span class='ocr_line' id='line_1_36' title="bbox 761 4256 1061 4327; baseline 0.01 -22"><span class='ocrx_word' id='word_1_230' title='bbox 761 4257 816 4309; x_wconf 84' lang='lat' dir='ltr'><strong>iu</strong></span> <span class='ocrx_word' id='word_1_231' title='bbox 839 4256 1061 4327; x_wconf 76' lang='lat' dir='ltr'><strong>proelati.</strong></span> 
     </span>
    </p>
   </div>
   <div class='ocr_carea' id='block_1_4' title="bbox 1842 3228 2854 4335">
    <p class='ocr_par' dir='ltr' id='par_1_5' title="bbox 1842 3228 2854 4335">
     <span class='ocr_line' id='line_1_37' title="bbox 1927 3228 2851 3302; baseline -0.003 -21"><span class='ocrx_word' id='word_1_232' title='bbox 1927 3230 1976 3281; x_wconf 89' lang='lat'><strong>3.</strong></span> <span class='ocrx_word' id='word_1_233' title='bbox 1987 3231 2296 3283; x_wconf 77' lang='lat' dir='ltr'><strong>Tribunicioe</strong></span> <span class='ocrx_word' id='word_1_234' title='bbox 2308 3232 2572 3302; x_wconf 75' lang='lat' dir='ltr'><strong>potestatis</strong></span> <span class='ocrx_word' id='word_1_235' title='bbox 2580 3228 2851 3301; x_wconf 80' lang='lat' dir='ltr'><strong>proesulem</strong></span> 
     </span>
     <span class='ocr_line' id='line_1_38' title="bbox 1847 3307 2852 3382; baseline 0 -24"><span class='ocrx_word' id='word_1_236' title='bbox 1847 3318 1900 3358; x_wconf 81' lang='lat' dir='ltr'><strong>et</strong></span> <span class='ocrx_word' id='word_1_237' title='bbox 1915 3310 2235 3382; x_wconf 72' lang='lat' dir='ltr'><strong>mayistrum.</strong></span> <span class='ocrx_word' id='word_1_238' title='bbox 2253 3309 2533 3360; x_wconf 79' lang='lat' dir='ltr'><strong>Manifesta</strong></span> <span class='ocrx_word' id='word_1_239' title='bbox 2548 3307 2852 3376; x_wconf 69' lang='lat' dir='ltr'><strong>ignorantiae</strong></span> 
     </span>
     <span class='ocr_line' id='line_1_39' title="bbox 1846 3386 2854 3457; baseline -0.001 -22"><span class='ocrx_word' id='word_1_240' title='bbox 1846 3399 2005 3437; x_wconf 81' lang='lat' dir='ltr'><strong>nota:</strong></span> <span class='ocrx_word' id='word_1_241' title='bbox 2037 3387 2153 3457; x_wconf 84' lang='lat' dir='ltr'><strong>quis</strong></span> <span class='ocrx_word' id='word_1_242' title='bbox 2186 3389 2326 3437; x_wconf 85' lang='lat' dir='ltr'><strong>enim</strong></span> <span class='ocrx_word' id='word_1_243' title='bbox 2354 3387 2425 3437; x_wconf 85' lang='lat' dir='ltr'><strong>ita</strong></span> <span class='ocrx_word' id='word_1_244' title='bbox 2455 3386 2725 3437; x_wconf 87' lang='lat' dir='ltr'><strong>tribunum</strong></span> <span class='ocrx_word' id='word_1_245' title='bbox 2754 3386 2854 3435; x_wconf 87' lang='lat' dir='ltr'><strong>mi-</strong></span> 
     </span>
     <span class='ocr_line' id='line_1_40' title="bbox 1845 3462 2853 3537; baseline -0.002 -23"><span class='ocrx_word' id='word_1_246' title='bbox 1845 3463 1996 3515; x_wconf 88' lang='lat' dir='ltr'><strong>litum</strong></span> <span class='ocrx_word' id='word_1_247' title='bbox 2022 3482 2260 3537; x_wconf 84' lang='lat' dir='ltr'><strong>unquam</strong></span> <span class='ocrx_word' id='word_1_248' title='bbox 2290 3463 2621 3535; x_wconf 75' lang='lat' dir='ltr'><strong>designavit?</strong></span> <span class='ocrx_word' id='word_1_249' title='bbox 2652 3465 2716 3514; x_wconf 85' lang='lat' dir='ltr'><strong>Et</strong></span> <span class='ocrx_word' id='word_1_250' title='bbox 2744 3462 2853 3514; x_wconf 82' lang='lat' dir='ltr'><strong>vel-</strong></span> 
     </span>
     <span class='ocr_line' id='line_1_41' title="bbox 1845 3540 2852 3615; baseline -0.001 -24"><span class='ocrx_word' id='word_1_251' title='bbox 1845 3540 1949 3594; x_wconf 88' lang='lat' dir='ltr'><strong>lem</strong></span> <span class='ocrx_word' id='word_1_252' title='bbox 1972 3541 2153 3594; x_wconf 80' lang='lat' dir='ltr'><strong>(loceri</strong></span> <span class='ocrx_word' id='word_1_253' title='bbox 2177 3542 2393 3615; x_wconf 87' lang='lat' dir='ltr'><strong>quando</strong></span> <span class='ocrx_word' id='word_1_254' title='bbox 2423 3542 2646 3594; x_wconf 78' lang='lat' dir='ltr'><strong>tribunis</strong></span> <span class='ocrx_word' id='word_1_255' title='bbox 2671 3540 2852 3591; x_wconf 85' lang='lat' dir='ltr'><strong>militi-</strong></span> 
     </span>
     <span class='ocr_line' id='line_1_42' title="bbox 1844 3620 2850 3694; baseline -0.002 -20"><span class='ocrx_word' id='word_1_256' title='bbox 1844 3622 1944 3674; x_wconf 79' lang='lat' dir='ltr'><strong>bus</strong></span> <span class='ocrx_word' id='word_1_257' title='bbox 1988 3637 2222 3693; x_wconf 78' lang='lat' dir='ltr'><strong>potestas</strong></span> <span class='ocrx_word' id='word_1_258' title='bbox 2270 3636 2407 3676; x_wconf 81' lang='lat' dir='ltr'><strong>esset</strong></span> <span class='ocrx_word' id='word_1_259' title='bbox 2444 3623 2600 3689; x_wconf 81' lang='lat' dir='ltr'><strong>data,</strong></span> <span class='ocrx_word' id='word_1_260' title='bbox 2637 3620 2850 3694; x_wconf 87' lang='lat' dir='ltr'><strong>quando</strong></span> 
     </span>
     <span class='ocr_line' id='line_1_43' title="bbox 1845 3704 2850 3776; baseline 0.002 -23"><span class='ocrx_word' id='word_1_261' title='bbox 1845 3704 2000 3754; x_wconf 79' lang='lat' dir='ltr'><strong>etiam</strong></span> <span class='ocrx_word' id='word_1_262' title='bbox 2026 3723 2055 3755; x_wconf 85' lang='lat' dir='ltr'><strong>a</strong></span> <span class='ocrx_word' id='word_1_263' title='bbox 2081 3718 2266 3757; x_wconf 82' lang='lat' dir='ltr'><strong>senatu</strong></span> <span class='ocrx_word' id='word_1_264' title='bbox 2288 3704 2441 3758; x_wconf 87' lang='lat' dir='ltr'><strong>electi</strong></span> <span class='ocrx_word' id='word_1_265' title='bbox 2464 3705 2689 3767; x_wconf 84' lang='lat' dir='ltr'><strong>fuerint;</strong></span> <span class='ocrx_word' id='word_1_266' title='bbox 2710 3723 2850 3776; x_wconf 85' lang='lat' dir='ltr'><strong>quo·</strong></span> 
     </span>
     <span class='ocr_line' id='line_1_44' title="bbox 1844 3780 2851 3855; baseline 0.001 -23"><span class='ocrx_word' id='word_1_267' title='bbox 1844 3780 2005 3833; x_wconf 88' lang='lat' dir='ltr'><strong>modo</strong></span> <span class='ocrx_word' id='word_1_268' title='bbox 2035 3782 2272 3835; x_wconf 81' lang='lat' dir='ltr'><strong>declarat</strong></span> <span class='ocrx_word' id='word_1_269' title='bbox 2306 3785 2480 3836; x_wconf 81' lang='lat' dir='ltr'><strong>verbis</strong></span> <span class='ocrx_word' id='word_1_270' title='bbox 2514 3801 2663 3853; x_wconf 76' lang='lat' dir='ltr'><strong>seqq.</strong></span> <span class='ocrx_word' id='word_1_271' title='bbox 2698 3800 2851 3855; x_wconf 83' lang='lat' dir='ltr'><strong>quem</strong></span> 
     </span>
     <span class='ocr_line' id='line_1_45' title="bbox 1842 3861 2853 3934; baseline 0.002 -23"><span class='ocrx_word' id='word_1_272' title='bbox 1842 3872 2043 3913; x_wconf 82' lang='lat' dir='ltr'><strong>senatus</strong></span> <span class='ocrx_word' id='word_1_273' title='bbox 2069 3861 2240 3934; x_wconf 69' lang='lat' dir='ltr'><strong>eleyit.</strong></span> <span class='ocrx_word' id='word_1_274' title='bbox 2273 3864 2426 3915; x_wconf 85' lang='lat' dir='ltr'><strong>Certe</strong></span> <span class='ocrx_word' id='word_1_275' title='bbox 2449 3864 2646 3914; x_wconf 78' lang='lat' dir='ltr'><strong>Marius</strong></span> <span class='ocrx_word' id='word_1_276' title='bbox 2674 3862 2787 3932; x_wconf 82' lang='lat' dir='ltr'><strong>ipse</strong></span> <span class='ocrx_word' id='word_1_277' title='bbox 2822 3880 2853 3913; x_wconf 80' lang='lat' dir='ltr'><strong>a</strong></span> 
     </span>
     <span class='ocr_line' id='line_1_46' title="bbox 1844 3942 2850 4015; baseline 0 -22"><span class='ocrx_word' id='word_1_278' title='bbox 1844 3942 2049 4012; x_wconf 87' lang='lat' dir='ltr'><strong>populo</strong></span> <span class='ocrx_word' id='word_1_279' title='bbox 2073 3957 2280 3995; x_wconf 80' lang='lat' dir='ltr'><strong>creatus</strong></span> <span class='ocrx_word' id='word_1_280' title='bbox 2300 3946 2353 3996; x_wconf 87' lang='lat' dir='ltr'><strong>in</strong></span> <span class='ocrx_word' id='word_1_281' title='bbox 2374 3943 2583 3996; x_wconf 86' lang='lat' dir='ltr'><strong>tributis</strong></span> <span class='ocrx_word' id='word_1_282' title='bbox 2598 3942 2850 4015; x_wconf 70' lang='lat' dir='ltr'><strong>comitii33</strong></span> 
     </span>
     <span class='ocr_line' id='line_1_47' title="bbox 1844 4022 2851 4096; baseline -0.002 -21"><span class='ocrx_word' id='word_1_283' title='bbox 1844 4022 1967 4075; x_wconf 83' lang='lat' dir='ltr'><strong>Sall.</strong></span> <span class='ocrx_word' id='word_1_284' title='bbox 1992 4027 2111 4096; x_wconf 78' lang='lat' dir='ltr'><strong>Jug.</strong></span> <span class='ocrx_word' id='word_1_285' title='bbox 2139 4045 2187 4077; x_wconf 90' lang='lat' dir='ltr'><strong>c.</strong></span> <span class='ocrx_word' id='word_1_286' title='bbox 2213 4024 2298 4078; x_wconf 88' lang='lat'><strong>63.</strong></span> <span class='ocrx_word' id='word_1_287' title='bbox 2320 4027 2385 4078; x_wconf 87' lang='lat' dir='ltr'><strong>Et</strong></span> <span class='ocrx_word' id='word_1_288' title='bbox 2410 4026 2542 4078; x_wconf 83' lang='lat' dir='ltr'><strong>alios</strong></span> <span class='ocrx_word' id='word_1_289' title='bbox 2571 4043 2600 4076; x_wconf 89' lang='lat' dir='ltr'><strong>a</strong></span> <span class='ocrx_word' id='word_1_290' title='bbox 2624 4022 2851 4074; x_wconf 78' lang='lat' dir='ltr'><strong>consuli-</strong></span> 
     </span>
     <span class='ocr_line' id='line_1_48' title="bbox 1844 4102 2850 4176; baseline -0.002 -23"><span class='ocrx_word' id='word_1_291' title='bbox 1844 4102 1945 4154; x_wconf 82' lang='lat' dir='ltr'><strong>bus</strong></span> <span class='ocrx_word' id='word_1_292' title='bbox 1979 4118 2031 4156; x_wconf 87' lang='lat' dir='ltr'><strong>et</strong></span> <span class='ocrx_word' id='word_1_293' title='bbox 2071 4104 2476 4176; x_wconf 81' lang='lat' dir='ltr'><strong>imperatoribus</strong></span> <span class='ocrx_word' id='word_1_294' title='bbox 2507 4115 2712 4156; x_wconf 84' lang='lat' dir='ltr'><strong>creatos</strong></span> <span class='ocrx_word' id='word_1_295' title='bbox 2750 4103 2850 4152; x_wconf 88' lang='lat' dir='ltr'><strong>sci-</strong></span> 
     </span>
     <span class='ocr_line' id='line_1_49' title="bbox 1844 4179 2845 4254; baseline -0.004 -21"><span class='ocrx_word' id='word_1_296' title='bbox 1844 4201 1994 4249; x_wconf 78' lang='lat' dir='ltr'><strong>mus,</strong></span> <span class='ocrx_word' id='word_1_297' title='bbox 2026 4183 2167 4236; x_wconf 87' lang='lat' dir='ltr'><strong>unde</strong></span> <span class='ocrx_word' id='word_1_298' title='bbox 2195 4182 2430 4254; x_wconf 79' lang='lat' dir='ltr'><strong>duplices</strong></span> <span class='ocrx_word' id='word_1_299' title='bbox 2458 4181 2657 4235; x_wconf 86' lang='lat' dir='ltr'><strong>tribuni</strong></span> <span class='ocrx_word' id='word_1_300' title='bbox 2683 4179 2845 4230; x_wconf 83' lang='lat' dir='ltr'><strong>rufuli</strong></span> 
     </span>
     <span class='ocr_line' id='line_1_50' title="bbox 1846 4261 2839 4335; baseline -0.006 -20"><span class='ocrx_word' id='word_1_301' title='bbox 1846 4278 1900 4316; x_wconf 78' lang='lat' dir='ltr'><strong>et</strong></span> <span class='ocrx_word' id='word_1_302' title='bbox 1922 4265 2201 4329; x_wconf 65' lang='lat' dir='ltr'><strong>nominati,</strong></span> <span class='ocrx_word' id='word_1_303' title='bbox 2215 4278 2275 4317; x_wconf 81' lang='lat' dir='ltr'><strong>ut</strong></span> <span class='ocrx_word' id='word_1_304' title='bbox 2297 4264 2382 4319; x_wconf 80' lang='lat' dir='ltr'><strong>vel</strong></span> <span class='ocrx_word' id='word_1_305' title='bbox 2408 4264 2562 4335; x_wconf 83' lang='lat' dir='ltr'><strong>pueri</strong></span> <span class='ocrx_word' id='word_1_306' title='bbox 2583 4261 2839 4314; x_wconf 81' lang='lat' dir='ltr'><strong>noverint.</strong></span> 
     </span>
    </p>
   </div>
  </div>
 </body>
</html>
