3200 5117
787 531 914 615 370
1290 527 1383 589 M.
1435 526 1685 588 FABII
1731 525 2369 606 QUINTILIANI

783 681 928 725 non
960 679 1118 724 sum
1149 649 1534 737 absolutus3
1570 676 1794 746 quum
1828 648 2123 721 domum
2157 650 2349 739 veni,
2382 677 2593 723 nemo
2622 677 2737 724 me
2765 651 2887 724 di-

781 772 971 869 ligit,
1002 795 1210 840 nemo
1239 789 1611 838 reveretur:
1635 767 1788 868 jam
1816 766 1900 836 ad
1928 792 2053 836 nos
2078 765 2162 836 de
2186 768 2555 865 penatibus
2579 768 2714 841 illis
2732 796 2883 841 nou

782 884 1166 983 pertinent,
1222 881 1351 952 nisi
1396 902 1688 967 secreta,
1740 880 1871 951 nisi
1911 879 2215 951 latebrae:
2271 909 2418 952 non
2472 910 2684 975 exuo,
2731 911 2883 957 nou

781 1001 1057 1098 depono
1092 996 1359 1083 sordes;
1406 1018 1473 1066 et
1511 995 1687 1065 mihi
1721 994 2029 1092 quotidie
2069 1021 2309 1084 senex,
2348 1018 2715 1095 tamquam
2761 1025 2882 1070 ac—

777 1138 1166 1203 cusaturuS,
1196 1113 1517 1185 occurrit.
1537 1112 1835 1183 Attendo
1868 1111 2036 1211 quid
2073 1114 2362 1204 faciam,
2397 1115 2574 1214 quid
2606 1115 2880 1214 loquar,

775 1233 1000 1332 qualis
1025 1230 1384 1329 adspiciam
1410 1251 1496 1318 et,
1517 1230 1702 1325 quod
1731 1228 2325 1325 malignissimum
2353 1253 2452 1303 est
2473 1233 2881 1306 sollicitudi-

774 1350 883 1420 nis
910 1373 1160 1446 genus,
1195 1373 1306 1416 me
1336 1347 1479 1444 ipse
1517 1345 1849 1416 custodio.
1890 1346 2161 1417 Satiasti
2199 1373 2350 1436 me,
2381 1348 2555 1438 vita,
2586 1350 2873 1421 satiasti:

771 1484 837 1534 et
871 1491 1093 1560 quum
1126 1460 1446 1531 felicibus
1477 1488 1757 1558 quoque
1786 1461 2012 1531 veniat
2045 1488 2123 1531 ex
2148 1461 2372 1533 nimia
2407 1464 2876 1562 prosperitatis

771 1579 1289 1652 continuatione
1316 1578 1667 1648 fastidium
1687 1634 1703 1657 ,
1729 1578 1916 1673 quod
1938 1578 2220 1648 taedium
2250 1606 2445 1676 paras
2466 1579 2875 1652 lassitudine

771 1694 1222 1767 miserorum?
1243 1714 1658 1792 consumpta
1678 1715 1773 1763 est
1792 1694 1859 1762 in
1880 1694 2185 1764 lacrimis
2202 1751 2219 1783 ,
2244 1694 2315 1764 in
2338 1695 2656 1793 precibus
2675 1717 2835 1767 aetas
2852 1753 2873 1786 ‚

767 1813 981 1883 exacti
1017 1810 1333 1881 sordibus
1378 1810 1557 1897 dies,
1593 1808 1926 1879 anxietate
1965 1831 2216 1881 noctes.
2260 1810 2453 1899 Quid
2492 1810 2664 1881 mihi
2708 1838 2873 1884 con·

767 1948 864 1996 tra
893 1948 1038 1997 tam
1074 1926 1402 2023 indigna,
1440 1946 1583 1995 tam
1622 1924 1849 2020 gravia
1880 1925 2220 2022 promittit
2253 1925 2642 2023 integritas?
2674 1926 2871 1998 abdi·

765 2043 905 2114 cari
957 2043 1193 2127 debet,
1239 2069 1452 2140 quem
1502 2062 1872 2111 nocentem
1917 2063 2106 2139 pater
2154 2042 2330 2132 odit;
2380 2037 2595 2133 mori,
2645 2071 2865 2141 quem

768 2161 1236 2231 innocentem.

861 2280 1014 2345 XV.
1055 2276 1186 2346 Sed
1220 2296 1298 2346 ut
1329 2274 1729 2360 credamuS,
1767 2273 2036 2370 inquit,
2067 2274 2360 2348 voluisse
2397 2298 2462 2347 te
2490 2276 2708 2366 mori,
2739 2304 2865 2348 cur

762 2392 1200 2492 potissimum
1219 2391 1525 2462 veneno?
1542 2390 1753 2489 possis
1769 2391 2060 2488 quidem
2079 2448 2098 2481 ,
2123 2413 2338 2489 pater,
2361 2392 2540 2463 hanc
2558 2392 2644 2481 de
2662 2393 2863 2465 omni

759 2533 1246 2607 supremorum
1283 2533 1532 2604 genere
1573 2506 1766 2576 litem
1807 2507 2025 2577 facere
2066 2509 2552 2580 morientibus:
2591 2531 2658 2580 et
2695 2510 2861 2608 quia

760 2650 992 2694 rerum
1041 2642 1285 2691 natura
1316 2623 1538 2693 varias
1581 2623 1887 2692 fatorum
1929 2623 2076 2693 vias
2118 2622 2405 2695 indulsit
2445 2625 2738 2715 animae,
2783 2626 2857 2697 in

759 2735 953 2807 nullo
972 2762 1115 2807 non
1134 2735 1312 2806 exitu
1335 2734 1542 2805 simili
1567 2736 1829 2805 ratione
1850 2735 2308 2832 reprehendas
2326 2737 2674 2836 quidquid
2693 2738 2859 2811 elec·

758 2872 910 2924 tum
957 2871 1074 2921 est.
1117 2850 1229 2921 Sic
1272 2876 1479 2947 super
1529 2850 1841 2920 strictum
1898 2851 2388 2948 nudatumque
2439 2880 2854 2926 mucronem

759 2965 1250 3066 proclamareS,
1293 2992 1416 3034 cur
1450 2992 1592 3035 non
1633 2964 1943 3035 veneno?
1980 2964 2099 3035 sed
2134 2966 2310 3037 nihil
2356 2988 2456 3039 est
2491 2969 2855 3042 delicatius

759 3085 980 3171 exitu,
1026 3108 1235 3179 quem
1285 3107 1427 3151 non
1473 3078 1857 3178 supplicia,
1910 3107 2049 3150 non
2095 3103 2357 3172 metus,
2399 3082 2516 3154 sed
2566 3083 2855 3156 collecta

756 3201 843 3271 de
883 3197 1392 3270 calamitatibus
1441 3197 1891 3266 commendat
1936 3197 2335 3269 infirmitas:
2384 3200 2559 3270 mihi
2611 3222 2848 3272 tamen

757 3315 1099 3414 praecipue
1132 3341 1291 3385 cum
1324 3313 1456 3383 hoc
1492 3312 1732 3382 mortis
1770 3312 2222 3385 instrumento
2255 3315 2532 3413 propria
2566 3343 2855 3388 concor-

754 3433 868 3504 dia
911 3453 1043 3503 est:
1091 3459 1234 3502 non
1283 3429 1536 3528 spargit
1576 3456 1933 3520 cruorem,
1987 3457 2127 3501 non
2180 3451 2447 3502 trucem
2502 3433 2848 3506 cadaveris

752 3547 1086 3645 relinquit
1118 3546 1561 3642 adspectum:
1600 3543 1865 3641 placida
1901 3559 2063 3635 est¹,
2100 3546 2329 3643 quieta
2361 3567 2476 3617 est.
2514 3549 2847 3645 Ingratis-

751 3662 923 3732 sime
957 3686 1196 3746 senex,
1235 3685 1358 3754 ego
1390 3678 1455 3727 et
1483 3656 1615 3727 hoc
1648 3657 2014 3729 moriendo
2048 3685 2565 3757 prospexeram,
2602 3688 2692 3732 ne
2726 3688 2845 3734 me

749 3778 1072 3852 occidisse
1098 3776 1269 3846 alius
1293 3775 1659 3847 videretur.
1680 3779 1781 3847 Te
1808 3802 1995 3847 nunc
2025 3776 2513 3874 apprehendo,
2538 3799 2603 3849 te
2628 3777 2846 3850 inter·

751 3924 916 3995 rogo
935 3955 953 3985 ,
982 3917 1206 3994 pater:
1233 3896 1331 3966 ita
1356 3894 1692 3993 parricida
1721 3887 1876 3964 sum
1903 3919 2028 3991 ego
2048 3950 2067 3982 ,
2099 3894 2221 3991 qui
2246 3913 2601 3966 venenum
2624 3895 2842 3968 affero

747 4014 820 4084 in
846 4014 1138 4085 domum
1168 4033 1361 4082 tuam
1389 4011 1806 4108 imparatum
1830 4067 1847 4100 ,
1881 4010 2085 4099 rude,
2116 4011 2487 4082 terendum
2507 4068 2526 4100 ‚
2557 4011 2672 4083 cui
2695 4032 2837 4082 tam

823 4193 865 4224 ι.
893 4172 1114 4225 Ρ-ἱαείάα
1145 4184 1229 4226 est.
1267 4175 1388 4225 llaec
1418 4192 1527 4244 quo
1558 4173 1743 4224 referri
1824 4176 2009 4243 Neque
2035 4172 2271 4243 exempla
2303 4172 2464 4243 hujus
2487 4171 2703 4229 ‹lioendi
2723 4174 2837 4226 for-

744 4253 1001 4321 debeant,
1027 4272 1133 4306 non
1160 4252 1344 4318 video,
1370 4254 1471 4305 nisi
1493 4252 1561 4306 ad
1590 4270 1742 4305 mom.
1826 4271 1918 4305 mae
1944 4253 2134 4308 desunt
2162 4253 2305 4326 apud
2330 4269 2551 4310 veteres.
2577 4257 2670 4308 Ea.
