3200 5117
796 538 921 601 360
1298 535 1388 598 M.
1440 535 1687 597 FABII
1738 532 2377 615 QUINTILIANI

792 655 1133 743 nutrices,
1181 683 1305 727 nec
1349 656 1417 727 in
1461 656 1844 728 ministeria
1886 656 2223 754 seposuit:
2263 657 2402 727 suis
2444 655 2618 729 aluit
2661 654 2911 729 uberi-

790 770 955 860 buS,
1001 799 1125 842 suo
1165 773 1335 843 fovit
1382 772 1748 870 amplexu:
1801 770 2152 869 numquid
2196 792 2262 841 et
2303 770 2427 840 hos
2471 797 2691 843 annos
2734 798 2903 869 par-

793 885 1008 957 ricida
1031 945 1049 975 ,
1087 887 1438 984 numquid
1484 908 1548 957 et
1582 887 1951 984 pueritiam
1996 885 2223 956 miseri
2249 885 2525 984 juvenis
2555 885 2898 958 infamas?

791 1021 1025 1073 actum
1068 1025 1166 1074 est
1196 1003 1280 1072 de
1311 1031 1665 1074 sacrorum
1706 1003 2079 1074 nominum
2124 1002 2289 1090 fide,
2333 1003 2419 1088 si,
2466 1003 2899 1078 ut‚videatur

791 1117 1126 1189 innocens
1185 1140 1438 1208 mater,
1498 1140 1654 1188 aetas
1713 1139 1981 1189 tantum
2036 1117 2160 1188 filii
2219 1118 2402 1187 facit.
2452 1118 2900 1190 Accendebat

791 1230 972 1303 hanc
1027 1259 1185 1328 erga
1230 1233 1523 1303 unicum
1568 1234 1843 1330 optimae
1900 1232 2132 1302 matris
2179 1231 2691 1329 impatientiam
2736 1233 2899 1330 rigi-

793 1344 922 1417 dus
965 1368 1154 1445 pater
1181 1405 1198 1435 ,
1239 1374 1436 1445 asper
1469 1346 1793 1416 maritus:
1830 1367 1894 1416 et
1930 1344 2058 1415 sibi
2090 1344 2447 1416 videbatur
2476 1374 2727 1444 parum
2761 1347 2897 1418 im-

795 1461 1019 1557 plere,
1072 1490 1283 1560 quem
1330 1490 1453 1561 pro
1505 1462 1776 1532 duobus
1824 1460 2223 1532 conferebat
2273 1461 2650 1534 affectum:
2705 1490 2897 1534 rarus

795 1573 908 1644 hic
953 1601 1261 1673 namque
1315 1577 1402 1646 ad
1452 1576 1717 1665 oscula,
1768 1574 2069 1646 difficilis
2119 1574 2597 1674 amplexibus3
2658 1599 2724 1649 et
2768 1578 2892 1675 qui

797 1690 1088 1760 unicum
1146 1691 1523 1789 adspiceret
1579 1694 1821 1762 animo
1848 1750 1864 1782 ,
1925 1719 2064 1790 quo
2098 1749 2116 1782 ,
2180 1692 2602 1790 quandoque
2664 1718 2903 1792 posset

796 1806 1141 1894 occidere,
1183 1807 1341 1876 fecit
1377 1828 1452 1876 ut
1482 1806 1851 1877 notabilior
1882 1829 2050 1878 esset
2080 1809 2321 1878 caritas
2352 1809 2623 1880 matris:
2660 1812 2899 1881 omnis

795 1919 1003 2017 igitur
1047 1922 1310 1993 miserae
1338 1949 1562 1993 sermo
1599 1949 1759 1993 cum
1796 1922 1974 2011 filio,
2012 1922 2238 1992 omnis
2270 1922 2342 1991 in
2374 1923 2736 2019 publicum
2773 1953 2900 2023 pa-

798 2036 957 2107 riter
983 2065 1287 2135 egressus
1314 2066 1325 2107 :
1358 2038 1702 2134 gaudebat
1728 2038 1936 2108 etiam
1967 2037 2153 2134 quod
2183 2036 2573 2108 laudandus
2599 2040 2903 2111 occursi-

795 2153 955 2243 buS,
982 2155 1170 2252 quod
1193 2156 1388 2226 omni
1411 2156 1802 2251 frequentia
1822 2175 2134 2252 coetuque
2159 2156 2601 2250 conspicuUS,
2627 2158 2897 2255 populo

786 2267 936 2366 jam
971 2269 1113 2368 ipse
1150 2273 1507 2359 fateretur,
1558 2270 1744 2368 quod
1776 2269 1930 2368 plus
1955 2291 2297 2340 amaretur
2329 2298 2365 2339 a
2394 2291 2634 2342 matre.

908 2387 1029 2457 IV.
1085 2386 1553 2474 Miseremini,
1594 2385 1899 2484 judiceS,
1948 2414 2033 2456 ne
2086 2386 2424 2457 nefandas
2468 2386 2897 2485 suspiciones

798 2501 1130 2572 maritum
1175 2527 1253 2570 ex
1295 2500 1506 2572 ullius
1547 2502 1820 2571 traxisse
1857 2501 2146 2571 credatis
2182 2501 2458 2572 indiciis
2491 2530 2505 2572 ε
2544 2530 2753 2574 suum
2793 2504 2896 2573 ri·-

797 2642 1074 2711 gorem,
1120 2642 1327 2685 suum
1377 2636 1650 2687 tantum
1696 2636 1969 2686 secutus
2015 2637 2111 2686 est
2148 2617 2509 2688 animum:
2565 2617 2793 2688 filium
2834 2620 2895 2690 si

797 2757 941 2800 non
989 2757 1211 2820 ames,
1251 2731 1565 2803 videatur
1602 2731 1725 2802 tibi
1761 2753 1979 2802 mater
2018 2732 2414 2804 adamasse?
2452 2735 2891 2823 Questurum

797 2874 986 2920 nunc
1013 2848 1483 2949 me,judiceS,
1509 2849 1767 2945 putatis
1795 2849 1879 2919 de
1901 2848 2177 2920 licentia
2199 2849 2538 2921 sermonis
2559 2850 2901 2922 humani?

798 2991 923 3062 ego
945 2990 1102 3035 vero
1119 2964 1316 3064 juxta
1339 2965 1528 3036 hunc
1557 2988 1850 3062 patrem,
1875 2994 2016 3037 non
2039 2994 2280 3038 accuso
2309 2994 2686 3040 rumorem.
2712 2970 2906 3058 Quae·

798 3077 1086 3150 materia
1131 3079 1389 3150 fabulae
1436 3101 1578 3150 tam
1631 3081 2105 3178 impudentis?
2155 3081 2310 3178 quis
2359 3082 2568 3152 fuerit
2612 3102 2904 3169 auctor,

797 3193 918 3264 iste
943 3192 1290 3291 probavit,
1313 3194 1431 3292 qui
1462 3194 1782 3267 credidit:
1821 3196 2240 3267 facillimum
2270 3196 2434 3280 fuit,
2469 3218 2544 3267 ut
2572 3196 2895 3295 loquere-

796 3330 910 3381 tur
941 3310 1242 3407 populus
1277 3309 1362 3380 de
1399 3311 1690 3401 incesto,
1735 3311 1818 3382 de
1849 3339 1988 3409 quo
2029 3312 2404 3384 mirabatur
2433 3334 2703 3412 patrem
2735 3338 2895 3385 sus-

798 3425 1010 3523 picari
1037 3453 1049 3494 :
1089 3424 1233 3498 haec
1262 3449 1456 3517 sunt,
1481 3427 1786 3529 judices,
1823 3455 1977 3525 quae
2010 3450 2231 3500 mater
2259 3429 2419 3500 fecit
2444 3456 2712 3516 secure,
2739 3427 2895 3499 sim·

799 3540 1101 3639 pliciter,
1131 3542 1401 3640 palam,
1437 3571 1670 3614 coram
1710 3544 1993 3633 marito,
2027 3571 2261 3616 coram
2293 3545 2581 3616 civitate.
2619 3544 2895 3615 Referat

798 3684 989 3728 nunc
1029 3684 1237 3729 suum
1288 3659 1408 3730 iste
1457 3682 1838 3732 secretum:
1877 3661 2245 3762 juvenem,
2281 3688 2435 3760 quae
2482 3660 2892 3758 integritatis

797 3771 1028 3869 prima
1076 3772 1484 3871 simplicitas
1519 3797 1646 3865 est,
1679 3776 1862 3847 nihil
1912 3778 2313 3866 timentem,
2348 3777 2419 3846 in
2456 3796 2726 3873 partem
2758 3774 2893 3846 do-

800 3914 999 3977 mus,
1054 3915 1189 3989 qua
1233 3889 1426 3961 nulla
1465 3891 1954 3990 proclamatiO,
2004 3893 2241 3964 nullus
2284 3913 2550 3991 poterat
2592 3890 2890 3988 gemitus

799 4004 1053 4095 audiri,
1088 4006 1346 4105 rapuit,
1391 4008 1706 4080 abduxit:
1742 4009 1837 4079 ibi
1870 4009 2306 4100 verberibuS,
2342 4008 2661 4108 ignibuS,
2693 4006 2891 4078 omni

799 4185 950 4237 Voss.
976 4203 1176 4236 omnes.
1202 4184 1351 4237 Nihil
1373 4198 1549 4253 muto,
1580 4189 1706 4255 quia
1729 4206 1806 4239 se·
1885 4187 1952 4241 de
1971 4201 2138 4241 matre
2161 4187 2290 4240 dixit
2311 4188 2480 4240 Cicer.
2508 4183 2575 4238 ad
2596 4182 2781 4237 Famil.
2797 4183 2891 4248 VI,

801 4266 997 4335 quitur,
1020 4265 1135 4319 alui
1155 4267 1407 4318 uberibus.
1431 4266 1513 4318 Sic
1533 4277 1804 4336 parentem
1887 4266 1982 4318 ult.
2007 4269 2172 4317 Bmm.
