3200 5117
733 507 856 572 352
1232 503 1325 566 M.
1375 501 1625 564 FABII
1674 499 2345 582 QUINTILIAM-

728 626 1006 712 neficia,
1042 646 1296 710 mater,
1334 648 1677 720 opponas,
1714 646 1857 691 non
1889 641 1990 691 est
2019 619 2206 716 quod
2234 619 2490 689 vilitate
2524 638 2641 688 tua
2676 617 2829 687 fieri

727 766 924 840 putes
948 799 965 828 ,
994 742 1046 812 si
1077 740 1420 810 credimus
1446 765 1585 808 esse
1617 737 1690 807 in
1718 737 1921 807 rebus
1947 736 2275 807 humanis
2305 759 2367 805 et
2397 735 2694 805 alterum
2724 734 2830 802 af-

723 860 986 929 fectum
1040 856 1394 944 amicitiae,
1443 881 1656 952 quam
1696 835 1888 924 ‘mihi
1937 853 2209 924 videtur
2262 873 2509 922 natura
2550 849 2826 947 excogi-

727 997 932 1064 tasse,
971 998 1044 1045 ut
1087 975 1265 1044 coire
1308 974 1605 1042 invicem
1646 971 1855 1070 possit
1890 992 2113 1042 totum
2150 970 2529 1040 hominum
2569 995 2820 1066 geum,

726 1119 879 1191 quae
917 1092 1068 1162 ideo
1104 1092 1425 1162 nondum
1462 1090 1643 1159 circa
1686 1116 1753 1159 se
1793 1110 1979 1159 tenet
2011 1114 2254 1158 omnes
2288 1085 2818 1172 admiratioueS,

724 1209 892 1306 quia
922 1229 1062 1279 tota
1093 1236 1231 1278 non
1266 1206 1667 1301 contingit¹,
1705 1232 1858 1301 quae
1889 1226 2121 1274 tamen
2152 1220 2555 1300 pervenerat
2587 1200 2672 1271 ad
2700 1200 2819 1269 in-

724 1322 1162 1393 credibilium
1205 1322 1454 1408 fidem,
1501 1320 1634 1389 nisi
1682 1319 1870 1390 illam
1917 1346 2031 1388 vos
2076 1316 2536 1415 impediretis:
2582 1315 2818 1385 amici-

724 1440 856 1527 tia,
891 1439 1356 1538 plurimorum
1393 1463 1761 1534 corporum
1804 1463 1986 1506 unus
2018 1435 2334 1522 animuS,
2367 1431 2629 1503 vicariae
2668 1458 2817 1501 ma-

723 1581 888 1638 nuS,
922 1554 1162 1624 fortior
1195 1579 1404 1650 quam
1435 1552 1673 1621 matris
1699 1551 2002 1622 affectus,

819 1671 969 1738 Vll.
997 1671 1188 1765 Rogo
1209 1667 1379 1762 quid
1406 1668 1606 1736 refert
1625 1724 1641 1753 ‚
1667 1666 1833 1761 quid
1851 1687 2127 1736 vocetur
2150 1664 2265 1735 ille
2286 1720 2303 1750 ,
2328 1664 2447 1760 qui
2468 1662 2562 1734 sic
2583 1661 2815 1733 amat?

720 1783 885 1881 quid
911 1784 1204 1866 interest,
1229 1809 1306 1852 ex
1324 1780 1576 1879 quibus
1594 1807 1849 1876 magna
1869 1780 2114 1852 merita
2129 1779 2582 1852 descendant!
2602 1778 2813 1849 vultis

721 1898 889 1969 scire
908 1897 1075 1994 quid
1096 1897 1181 1966 de
1205 1896 1334 1966 hoc
1354 1897 1608 1966 affectu
1627 1895 1875 1966 sentiat
1890 1895 2143 1966 mater?
2158 1916 2224 1966 et
2239 1895 2547 1965 amicum
2565 1919 2809 1963 meum

718 2033 913 2110 putat
952 2010 1199 2097 malle,
1240 2037 1326 2079 ne
1378 2030 1697 2080 revertar.
1744 2010 1960 2106 Finge
2004 2037 2117 2080 me
2162 2009 2397 2107 positis
2437 2006 2813 2106 paullisper

719 2126 1017 2213 meritis,
1069 2125 1324 2222 quibus
1380 2122 1719 2222 obligatus
1776 2151 1930 2195 sum
1952 2181 1970 2213 ,
2025 2125 2156 2195 hoc
2211 2144 2482 2195 tantum
2546 2122 2804 2195 dicere:

716 2240 977 2311 amicus
1007 2239 1322 2334 alligatus
1354 2259 1486 2324 est;
1520 2238 1615 2309 ire
1645 2237 1798 2309 volo
1819 2294 1836 2324 ,
1871 2260 2112 2326 mater,
2141 2261 2219 2310 ut
2248 2238 2511 2327 redeat,
2551 2257 2624 2309 ut
2648 2264 2811 2309 con-

717 2354 916 2443 soler,
954 2375 1033 2424 ut
1062 2353 1433 2423 dominum
1477 2378 1707 2448 rogem
1732 2408 1750 2440 ,
1786 2373 1864 2422 ut
1894 2353 1945 2422 si
1983 2376 2316 2451 tyrannus
2350 2353 2680 2452 exegerit,
2713 2353 2808 2424 vi-

714 2467 977 2538 carium
1011 2493 1257 2564 corpus
1293 2493 1646 2564 opponam
1677 2492 1690 2536 :
1729 2466 1898 2564 quid
1935 2466 2240 2539 detines?
2272 2469 2438 2566 quid
2476 2466 2807 2541 moraris?

712 2580 843 2651 hoc
879 2602 975 2651 est
1011 2602 1322 2677 tempuS,
1361 2600 1640 2676 propter
1674 2579 1864 2677 quod
1900 2581 2190 2653 coimus.
2228 2583 2500 2655 'Nescias
2530 2610 2623 2655 an
2655 2583 2806 2655 dili-

713 2717 869 2794 gat,
914 2696 1113 2796 cujus
1154 2721 1292 2764 non
1340 2694 1549 2765 habet
1583 2696 2086 2793 experimenta,
2128 2697 2261 2767 nisi
2304 2697 2448 2769 sola
2480 2699 2802 2789 felicitas;

714 2833 781 2882 et
808 2811 860 2881 si
893 2810 1038 2880 vitoe
1065 2831 1335 2909 praestes
1367 2810 1608 2880 omnia
1639 2811 1945 2881 secunda
1966 2868 1983 2899 ,
2014 2813 2275 2884 amicus
2307 2813 2520 2884 otiosa
2551 2840 2652 2885 res
2683 2835 2800 2884 est.

711 2928 1075 3000 Dicturum
1109 2955 1220 2997 me
1259 2948 1494 3026 putas;
1535 2927 1666 2998 hoc
1704 2949 2036 3025 exspectat
2069 2929 2433 3026 alligatus;
2469 2949 2799 3027 exspectat

712 3064 933 3115 totum
980 3044 1199 3113 immo
1245 3070 1463 3140 genus
1509 3043 1923 3130 hominum,
1966 3066 2029 3115 et
2078 3073 2201 3116 nos
2251 3046 2320 3116 in
2366 3045 2540 3116 hanc
2579 3043 2796 3114 fidem

710 3158 1171 3258 persuasionis
1202 3180 1648 3257 receperunt,
1681 3178 1757 3228 ut
1784 3158 1836 3229 si
1871 3158 1999 3229 hoc
2029 3160 2278 3230 faciam
2301 3217 2319 3249 ,
2352 3185 2558 3230 nemo
2587 3158 2802 3229 mire-

710 3295 839 3344 tur.
863 3274 982 3343 Vis
999 3273 1167 3344 scire
1183 3328 1200 3358 ,
1227 3294 1468 3361 mater,
1491 3301 1704 3371 quem
1726 3275 2055 3345 affectum
2071 3333 2087 3363 ,
2111 3303 2325 3373 quam
2348 3274 2800 3347 reverentiam

708 3388 782 3459 in
811 3388 1315 3459 calamitatibus
1349 3390 1576 3459 amico
1609 3411 1921 3484 praestare
1955 3390 2381 3463 debeamus?
2408 3391 2682 3463 nullam
2707 3389 2798 3462 le-

710 3532 868 3601 gem
903 3503 1174 3592 timuit,
1209 3529 1294 3573 ne
1335 3503 1857 3601 relinqueretur.
1895 3506 2162 3578 Differo
2197 3508 2485 3579 interim
2518 3533 2795 3580 causam

706 3618 1059 3705 amicitiae,
1095 3644 1292 3714 agere
1327 3619 1705 3718 paullisper
1741 3622 2066 3693 omnium
2106 3622 2302 3714 libet;
2349 3646 2416 3695 et
2457 3645 2795 3722 tyrannus

706 3731 881 3802 mihi
925 3730 1246 3819 credidit3
1291 3732 1443 3801 volo
1482 3735 1763 3806 reverti:
1806 3737 1985 3807 nulli
2025 3764 2341 3835 unquam
2376 3759 2598 3811 mater
2640 3738 2795 3836 plus

782 3887 825 3941 ι’.
847 3890 978 3941 Tota
999 3909 1104 3941 non
1120 3891 1392 3963 continqit.
1412 3895 1494 3945 An
1512 3904 1676 3946 totum
1691 3899 1716 3946 P
1796 3915 1902 3947 non
1926 3900 2182 3972 continyit
2202 3899 2289 3951 illa
2314 3901 2543 3953 amicitia
2559 3937 2577 3965 ‚
2604 3900 2659 3952 id
2684 3913 2760 3953 est
2776 3936 2794 3966 ,

706 3973 867 4026 scilic.
904 3991 1069 4040 genus
1105 3971 1427 4038 humanum3
1459 3995 1521 4026 eo
1555 3997 1714 4029 sensu
1797 3979 2040 4032 omnibus
2057 3983 2161 4033 suis
2178 3984 2406 4034 numeris
2419 3981 2793 4052 perfecta,eed

706 4071 813 4123 quo
842 4051 1156 4102 Albinovan.
1191 4052 1329 4122 Eleg.
1359 4056 1413 4104 in
1441 4056 1706 4121 Drusum,
1791 4072 1993 4109 tantum
2027 4078 2149 4131 pars
2188 4064 2333 4131 ejus,
2369 4062 2490 4130 quia
2525 4078 2634 4112 non
2670 4059 2793 4112 licet

703 4151 752 4184 v,
789 4149 852 4200 9:
899 4152 922 4175 κ
941 4129 1136 4180 Luctus
1176 4134 1395 4202 contigit
1439 4153 1621 4186 omnes
1638 4173 1653 4197 ,
1680 4161 1700 4183 n
1787 4140 1916 4191 mihi
1938 4140 2132 4205 redire,
2153 4155 2204 4193 et
2223 4141 2378 4192 fidem
2398 4154 2646 4211 praestare
2658 4141 2793 4192 ami-

702 4212 860 4266 dixit:
885 4212 976 4265 sed
996 4211 1205 4282 vulgata
1226 4217 1349 4265 satis
1372 4214 1576 4286 placet,
1598 4226 1706 4269 tota
1788 4238 1853 4269 co
1870 4256 1887 4286 ,
1911 4218 2184 4272 redeundo
2207 4219 2276 4272 ad
2298 4238 2583 4292 carcerem.
2618 4222 2787 4273 Βυικ.
