3200 5117
763 449 853 515 38
1262 449 1353 517 M.
1403 450 1651 515 FAsstt
1697 449 2333 533 QUtNTthNt

761 570 913 643 die?
944 572 1213 671 gravius
1248 573 1375 645 hoc
1405 574 1607 645 faciet
1638 596 1860 673 pater,
1905 574 1959 645 si
1993 601 2135 644 non
2172 571 2586 672 praestiterit¹
2626 570 2848 645 uxoria

761 687 955 776 Quid
998 690 1185 787 quod
1226 689 1355 761 hoc
1396 690 1627 788 ipsum
1678 710 1816 760 tam
1864 689 2162 788 placide,
2202 710 2342 760 tam
2391 688 2621 786 quiete
2654 688 2849 775 facit,

765 803 957 902 quasi
992 824 1216 903 captet
1251 804 1647 903 imponere?
1683 804 1851 903 quid
1896 804 2114 875 dicitis
2146 803 2556 878 miserorum
2596 829 2849 900 paren-

766 936 917 988 tum
948 918 1272 990 affectus?
1311 920 1842 1005 exheredaturus
1871 918 2095 990 filium
2130 941 2354 1017 pater,
2394 946 2536 989 non
2563 918 2851 989 advocat

766 1030 1225 1129 propinquos,
1274 1060 1413 1105 non
1451 1034 1789 1106 contrahit
1829 1034 2125 1123 amicos,
2169 1034 2375 1105 nullis
2408 1033 2722 1130 lacrymis
2749 1053 2850 1104 ta-

770 1146 981 1236 bulae,
1010 1149 1215 1228 ,nulla
1260 1150 1738 1221 vociferatione
1780 1149 2256 1247 complentur?
2302 1149 2567 1237 Nescis,
2613 1172 2848 1235 senex,

767 1282 1027 1358 quanta
1062 1261 1182 1333 tibi
1214 1291 1387 1363 opus
1417 1265 1499 1335 sit
1534 1264 1794 1336 ratione
1834 1265 2232 1337 tabularum
2260 1292 2275 1335 :
2307 1264 2675 1352 exheredas
2718 1259 2856 1333 mi-

771 1377 1131 1449 serabilem
1166 1380 1601 1477 parricidam.

869 1493 1023 1560 XV.
1057 1495 1213 1563 Non
1244 1515 1372 1583 est,
1401 1494 1703 1595 judiccS,
1742 1493 1928 1591 quod
1958 1494 2205 1591 putetis
2235 1492 2390 1563 ideo
2420 1492 2698 1563 nullum
2730 1488 2858 1561 ad-

765 1606 1030 1703 jectum
1086 1606 1173 1676 ad
1220 1607 1819 1707 exheredationem
1852 1607 2127 1707 juvenis
2173 1607 2514 1704 elogium,
2557 1605 2718 1702 quia
2770 1604 2855 1675 de

776 1719 1025 1791 scelere
1065 1741 1432 1792 constaret:
1469 1747 1678 1793 nemo
1717 1746 2031 1818 unquam
2065 1719 2218 1790 ideo
2253 1745 2396 1790 non
2431 1718 2681 1817 objecit
2713 1718 2862 1789 filio

777 1834 1255 1933 parricidium,
1286 1834 1449 1934 quia
1482 1835 1887 1906 crederetur.
1919 1836 2048 1903 Per
2073 1833 2322 1920 fidem,
2346 1832 2644 1931 judiceS,
2677 1833 2858 1903 duo-

780 1976 937 2021 rum
969 1949 1142 2021 inter
1166 1976 1338 2048 quos
1364 1949 1730 2021 desedere
1760 1947 2118 2046 quaeritur,
2144 1947 2560 2020 aestimemus
2594 1967 2862 2018 mutato

783 2084 1186 2135 testamento
1217 2063 1606 2161 proximam
1637 2083 1931 2133 noctem.
1979 2063 2293 2150 Juvenis,
2340 2091 2460 2134 seu
2496 2062 2861 2151 inuocem,

782 2203 901 2248 seu
937 2176 1271 2275 parricida
1304 2196 1432 2265 est,
1468 2176 1699 2248 adhuc
1733 2177 1805 2247 in
1835 2204 1960 2246 suo
1994 2175 2260 2246 silentio
2292 2197 2552 2274 stupet:
2591 2203 2716 2247 nec
2751 2178 2863 2246 fa-

785 2292 908 2363 cile
944 2291 1260 2382 dixerim,
1293 2292 1479 2363 unde
1515 2292 1736 2391 major
1768 2292 2153 2390 trepidatio,
2182 2292 2236 2364 si
2269 2292 2577 2364 alienum
2611 2293 2864 2380 tenuit,

788 2433 878 2478 an
922 2433 1132 2477 suum
1174 2433 1544 2477 venenum.
1596 2409 1903 2477 Noverca
1949 2434 2096 2477 rem
2143 2406 2321 2477 inter
2366 2433 2614 2478 manus
2661 2406 2869 2477 habet

789 2520 1094 2607 anxiam,
1143 2521 1513 2619 trepidam:
1564 2519 1738 2591 nihil
1785 2542 1882 2591 est
1932 2521 2275 2592 difficilius
2327 2548 2537 2619 quam
2590 2520 2868 2592 differre

790 2635 1160 2735 gaudium,
1191 2636 1379 2735 quod
1405 2637 1572 2708 scias
1604 2658 1665 2710 te
1697 2664 1838 2708 non
1866 2637 2143 2726 mereri3
2179 2658 2245 2708 et
2274 2637 2414 2707 filio
2441 2663 2510 2707 se
2534 2664 2679 2707 esse
2708 2662 2871 2734 proe·

792 2753 995 2824 latam
1014 2810 1033 2842 ,
1063 2780 1201 2824 non
1236 2775 1334 2824 est
1357 2752 1565 2852 longa
1584 2753 1961 2852 persuasio:
1986 2774 2318 2851 exspectat
2341 2780 2554 2841 nunc,
2583 2773 2659 2824 ut
2671 2753 2873 2852 juve·

796 2866 899 2937 nis
931 2887 1088 2966 agat
1119 2895 1422 2939 caussam
1452 2887 1721 2966 postero
1757 2866 1898 2955 die,
1937 2888 2011 2937 ut
2039 2867 2400 2939 credulum
2432 2893 2671 2938 senem
2708 2894 2872 2965 pro-

796 2982 1072 3082 pinqui,
1109 3003 1185 3054 ut
1216 2981 1440 3054 civitas
1472 2981 2117 3086 universa-castigem
2154 3002 2219 3052 et
2249 3008 2318 3052 se
2349 3008 2636 3054 noverca
2668 2980 2876 3051 sensit

799 3096 1004 3167 unius
1034 3118 1304 3167 tantum
1340 3095 1554 3166 noctis
1584 3095 1935 3168 heredem.
1962 3098 2118 3167 Non
2150 3095 2447 3166 creditur
2471 3115 2875 3166 testamento

799 3210 1131 3299 hominis,
1169 3210 1288 3309 qui
1318 3210 1562 3282 eadem
1591 3232 1788 3283 nocte
1818 3238 1957 3309 qua
1992 3211 2215 3284 filium
2250 3209 2709 3301 exheredavit,
2761 3237 2880 3282 oc-

802 3325 1071 3398 ciditur.

899 3442 1089 3512 XVI.
1120 3442 1517 3516 Tractemus
1546 3469 1768 3530 nunc,
1796 3442 2099 3543 judices,
2141 3443 2351 3542 ipsius
2384 3441 2650 3516 sceleris
2681 3467 2883 3513 com·-

806 3556 1503 3656 parationem.Caecus
1526 3558 1815 3655 ignorat,
1842 3579 1919 3630 ut
1930 3558 2151 3659 jaceat
2168 3585 2393 3646 senex,
2415 3585 2504 3629 an
2524 3557 2673 3656 jam
2699 3556 2887 3654 quie-

809 3692 977 3742 scat:
1012 3693 1077 3742 et
1097 3698 1310 3770 quam
1340 3672 1621 3746 difficile
1653 3695 1780 3763 est,
1811 3694 1887 3745 ut
1911 3673 2138 3745 credat
2159 3672 2383 3761 illum,
2409 3672 2532 3770 qui
2560 3671 2774 3744 modo
2798 3671 2887 3742 de

889 3833 907 3867 1
920 3854 932 3866 .
955 3815 1173 3869 Gravius
1188 3816 1665 3889 hocfact'et‘pater...
1680 3835 1808 3889 prae-
1885 3837 1940 3869 re
1965 3817 2277 3887 significaret
2298 3814 2402 3868 sihi
2415 3814 2581 3867 videri
2600 3811 2764 3865 filium
2786 3832 2889 3865 no-

811 3896 1013 3950 scitert't.
1036 3897 1459 3964 Consideratius,
1487 3914 1539 3951 et
1565 3903 1620 3952 in
1645 3899 1807 3951 filium
1887 3913 2110 3949 centem.
2159 3899 2311 3948 Nune
2356 3896 2408 3947 iel
2452 3897 2575 3948 fecit
2616 3895 2791 3946 subito
2833 3895 2888 3944 in

814 3981 1059 4034 severiori
1084 3999 1274 4050 paena,
1306 3983 1350 4032 si
1381 4000 1489 4033 non
1518 3981 1815 4052 proeetiten't
1891 3994 2105 4032 uxorem
2132 3974 2414 4045 obsequio,
2451 3988 2512 4025 ut
2541 3973 2703 4028 filium
2726 3971 2891 4025 exhe-

818 4057 1129 4132 obsequium
1156 4057 1331 4110 subito
1362 4061 1545 4127 uxori,
1574 4060 1620 4112 si
1651 4059 1813 4112 advo·
1890 4056 2158 4108 redatione
2204 4056 2450 4108 adversus
2491 4054 2738 4107 invidiam
2786 4069 2888 4106 no*

820 4137 1012 4187 raverit
1028 4138 1383 4207 propinquos,
1405 4151 1532 4203 ete„
1549 4156 1613 4189 eo
1635 4150 1692 4190 ut
1711 4138 1815 4191 cla-
1891 4157 2051 4191 vereat
2078 4150 2393 4208 protegeret.
2429 4137 2519 4189 Eo.
