3200 5117
720 533 841 596 328

1217 529 1308 591 M.
1360 526 1609 591 FAml
1654 527 2296 609 QUINTILIANI

713 655 971 723 vincor.
989 653 1165 740 Quae
1184 651 1431 749 putatis
1447 678 1587 721 esse
1606 671 1946 721 tormenta
1961 707 1977 738 ,
1996 677 2208 747 quem
2224 649 2565 737 dolorem,
2579 673 2807 747 quum

718 797 916 840 mens
977 791 1237 839 vetatur
1283 768 1517 839 oculos
1573 768 1810 865 sequi,
1860 794 2082 864 quum
2142 793 2182 837 a
2230 766 2619 838 luminibus
2665 765 2808 836 suis

717 887 993 957 animus
1025 885 1434 956 abducitur?
1460 883 1671 975 Quod
1705 910 1844 952 non
1874 882 2172 981 proficit,
2205 881 2334 953 hoc
2362 902 2699 979 superest,
2730 900 2809 950 ut

718 1002 1013 1073 occidat:
1041 1029 1153 1071 me
1173 1001 1516 1072 infelicem
1542 1058 1559 1089 ,
1582 1001 1639 1070 si
1655 1026 2007 1071 venenum
2033 998 2213 1069 istud
2239 1025 2379 1069 non
2403 998 2609 1068 habet
2629 1023 2805 1066 mor-

717 1142 858 1191 tem
881 1176 898 1204 ‚
930 1119 981 1189 si
1015 1119 1188 1189 mihi
1225 1120 1404 1190 inter
1427 1119 1552 1189 hos
1575 1116 1843 1188 dolores
1868 1116 2142 1215 longior
2165 1118 2297 1188 vita
2331 1115 2650 1188 ducenda
2674 1113 2801 1185 est!

720 1263 841 1306 cur
857 1262 1015 1330 ergo
1045 1235 1344 1332 posthoc
1369 1235 1584 1305 animi
1614 1235 1792 1305 vices
1819 1256 2356 1331 commentaque
2378 1249 2393 1278 ¹
2423 1230 2808 1333 prospicio?

719 1350 774 1419 si
810 1349 1174 1419 meretricis
1202 1349 1928 1446 impotentiaefomnia
1955 1347 2194 1440 licent,
2221 1349 2350 1421 hoc
2375 1346 2548 1421 erit³
2579 1373 2806 1419 reme-

722 1465 918 1535 dium
940 1524 957 1554 ,
990 1487 1067 1535 ut
1101 1492 1332 1535 amare
1364 1491 1596 1534 rursus
1628 1464 1980 1562 incipiam.

799 1671 818 1702 1
832 1695 842 1702 .
864 1653 918 1705 V
914 1653 1007 1702 ires
1024 1665 1428 1725 commentaque.
1448 1653 1727 1722 Lego‚mo·

719 1743 1022 1801 mentoque,
1071 1750 1259 1794 sensu,
1315 1749 1420 1800 quo
1459 1744 1534 1780 est
1583 1728 1726 1799 apud

720 1812 903 1862 Vellei.
935 1814 1098 1862 Pater.
1123 1812 1195 1872 ΙΙ,
1230 1815 1324 1880 78³
1355 1814 1597 1880 «Magnis
1625 1830 1731 1861 mo·

728 1912 750 1934 a·
774 1892 957 1941 mentis
1019 1909 1301 1940 concussas
1348 1893 1672 1961 provinciam
1701 1915 1722 1934 υ

717 1969 772 2019 id
822 1983 926 2032 est,
975 1969 1223 2021 motibus.
1255 1971 1430 2035 Vices‚
1483 1984 1536 2020 ut
1586 1969 1728 2040 apud

721 2046 900 2117 virgil.
935 2049 1135 2100 AEneid.
1165 2051 1234 2099 11:
1264 2071 1284 2092 κ
1307 2051 1560 2099 vitavisse
1585 2051 1727 2099 vices

728 2152 751 2174 ι
771 2132 1028 2180 Danaum.
1043 2154 1062 2175 n
1077 2131 1175 2190 Vel
1193 2131 1324 2199 lege,
1342 2149 1468 2200 quas
1483 2149 1574 2202 eqo
1586 2145 1725 2200 post-

726 2207 822 2258 hac
867 2209 1035 2258 animi
1087 2210 1212 2260 vices
1231 2249 1247 2273 ‚
1293 2227 1408 2281 quoe
1462 2223 1726 2262 momenta

721 2288 1010 2356 prospicio?
1033 2288 1247 2338 Senum.
1275 2287 1298 2335 l
1319 2289 1428 2338 ’ἐι-ες
1451 2306 1563 2360 quoe
1587 2309 1728 2342 com-

727 2375 933 2428 menta,
957 2368 1044 2417 W.
1072 2367 1215 2417 Leid.
1253 2386 1356 2417 sec.
1381 2369 1532 2419 Voss.
1569 2369 1724 2439 prim.

1811 1672 1913 1702 sec.
1936 1651 2121 1702 Lucas.
2153 1653 2337 1704 Vivam
2373 1670 2488 1724 quoe
2513 1665 2807 1703 commenta

1807 1732 1949 1784 Leid.
1984 1735 2140 1802 prim.
2176 1763 2243 1771 -—
2279 1734 2331 1785 V
2329 1736 2423 1784 {ces
2459 1743 2811 1804 tormentaque

1809 1811 2063 1862 Obrecht.
2087 1814 2258 1862 Locus
2283 1825 2579 1883 corruptus.

1883 1910 1929 1942 2.
1955 1891 2297 1960 Impotenlioe.
2323 1892 2692 1961 Impatientioe,
2714 1892 2805 1941 W.

1809 1970 1954 2020 Leid.
1990 1985 2039 2020 et
2069 1970 2220 2020 Voss.
2246 1988 2452 2030 omnes;
2485 1967 2677 2040 Gryph.
2704 1968 2808 2019 Co·

1809 2048 1899 2100 lin.
1923 2048 2107 2099 Vidov.

1879 2130 1929 2182 3.
1952 2130 2063 2181 Hoc
2087 2133 2197 2181 erit.
2225 2128 2435 2182 Mallem
2457 2129 2552 2180 hoc
2574 2131 2640 2180 sit
2658 2147 2809 2180 reme-

1809 2213 1972 2261 dium.
1999 2211 2141 2277 Quid
2174 2213 2241 2274 si,
2276 2212 2375 2264 nisi
2396 2211 2675 2261 meretricis
2710 2212 2809 2261 im-

1805 2291 2050 2363 potenta‘oe
2070 2292 2248 2343 omnia
2269 2289 2443 2356 licent,
2467 2290 2565 2342 Ιιοσ
2577 2289 2690 2352 erit,
2706 2302 2804 2341 etc.

1809 2370 2022 2422 Sena-r.
