3200 5117
766 548 892 611 250
1260 549 1352 612 M.
1401 548 1648 612 FABII
1694 547 2332 631 QUINTILIANI

763 666 1012 756 hom0,
1053 669 1212 767 qui,
1257 669 1471 768 siipsi
1500 669 1803 759 creditiS,
1835 669 2035 741 debet
2067 669 2309 743 occidi.
2352 672 2504 740 Hoc
2533 692 2632 742 est
2663 671 2839 770 quin

768 781 1020 872 immo,
1066 783 1365 883 judiceS,
1410 784 1598 880 quod
1640 811 1846 883 super
1893 810 2137 856 omnes
2184 784 2604 867 calamitates
2650 813 2839 857 meas

765 897 939 968 ferre
1001 926 1142 969 non
1201 927 1523 998 possum:
1568 901 1836 971 videtur
1861 900 2005 978 sibi
2052 900 2208 970 satis
2250 901 2488 973 vixisse
2536 929 2834 1000 pauper,

762 1035 1128 1110 postquam
1178 1014 1433 1113 occidit
1478 1013 1731 1086 liberos
1779 1039 2008 1085 meos:
2051 1039 2271 1112 operae
2310 1014 2608 1112 pretium
2645 1037 2838 1112 putat

762 1153 994 1198 coram
1044 1128 1474 1226 impatientia
1512 1153 1666 1198 mea
1700 1127 1970 1198 felicem
2011 1154 2494 1199 consummare
2537 1149 2834 1227 patrem,

763 1261 833 1312 et
872 1241 1287 1339 gaudiorum
1326 1270 1612 1315 suorum
1639 1243 1925 1315 satietati
1965 1243 2097 1314 hoc
2135 1269 2414 1341 quoque
2448 1242 2718 1342 adjicit,
2764 1264 2839 1312 ut

762 1355 1126 1429 orbitatem
1153 1385 1386 1429 meam
1415 1358 1645 1429 liberis
1675 1358 1813 1429 suis
1842 1358 2207 1457 relinquat.
2235 1358 2478 1430 Fidem
2509 1378 2834 1445 vestram,

752 1472 1064 1570 judices!
1106 1500 1195 1544 ne
1229 1493 1490 1572 pereat,
1530 1474 1717 1573 quod
1759 1474 2006 1546 ultioni
2044 1500 2214 1545 meae
2246 1473 2584 1571 contingit
2615 1474 2837 1546 bonus

762 1608 976 1685 pater.
1042 1589 1294 1658 Actum
1349 1609 1492 1659 erat
1542 1589 1629 1659 de
1680 1587 1937 1660 solatiis
1995 1588 2209 1676 meiS,
2258 1587 2312 1659 si
2369 1587 2620 1658 liberos
2680 1614 2837 1658 suos

758 1728 1026 1799 pauper
1074 1701 1313 1772 mallet
1355 1702 1593 1775 occidi.
1648 1700 1831 1774 Illud
1874 1703 2117 1801 plane,
2155 1701 2460 1800 judiceS,
2512 1702 2719 1773 etiam
2765 1702 2838 1772 in

761 1816 892 1887 hac
934 1817 1255 1914 pauperis
1288 1814 1724 1914 impudentia
1754 1816 2000 1904 miror,
2049 1816 2299 1887 liberos
2341 1843 2533 1887 meos
2575 1815 2836 1915 pudore

763 1929 1059 2029 deceptae
1100 1928 1385 2001 civitatis
1411 1944 1428 1973 ¹
1472 1928 1753 2019 occidit,
1797 1928 2047 2001 deinde
2078 1954 2192 2000 me
2223 1930 2577 2001 crudelem
2606 1950 2834 2001 vocat:

760 2044 1079 2144 parvulos
1109 2072 1267 2116 suos
1297 2043 1628 2134 ostendit,
1666 2044 1948 2142 allegat,
1989 2065 2350 2143 tamquam
2377 2073 2520 2116 non
2556 2072 2681 2143 ego
2710 2072 2837 2144 po-

764 2159 898 2231 tius
940 2186 1189 2257 querar
1225 2160 1357 2230 hoc
1389 2158 1474 2231 de
1505 2185 1867 2257 quoquam
1899 2179 2088 2258 patre
2131 2158 2315 2231 fieri:
2360 2158 2838 2257 necyintelligit

762 2296 1107 2371 quantum
1145 2275 1393 2347 debeat
1430 2274 1519 2347 ad
1555 2273 2064 2372 impatientiam
2104 2273 2313 2347 nostri
2353 2273 2606 2347 doloris
2641 2300 2837 2347 acce-

760 2388 950 2478 dere,
990 2389 1043 2459 si
1070 2414 1308 2486 passus
1336 2415 1494 2461 sum
1519 2388 1710 2486 quod
1736 2408 1802 2458 et
1829 2388 1901 2457 in
1932 2388 2199 2459 ultione
2230 2389 2560 2460 miserum
2592 2408 2716 2460 εει.

857 2505 941 2573 ll.
998 2502 1486 2595 Facinusest,
1522 2503 1798 2603 judices
1826 2558 1844 2589 ‚
1893 2528 2323 2600 quemquam
2363 2502 2834 2604 calamitatum

758 2643 1043 2687 suarum
1087 2615 1415 2688 invidiam
1451 2617 1628 2715 pati:
1669 2617 1766 2687 sic
1796 2616 2133 2689 ultionem
2169 2645 2399 2688 meam
2434 2618 2700 2690 debetis
2725 2616 2836 2688 ad-

762 2731 1057 2829 spicere,
1113 2752 1471 2830 tamquam
1528 2752 1595 2802 et
1649 2729 1900 2803 liberos
1960 2759 2117 2803 suos
2175 2759 2437 2831 pauper
2493 2732 2833 2804 occiderit.

760 2848 903 2917 Nec
955 2873 1068 2918 me
1107 2845 1323 2937 fallit,
1360 2846 1670 2945 judices,
1712 2847 2076 2945 plerosque
2118 2847 2430 2934 credere,
2479 2847 2837 2919 callidissi—

759 2987 958 3032 mum
1002 2988 1382 3059 pauperem
1419 2988 1548 3033 nec
1590 2961 1769 3032 mori
1810 2960 2016 3049 velle,
2063 2982 2132 3033 et
2171 2961 2342 3052 hoc,
2384 2961 2571 3059 quod
2619 2959 2840 3033 nudat

746 3074 1113 3174 jugulum,
1148 3097 1382 3174 pectus
1426 3075 1750 3174 opponit,
1796 3097 1973 3148 artes
2007 3103 2145 3148 esse
2187 3103 2313 3174 pro
2344 3076 2502 3148 vita.
2539 3074 2674 3147 Sed
2705 3101 2836 3173 ego

757 3189 959 3263 illum
977 3198 1120 3262 non
1147 3189 1353 3264 credo
1370 3189 1683 3279 mentiri,
1714 3216 1839 3287 ego
1867 3189 1986 3286 qui
2010 3188 2180 3279 scio,
2210 3189 2379 3289 quid
2405 3188 2833 3263 maluissem:

756 3332 1122 3401 nunquam
1142 3304 1272 3377 hoc
1287 3304 1606 3377 adversus
1625 3331 1750 3377 nos
1766 3305 2225 3401 excogitasset,
2241 3304 2373 3383 nisi
2394 3304 2839 3404 impatientis·

756 3419 973 3491 simus
1009 3441 1239 3518 pater:
1276 3442 1343 3491 et
1376 3419 1556 3490 hanc
1592 3445 1811 3517 poenae
1843 3419 2682 3520 meoesuppliciorumque
2714 3445 2839 3491 no·-

756 3533 1035 3606 vitatem
1070 3535 1155 3604 de
1188 3561 1311 3606 sua
1356 3534 1602 3633 pietate
1638 3553 2074 3607 commentus
2108 3555 2251 3606 est:
2293 3532 2467 3605 nihil
2495 3532 2717 3632 magis
2753 3531 2837 3604 de

757 3647 1043 3719 inimico
1073 3647 1344 3719 efficere
1369 3648 1570 3738 velis,
1608 3676 1820 3746 quam
1846 3647 2034 3747 quod
2058 3648 2200 3748 ipse
2226 3647 2404 3719 ferre
2433 3673 2576 3718 non
2601 3645 2833 3746 possis.

756 3761 989 3857 Habet
1011 3760 1141 3831 hoc
1172 3760 1376 3851 mali,
1411 3763 1717 3863 judices,
1755 3763 2155 3862 principum
2188 3761 2616 3849 innocentia,
2650 3759 2836 3860 quod

833 3950 855 3988 1
866 3977 877 3987 .
892 3938 1094 3989 Pudore
1108 3937 1326 4010 deceptoe
1337 3940 1577 3991 civitatis,
1594 3941 1758 3991 Infra:
1840 3958 1905 3991 ⁸ae
1916 3937 2159 3992 haevoces
2173 3938 2316 4010 apud
2328 3936 2630 4007 VirgiLAEn.
2644 3937 2734 4001 W,
2749 3952 2834 4004 91:

760 4039 782 4062 ιι
806 4016 871 4066 Et
898 4013 1255 4067 erubescentis
1283 4019 1423 4069 eirca
1460 4036 1543 4069 me
1571 4016 1762 4089 populi
1847 4020 2000 4071 oeNec
2022 4020 2218 4073 famam
2243 4017 2459 4071 obstare
2481 4016 2676 4084 furori,
2695 4039 2717 4064 ιο
2747 4014 2838 4068 ubi

758 4094 1757 4171 atimidasolazit.aeAnpotioe,fm-ore
1830 4100 2024 4169 pudori
2064 4100 2186 4152 alii:
2233 4113 2284 4153 et
2330 4099 2478 4171 apud
2520 4098 2717 4152 Lucan.
2745 4098 2837 4163 lv,

751 4178 988 4230 Gnouov.
1031 4178 1223 4231 Furore
1260 4183 1459 4252 recepit
1495 4180 1753 4235 Obrecht.
1836 4182 1967 4234 231:
2006 4204 2032 4227 ι
2057 4184 2157 4234 Pro
2184 4182 2298 4234 dira
2321 4178 2543 4253 pudoris
2571 4178 2786 4233 fimas!
2806 4200 2832 4225 ιο

755 4275 853 4309 nec
868 4255 996 4308 mihi
1014 4254 1257 4328 displicet
1271 4258 1455 4312 valde:
1480 4261 1552 4310 ita
1566 4262 1754 4312 confu-
1834 4262 1926 4315 nbi
1948 4264 2091 4317 MSS.
2120 4263 2332 4334 qnidam
2346 4262 2562 4336 fumn‘o.
2582 4264 2748 4315 m-

2027 4552 2046 4587 1
