3200 5117
618 518 1037 583 DECLAM.
1088 517 1166 578 V.
1214 513 1493 580 AEGER
1538 514 2149 581 REDEMPTUS.
2305 521 2423 583 113

346 668 479 741 que
511 641 743 741 praedo
766 664 909 713 non
941 640 1199 714 reddit:
1237 640 1439 711 offert
1468 637 1874 710 electionem
1893 697 1912 730 ,
1942 638 2222 711 suadete
2254 642 2425 738 quid

342 759 618 831 faciam.
666 758 865 849 Quid
904 756 1170 830 dicitis?
1212 757 1335 829 ista
1375 755 1590 855 pietas
1635 775 1734 827 est
1773 756 1998 846 abire,
2042 758 2426 850 discedere,

349 873 541 945 irasci
569 873 859 964 scilicet,
891 874 1124 969 queri,
1151 892 1217 943 et
1248 870 1588 942 invidiam
1616 870 1842 942 facere
1873 870 2151 969 piratis-‘z’
2178 898 2296 945 vos
2320 874 2432 946 iu—

347 1010 610 1089 terrogo
645 990 843 1062 liberi
863 1041 882 1077 ,
910 1015 1029 1061 vos
1057 1009 1408 1089 parentes3
1440 1014 1586 1058 non
1614 1013 1778 1084 ergo
1805 987 2078 1060 facinus
2106 1009 2202 1061 est
2219 1048 2237 1080 ,
2274 990 2429 1063 ideo

350 1126 675 1177 neutrum
704 1105 1041 1176 redimere
1057 1162 1075 1194 ,
1103 1104 1269 1200 quia
1288 1122 1664 1200 utrumque
1690 1129 1831 1174 non
1854 1103 2113 1202 possis?
2133 1106 2431 1205 Egregia

334 1222 562 1321 ,pietas
581 1277 599 1310 ‚
625 1245 892 1315 aequare
917 1215 1166 1290 liberos
1179 1217 1450 1317 justitia
1475 1217 1963 1315 desperationis
1982 1233 2001 1264 ¹
2027 1250 2044 1309 ;
2072 1240 2137 1291 et
2159 1247 2239 1293 ex
2262 1220 2393 1294 hoc
2411 1282 2429 1313 ,

351 1335 539 1434 quod
560 1359 950 1405 succurrere
971 1359 1113 1404 non
1141 1331 1476 1430 contingit
1494 1332 1766 1406 duobus
1783 1391 1802 1424 ,
1824 1335 2188 1407 orbitatem
2210 1336 2433 1411 facere

349 1446 601 1519 totam!
638 1450 751 1518 Tu
791 1473 990 1536 vero,
1030 1467 1377 1536 senectus,
1415 1445 1644 1546 accipe
1689 1447 2033 1545 quidquid
2068 1449 2294 1542 datur,
2333 1480 2437 1526 ac-

352 1563 505 1661 cipe
539 1560 884 1658 quidquid
925 1561 1237 1649 offertur,
1282 1559 1454 1630 dum
1497 1558 1634 1649 hoc⁴
1660 1560 1898 1632 saltem
1938 1561 2187 1634 feritati
2225 1565 2433 1657 libet,

350 1696 727 1773 antequam
749 1675 820 1744 in
842 1675 1244 1773 patientiam
1264 1694 1409 1745 tam
1429 1700 1599 1745 saeva
1614 1673 1947 1745 decrescat
1968 1689 1993 1718 ²
2013 1674 2431 1750 immanitas.

352 1791 636 1863 Interim
670 1788 889 1861 multa
921 1809 1210 1889 possunt
1240 1789 1484 1860 afferre
1515 1816 1709 1861 casus
1737 1815 2058 1887 :sperare
2091 1791 2283 1881 licet,
2332 1819 2440 1865 rc-

353 1904 642 2007 petere3,
662 1931 935 2003 sperare
963 1925 1179 2004 pater,
1203 1903 1504 1976 fortassis
1528 1904 1789 1975 evadat.
1812 1905 2291 2003 Quaecumque
2319 1934 2442 1978 ex·-

355 2021 592 2120 plicari
626 2022 1135 2093 coacervatione
1165 2047 1307 2092 non
1345 2042 1668 2120 possunt,
1712 2046 1833 2118 per
1866 2041 2089 2119 partes
2122 2022 2440 2120 vicesque

356 2157 740 2225 servantur;
794 2157 862 2207 et
908 2136 1182 2208 facilins
1236 2159 1335 2209 est
1384 2136 1601 2207 divisa
1651 2135 2084 2227 subtrahere,
2139 2164 2437 2234 quorum

356 2252 761 2351 magnitudo
790 2252 1108 2347 laborat
1092 2281 1164 2325 in
1198 2252 1440 2325 solid0.

452 2370 639 2438 XIII.
676 2366 1041 2455 Quantum
1078 2367 1425 2467 intelligo,
1451 2366 1760 2469 judiceS,
1797 2365 2018 2457 filius,
2053 2367 2165 2438 cui
2204 2370 2443 2466 profu-

358 2459 593 2552 turum
621 2508 762 2552 non
785 2502 928 2553 erat
944 2501 1022 2553 ut
1045 2481 1407 2579 eligerem,
1428 2481 1556 2553 hoc
1575 2480 1803 2554 solum
1828 2480 2003 2552 ferre
2025 2508 2165 2553 non
2187 2504 2440 2581 potest,
2466 2547 2474 2568 s

441 2728 482 2761 t.
529 2711 743 2763 Iustitia
785 2712 822 2762 d

820 2715 1363 2787 eepemeionis.1.egit
1442 2717 1607 2787 petis,
1632 2714 1844 2767 Barbari
1867 2713 1942 2765 illi
1966 2729 2017 2768 et
2040 2715 2294 2768 immanes
2310 2754 2327 2782 ,
2353 2717 2445 2786 qui

360 2786 560 2842 Schult.
582 2787 821 2840 stultitia.
840 2793 962 2843 Non
983 2792 1148 2854 male;
1170 2793 1262 2846 sed
1283 2813 1365 2845 ex-

360 2869 590 2941 plicatur
597 2870 810 2941 Justttta
835 2890 899 2924 eo
924 2872 1069 2945 quod
1096 2876 1242 2945 pater
1262 2885 1365 2926 tim·

360 2947 460 3000 bos
490 2965 645 3020 aequo
680 2966 889 3016 amore,
918 2948 1173 3022 diligens,
1197 2971 1362 3025 quum

362 3027 661 3081 alterutrius
683 3030 858 3082 facere
880 3049 988 3083 non
1009 3029 1172 3102 possit
1194 3034 1368 3105 optio-

364 3123 483 3158 nem
500 3105 727 3159 filiorum
740 3145 759 3173 ,
774 3108 965 3180 quibus
982 3107 1198 3182 singulis
1215 3121 1365 3204 aiqua

364 3200 487 3239 suut
517 3187 792 3241 electionis
810 3189 977 3261 jura,
1012 3190 1082 3242 ob
1100 3193 1366 3263 justitiam

365 3263 420 3316 in
444 3265 862 3336 desperationem
889 3267 1202 3322 adducatur.
1227 3272 1318 3322 En.

440 3343 595 3394 2111
629 3345 939 3414 patientiam
980 3358 1085 3398 tam
1120 3361 1248 3399 soeva
1279 3347 1371 3399 de-

367 3434 559 3476 crescat
581 3425 892 3479 immanitas.
921 3426 1121 3479 Schult
1148 3428 1373 3498 corrige-

366 3500 462 3552 bat
482 3514 622 3553 tuam
644 3523 742 3573 pro
764 3514 870 3554 tam
882 3542 902 3570 ,
928 3518 979 3557 et
997 3506 1254 3558 adcrescat
1269 3524 1368 3577 pro

365 3584 645 3651 decrescat,
662 3585 764 3637 hoc
780 3603 961 3638 sensu:
982 3590 1153 3659 major
1167 3589 1221 3638 in
1234 3587 1369 3639 filios

368 3665 562 3717 saevitia
602 3680 710 3718 erat
745 3669 923 3718 futura
958 3668 1280 3739 piratarum,
1314 3670 1367 3720 in

366 3744 530 3798 hosce
562 3744 730 3812 duos,
764 3748 806 3799 si
839 3766 1024 3818 passus
1056 3762 1193 3801 esset
1219 3762 1371 3820 pater

367 3841 552 3899 captos
577 3846 812 3896 manere,
839 3847 935 3880 nec
960 3829 1272 3881 alterutrum
1296 3850 1373 3883 re-

367 3904 646 3974 demIsset‚
671 3909 795 3981 quia
823 3922 1103 3979 utrumque
1132 3928 1239 3960 non
1268 3929 1371 3981 po-

370 3999 503 4037 terat
526 3984 795 4037 redimere.
818 3979 1010 4037 Attulit
1030 3989 1187 4038 etiam
1206 3985 1371 4059 impa-

370 4069 602 4122 tientiam
623 4087 723 4139 pro
740 4067 1080 4139 patientiam,
1096 4067 1243 4139 quod
1264 4087 1374 4120 non

370 4143 687 4216 displicebat
725 4147 898 4197 Burm.
935 4145 1006 4195 ita
1050 4143 1333 4216 explicanti
1360 4166 1372 4196 :

370 4226 506 4292 Quia
530 4237 587 4277 tu
612 4237 723 4277 tam
744 4225 1075 4296 impatienter
1098 4235 1378 4296 utramque

594 4314 645 4367 5.

1441 2815 1585 2847 nunc
1632 2815 1797 2847 unum
1846 2795 2079 2846 offerunt
2097 2832 2114 2860 ,
2162 2809 2444 2867 utrumque

1442 2875 1731 2945 negabunt.
1760 2875 1825 2925 In
1855 2883 2030 2925 autem
2054 2883 2190 2925 esset
2213 2877 2445 2944 positum

1440 2976 1539 3029 pro
1582 2967 1761 3009 contra
1782 2995 1800 3022 ,
1839 2967 2043 3007 crescat
2078 2949 2265 3005 ti'ontra
2300 2968 2446 3006 tuam

1446 3036 1841 3106 impatientiam.
1880 3036 2125 3086 Attamen
2163 3029 2260 3084 has
2302 3046 2448 3084 tene-

1444 3112 1568 3165 bras
1591 3111 1858 3163 discutere
1884 3111 2103 3162 tentavit
2131 3110 2245 3179 ipse
2266 3110 2444 3162 But-m.

1441 3193 1801 3266 poent'tentt'am
1840 3210 1941 3263 pro
1975 3190 2284 3263 patientiam
2318 3210 2450 3262 pro-

1444 3291 1652 3343 ponens
1690 3290 1754 3323 eo
1791 3288 1978 3323 sensu:
2021 3270 2216 3338 Accipe
2250 3288 2450 3339 unum,

1451 3364 1736 3423 antequam
1750 3349 1837 3402 illa
1853 3350 2165 3415 immanitas,
2182 3366 2295 3420 quae
2310 3368 2454 3404 nunc

1450 3449 1615 3482 unum
1627 3429 1797 3482 modo
1818 3441 2001 3499 negat,
2016 3430 2069 3479 in
2090 3431 2452 3499 prenitentiam

1449 3523 1704 3574 mutetur,
1718 3522 1777 3560 ut
1797 3521 2041 3559 neutrum
2062 3507 2195 3559 nolit
2212 3508 2451 3563 reddere.

1450 3589 1664 3639 Interim
1682 3589 1823 3640 forte
1841 3587 1931 3638 fiet
1950 3585 2177 3659 aliquid,
2192 3606 2301 3658 quo
2322 3588 2457 3641 alter

1451 3664 1656 3717 evadat.
1688 3664 1959 3737 Quidquid
1995 3664 2103 3716 haec
2136 3668 2239 3718 sint
2271 3665 2339 3718 ad
2372 3670 2455 3719 lo·-

1451 3767 1571 3800 cum
1597 3750 1816 3798 maxime
1837 3745 2151 3812 obscurum,
2173 3746 2327 3798 nobis
2347 3747 2457 3820 pla-

1451 3840 1538 3879 cet
1559 3826 1703 3898 prior
1722 3821 1922 3877 Schult.
1943 3824 2127 3891 lectio,
2150 3840 2207 3877 ut
2227 3845 2340 3898 quae
2359 3828 2456 3878 mi—

1451 3926 1553 3960 nus
1577 3925 1607 3958 a
1635 3920 1780 3959 textu
1801 3905 2034 3958 recedat.
2059 3907 2150 3958 En.

1523 3983 1572 4037 3.
1613 3985 1828 4055 Sper-are
1865 3983 1984 4036 licet
2002 3997 2021 4050 ,·
2061 3995 2312 4056 repetere,
2352 4001 2452 4039 etc.

1454 4065 1892 4134 corruptissimus
1926 4062 2108 4127 locus,
2140 4064 2458 4122 multorum-

1458 4165 1560 4216 que
1585 4142 2005 4197 correctionibus
2030 4159 2271 4212 vexatus,
2297 4165 2327 4197 a
2352 4163 2458 4217 quo

1458 4244 1673 4276 manum
1700 4225 1959 4277 abstinere
1986 4227 2147 4278 satius
2171 4240 2268 4278 est.

2190 4315 2218 4363 8
