3200 5117
838 497 878 560 6
1336 500 1426 563 M.
1476 491 1722 564 FABn
1769 501 2399 583 QUINTILIANI

834 647 1095 713 ratum3
1137 625 1274 696 sive
1310 626 1469 722 quia
1509 626 1821 697 caecitatis
1857 627 2116 698 miserae
2149 625 2469 700 solatium
2508 646 2610 698 est
2646 621 2888 699 habere

831 766 983 810 rem
1018 739 1421 810 videntium.
1459 743 1656 812 Certe
1688 768 2050 839 nunquam
2085 741 2281 812 illum
2317 762 2508 839 pater
2540 741 2886 830 timuerat,

830 881 1197 952 nunquam
1234 859 1536 927 Noverca
1583 856 1958 953 objecerat:
2008 857 2234 953 palam
2278 857 2580 954 positum
2626 877 2725 928 est
2763 856 2884 927 sub

830 970 1046 1042 oculis
1093 971 1408 1041 omnium
1453 991 1587 1042 tota
1634 971 1845 1041 domo
1886 973 2318 1043 notissimum
2367 973 2652 1042 ferrum.
2698 971 2886 1043 Scitis

828 1106 1087 1182 quanto
1114 1084 1568 1181 negligentius
1594 1084 1920 1156 custodiat
1947 1086 2205 1156 ferrum
2228 1086 2411 1155 bona
2436 1085 2882 1170 conscientia,

825 1225 1037 1298 quam
1069 1199 1279 1269 etiam
1317 1219 1494 1269 extra
1524 1198 1985 1295 suspicionem
2010 1214 2025 1243 ¹
2067 1200 2151 1270 sit
2185 1227 2285 1270 res
2315 1201 2458 1270 sine
2485 1227 2636 1270 usu.
2672 1202 2882 1269 Inno-

826 1313 1047 1383 centia
1090 1313 1288 1398 facit,
1339 1335 1415 1384 ut
1450 1314 1709 1384 ferrum
1762 1314 2074 1385 subtrahi
2120 1315 2329 1412 possit
2365 1315 2568 1386 etiam
2603 1314 2879 1385 videnti.

823 1427 971 1496 Sive
1006 1426 1214 1522 igitur
1248 1426 1489 1524 aliquis
1523 1454 1599 1497 ex
1633 1428 1913 1500 servulis
1947 1451 2300 1527 corruptus
2332 1450 2462 1516 est,
2512 1428 2880 1525 praesertim

822 1539 898 1609 in
927 1560 1066 1610 tam
1091 1540 1273 1610 facili
1300 1540 1682 1626 occasione;
1710 1542 1841 1620 sive
1870 1543 1994 1640 ipsi
2025 1546 2342 1614 Novercae
2369 1570 2510 1612 non
2536 1542 2754 1612 defuit
2773 1569 2882 1615 au·

824 1654 1017 1725 dacia
1063 1654 1147 1724 ad
1194 1655 1627 1742 ferendum²‚
1667 1656 1851 1752 quod
1892 1657 2114 1728 facere
2158 1677 2420 1754 poterat
2452 1677 2519 1726 et
2555 1677 2879 1752 praescnte

822 1768 1166 1865 privigno,
1203 1769 1442 1864 utique
1477 1769 1702 1866 (quod
1733 1768 2031 1840 dubitari
2063 1797 2202 1840 non
2239 1788 2480 1866 potest,
2508 1766 2692 1865 quod
2718 1767 2881 1838 facit

780 1902 1079 1952 -certum
1117 1883 1385 1953 sceleris
1426 1886 1815 1979 auctorem)
1865 1883 2127 1955 mavult
2169 1883 2238 1953 in
2285 1881 2465 1953 caede
2512 1880 2735 1952 alieno
2782 1879 2876 1950 uti

818 2022 1027 2092 quam
1049 2023 1172 2068 suo
1193 1997 1453 2093 gladio,
1476 1997 1784 2093 quisquis
1806 1997 2005 2068 illum
2031 1998 2383 2068 relicturus
2410 2016 2525 2065 est.
2554 1994 2875 2091 Reliqua,

816 2109 1104 2206 judices,
1129 2111 1183 2180 si
1209 2112 1351 2180 fieri
1376 2133 1679 2207 possunt,
1700 2113 1880 2182 facta
1899 2110 2333 2183 existimate-³.
2356 2111 2621 2181 Dicitur
2641 2111 2877 2179 Caecus

813 2221 960 2292 sine
990 2243 1276 2306 rectore,
1313 2222 1458 2291 sine
1487 2223 1691 2312 duce,
1732 2251 1807 2295 ex
1846 2225 1961 2295 illa
1988 2225 2345 2323 penatium
2378 2243 2567 2319 parte
2593 2243 2874 2308 secreta,

810 2354 878 2404 et
895 2359 1089 2432 paene
1116 2361 1193 2405 ex
1211 2334 1347 2406 alia
1368 2335 1605 2437 domo,
1635 2363 1755 2433 per
1779 2337 1983 2407 inane
2008 2336 2299 2432 longum
2315 2392 2333 2424 ,
2358 2363 2479 2434 per
2499 2355 2594 2405 tot
2611 2335 2876 2406 offensa

807 2447 1056 2517 limina
1072 2445 1123 2536 4,
1156 2473 1276 2545 per
1301 2450 1708 2551 excubantes
1738 2448 2033 2520 servulos
2059 2476 2306 2519 errasse
2335 2474 2496 2518 cum
2521 2448 2730 2535 ferro;
2762 2475 2874 2519 cu·

806 2561 1118 2632 biculum
1149 2561 1401 2633 deinde
1436 2563 1641 2659 patris
1676 2563 2042 2659 ingressus,
2074 2563 2149 2632 in
2179 2582 2493 2655 neutram
2520 2561 2870 2632 deflexisse

808 2696 1104 2774 partem,
1151 2676 1268 2746 sed
1306 2698 1480 2747 recto
1516 2677 1736 2773 gradu
1773 2678 1947 2747 sicut
1983 2677 2228 2746 ducere
2262 2678 2442 2748 oculi
2477 2676 2730 2763 solent,
2779 2677 2869 2748 ad

800 2787 1134 2860 lectulum
1179 2790 1528 2860 accessisse
1569 2788 1867 2886 leviter5,
1897 2793 2060 2859 'non
2114 2789 2186 2859 in
2239 2809 2467 2860 torum
2515 2789 2865 2879 incidisse,

802 2927 944 2972 non
974 2922 1130 2973 ante
1160 2904 1540 3001 pervenisse
1574 2927 1785 2998 quam
1820 2903 2144 2973 crederet.

879 3078 923 3111 ι.
966 3062 1133 3128 Quam
1170 3063 1325 3114 etiam
1363 3074 1507 3115 extra
1542 3064 1791 3135 suspicio-
1871 3063 1927 3112 tii
1950 3061 2204 3126 rhetoris,
2231 3061 2296 3112 de
2319 3081 2420 3133 qua
2441 3064 2583 3115 Suet.
2608 3061 2674 3115 de
2695 3063 2865 3117 Clari:

796 3158 932 3192 nem.
959 3141 1149 3194 Sensus
1174 3158 1250 3196 est
1271 3146 1528 3212 integrum
1549 3148 1661 3196 vitae
1685 3164 1792 3197 sce·
1867 3142 2080 3194 Rhetor.
2096 3182 2111 3205 .‚
2126 3162 2172 3193 c.
2190 3144 2249 3204 6,
2269 3159 2317 3195 et
2333 3145 2513 3194 Senec.
2534 3146 2585 3195 in
2602 3146 2752 3214 epist.
2772 3147 2858 3199 30.

795 3217 1020 3290 lerisque
1065 3239 1259 3289 purum
1304 3220 1430 3272 nihil
1480 3221 1788 3296 plerumque
1864 3265 1869 3270 ·
1937 3223 1986 3288 4.
2027 3224 2243 3294 Offensa
2280 3224 2480 3276 lt'mina·
2512 3225 2591 3276 Ad
2617 3244 2729 3296 qua·
2759 3228 2862 3277 im-

793 3300 968 3365 ferro,
1015 3304 1247 3371 quamvis
1293 3301 1515 3366 habeat,
1562 3304 1655 3356 sed
1694 3324 1785 3359 sua
1865 3303 2287 3374 pegerit‘caecus,
2317 3325 2426 3358 uon
2457 3308 2568 3358 sine
2601 3311 2859 3378 strepitu,

786 3381 1112 3446 conscientia
1147 3383 1268 3432 niti:
1295 3381 1432 3434 hanc
1466 3382 1541 3435 illi
1572 3405 1780 3440 murum
1863 3403 1968 3454 quo
1988 3385 2142 3455 prodi
2163 3401 2368 3456 posset:
2391 3388 2534 3458 quod
2554 3407 2659 3441 non
2681 3405 2856 3460 potest

794 3456 1049 3509 aheneum
1075 3477 1202 3510 esse.
1861 3470 1967 3522 fere
1998 3490 2102 3521 non
2132 3475 2204 3523 sie
2233 3475 2453 3524 evenire.
2480 3475 2563 3526 Sic
2587 3475 2855 3550 Ovid.·ep·

867 3556 915 3590 2.
939 3541 1059 3591 Non
1085 3540 1251 3610 defixit
1271 3540 1494 3592 audacia
1518 3543 1777 3613 adferen—
1859 3553 2055 3616 xl11,v.
2077 3554 2142 3605 88
2162 3576 2172 3604 :
2206 3578 2228 3600 κ
2249 3557 2341 3606 Pes
2357 3569 2478 3607 tuus
2493 3555 2700 3612 offenso
2721 3558 2858 3613 limi-

790 3623 929 3672 dum.
942 3621 1023 3672 Al.
1040 3621 1120 3672 ed.
1138 3621 1207 3672 ad
1219 3622 1567 3691 afferendum.
1584 3626 1777 3694 Scribe,
1865 3651 1886 3674 κ
1908 3648 1974 3680 ne
1993 3633 2134 3700 signa
2157 3631 2314 3684 dedit.
2337 3655 2358 3678 ι
2379 3634 2469 3684 Est
2482 3638 2638 3688 etiam
2653 3639 2779 3690 Dec.
2799 3655 2852 3704 a,

786 3699 859 3749 ad
872 3697 1228 3768 auferendum.
1251 3702 1452 3770 Nempe
1466 3701 1696 3772 gladium
1716 3726 1777 3758 ex
1862 3733 1884 3755 ιι
1903 3710 2173 3782 Quidquid
2223 3715 2452 3763 occurrit
2511 3731 2850 3787 nequaqnam

782 3774 1031 3834 cubiculo
1054 3779 1295 3847 privigni.
1322 3778 1485 3831 Gaas.
1859 3810 1883 3835 α
1902 3801 2076 3859 potest
2099 3793 2292 3843 evitare
2315 3795 2518 3846 oaecitas
2544 3796 2641 3845 nisi
2671 3795 2850 3847 offen-

855 3855 906 3907 3.
924 3856 1077 3908 Facta
1095 3859 1392 3910 existimate.
1409 3863 1572 3931 Urget
1588 3880 1654 3914 eo
1673 3865 1777 3916 No·
1859 3888 1882 3913 ι
1900 3885 1983 3931 ιε,
2005 3893 2027 3917 ι
2057 3869 2149 3921 ubi
2176 3869 2379 3940 offensa
2403 3874 2628 3941 pertinet
2656 3873 2725 3925 ad
2750 3875 2850 3927 ho-

774 3951 1020 4000 πτερω,
1053 3935 1201 4006 quod
1226 3938 1381 3990 nimis
1412 3957 1571 4010 quam
1600 3943 1776 3995 incre-
1851 3948 2003 3998 minis
2026 3965 2248 4020 corpus3
2272 3950 2418 4020 quod
2448 3951 2793 4023 frequentius.

770 4011 962 4064 dibilin
1000 4014 1204 4066 afferat.
1247 4015 1612 4071 conditionem
1647 4040 1772 4075 vero
1921 4028 2195 4081 &leviten
2210 4029 2267 4081 ld
2277 4044 2374 4097 est,
2384 4050 2638 4103 suspenso
2654 4036 2846 4104 gradu,

769 4108 943 4162 quam
957 4092 1085 4181 fert,
1102 4109 1213 4144 non
1233 4095 1405 4147 minus
1422 4097 1770 4168 periculosam
1849 4118 1907 4156 ut
1931 4108 2099 4176 ipsum
2120 4111 2357 4180 corporis
2379 4110 2618 4181 pondus,
2635 4131 2703 4165 ne
2717 4128 2845 4168 stre·

784 4185 897 4239 qun
914 4168 1113 4238 judicet
1131 4187 1289 4239 qnam
1307 4174 1458 4228 istam
1475 4176 1584 4228 Caii
1605 4177 1769 4232 Albu—
1845 4188 2012 4256 pitum
2037 4189 2218 4257 faciat,
2244 4191 2402 4244 levari
2424 4192 2677 4246 videatur.
