3200 5117
647 471 769 511 220
1147 450 1236 511 M.
1287 449 1535 511 FABn
1585 421 2223 530 QUINT'ILIANI

647 591 1046 670 egestatem,
1091 574 1259 670 quid
1297 573 1597 671 amplius
1640 594 1859 671 potest
1897 573 2073 670 pati,
2109 573 2235 645 nisi
2276 572 2465 671 quod
2498 575 2732 671 optat?

649 689 1018 760 ulteriorne
1072 689 1194 758 tibi
1237 689 1470 785 aliqua
1509 688 1677 758 ultio
1721 690 2092 786 quaerenda
2131 711 2271 777 est,
2311 711 2427 759 aut
2465 689 2729 786 aliquid

653 834 878 875 rerum
912 828 1155 877 natura
1191 806 1386 905 pejus
1413 806 1635 904 capit?
1665 806 1816 903 quis
1843 833 1986 875 nou
2020 829 2083 877 tc
2115 806 2435 876 omnium
2473 828 2732 876 morta—

652 921 823 991 lium
854 920 1516 993 inhumanissimum
1544 942 1771 1020 putet,
1797 923 1850 991 si
1875 922 2005 992 hoc
2029 922 2346 994 adversus
2367 923 2729 994 inimicum

654 1056 854 1106 tuum
887 1036 1125 1106 saltem
1154 1036 1439 1134 optasti?
1463 1035 1518 1106 si
1545 1063 1659 1106 me
1686 1035 1913 1107 hercle
1942 1037 2387 1134 inexpiabiles
2412 1037 2731 1107 odiorum

652 1178 900 1240 causae,
939 1171 1007 1221 et
1039 1151 1427 1249 compositis
1457 1178 1735 1249 quoque
1770 1151 2025 1222 fabulis
2050 1167 2064 1194 ¹
2107 1153 2455 1223 ulteriores
2491 1152 2731 1223 inimi-

657 1268 834 1339 citiae
878 1268 1202 1356 fuissent,
1248 1268 1468 1337 ausim
1519 1267 1780 1352 dicere,
1820 1269 1872 1338 si
1925 1290 2197 1366 propter
2239 1269 2441 1339 illum
2489 1269 2734 1339 liberos

659 1382 1091 1480 perdidisseS,
1129 1382 1526 1480 accipienda
1556 1404 1786 1452 tamen
1819 1405 1962 1454 erat
1997 1411 2036 1453 a
2058 1385 2333 1454 fortuna
2366 1384 2520 1454 talis
2550 1384 2738 1456 satis-

657 1498 892 1567 factio:
939 1518 1114 1567 certe
1152 1497 1238 1566 ad
1279 1497 1624 1566 vitandam
1673 1497 2048 1568 insolentiae
2092 1499 2536 1595 opinionem,
2583 1510 2736 1596 quae

657 1613 797 1683 fere
828 1612 1243 1683 immeritam
1274 1639 1550 1709 quoque
1583 1613 1957 1709 potentiam
1992 1614 2237 1711 carpit,
2271 1641 2358 1684 ne
2387 1636 2739 1710 vagaretur

663 1754 783 1825 per
817 1727 1061 1830 urbem
1095 1726 1470 1798 invidiosus
1511 1726 1906 1813 mendicuS,
1943 1749 2010 1797 et
2042 1729 2451 1801 calamitatis
2479 1728 2736 1800 auctori

662 1869 897 1913 causas
922 1842 1168 1939 vulgus
1202 1862 1538 1938 regereret
1572 1842 1918 1913 odiorum.

759 1960 942 2030 XIX.
973 1959 1215 2029 Nescio
1242 1956 1595 2054 quomodo
1624 1959 1850 2028 omnis
1880 1987 2002 2057 pro
2029 1960 2381 2031 laborante
2405 1962 2595 2032 favor
2615 1983 2739 2049 est,

664 2101 790 2145 nec
829 2073 966 2144 ulla
994 2094 1399 2171 perpetuam
1430 2073 1719 2171 gratiam
1749 2096 1995 2162 servat,
2035 2076 2159 2145 nisi
2192 2075 2500 2146 modesta
2531 2077 2745 2147 victo—

666 2191 795 2261 ria:
838 2211 1064 2260 nostra
1101 2189 1533 2286 potissimum
1571 2191 1933 2261 clementia
1965 2191 2405 2281 sustineatur,
2443 2220 2530 2263 ne
2563 2192 2746 2263 illius

666 2304 778 2374 alii
826 2304 1293 2375 misereantur.
1343 2303 1613 2391 Facilis,
1663 2325 1735 2374 ut
1772 2305 2312 2376 animadvertere
2354 2332 2472 2375 vos
2512 2332 2743 2402 spem,

657 2419 927 2519 judices
947 2478 964 2509 ,
989 2419 1402 2490 defensionis
1425 2447 1594 2490 meae
1617 2448 1852 2491 cursus
1876 2443 2004 2491 est:
2025 2442 2399 2519 antequam
2419 2422 2744 2519 incipiam

668 2536 918 2607 habere
971 2564 1244 2607 causam
1294 2536 1592 2607 nimium
1649 2538 1939 2626 bonam,
1987 2537 2096 2607 hic
2135 2538 2280 2636 jam
2339 2538 2750 2609 conscientia

670 2656 962 2753 trepidat
978 2668 1038 2744 ²3
1062 2677 1126 2725 et
1145 2655 1307 2726 ratio
1329 2655 1511 2726 velut
1531 2656 1712 2727 inter
1732 2656 1929 2726 binos
1951 2656 2380 2753 deprehensa
2399 2656 2746 2754 scopuloS,

671 2798 892 2867 quum
919 2769 1104 2840 aliud
1134 2770 1512 2870 objiciatur,
1539 2769 1727 2840 aliud
1754 2770 2276 2840 defendendum
2301 2770 2414 2859 sit,
2442 2768 2648 2839 haeret
2674 2769 2745 2838 in

673 2886 920 2957 dubio:
956 2913 1117 2957 cum
1148 2886 1497 2957 beneficiis
1535 2886 1703 2956 meis
1739 2906 2134 2982 computare
2171 2913 2313 2956 non
2340 2885 2583 2955 audeo.
2618 2884 2744 2953 Co·

674 3002 991 3099 gnovistis
1025 3002 1519 3101 expositionem
1554 3028 1802 3089 causae,
1840 3023 2129 3097 quanta,
2166 3016 2511 3099 quamque
2555 3024 2751 3069 exce—

676 3117 907 3189 dentia
962 3117 1172 3188 fidem
1220 3116 1666 3188 adolescentis
1718 3117 1961 3213 optimi
2010 3117 2248 3188 merita
2293 3114 2745 3186 narraverim:

675 3233 818 3304 haec
848 3234 1019 3303 mihi
1054 3234 1291 3305 omnia
1323 3234 1468 3304 sine
1503 3233 1722 3303 dubio
1755 3233 1871 3304 ille
1906 3234 2234 3331 praestitit.
2273 3233 2406 3304 Sed
2448 3231 2617 3329 quid
2651 3231 2755 3301 in-

676 3344 909 3416 terest?
942 3346 1208 3417 debitor
1243 3345 1572 3417 delicatus
1602 3373 1795 3417 sum:
1833 3347 2002 3445 quid
2036 3348 2109 3417 in
2141 3345 2270 3418 hac
2301 3366 2487 3444 parte
2518 3346 2758 3416 defen-

676 3462 884 3533 sionis
912 3490 1111 3559 agam
1132 3520 1149 3551 ,
1174 3462 1479 3560 judices?
1508 3463 1768 3549 dicam,
1805 3464 2052 3536 referre
2087 3464 2373 3562 gratiam
2407 3461 2757 3533 beneficiis

677 3579 896 3650 volui:
952 3579 1134 3649 itane
1185 3578 1467 3649 tandem
1517 3579 1761 3679 aliquis
1796 3579 2190 3653 mendicare
2237 3578 2441 3651 amici
2488 3599 2758 3675 patrem

757 3799 800 3834 1.
824 3782 1346 3853 Compositisfabulis.
1374 3784 1432 3835 ld
1451 3798 1559 3851 est,
1582 3786 1676 3837 fic·
1757 3788 1858 3850 1V,
1898 3801 1940 3835 ι.
1972 3785 2090 3837 Vid.
2129 3783 2196 3835 ad
2232 3785 2399 3835 Instit.
2434 3781 2526 3833 lib.
2562 3782 2628 3845 V,
2677 3796 2756 3832 12.

681 3863 744 3914 tis
762 3898 779 3927 ,
804 3876 863 3913 ut
886 3861 1127 3914 Phaedrus
1142 3866 1284 3916 Praef.
1309 3864 1397 3916 lib.
1418 3869 1468 3932 1,
1490 3880 1541 3917 et
1559 3885 1679 3937 pas·
1834 3881 1882 3915 a.
1924 3862 2201 3934 Trepida,-
2234 3872 2286 3913 et
2319 3861 2466 3912 ratio.
2504 3857 2651 3911 Leid.
2675 3876 2758 3928 pr.

681 3943 779 3991 sim
818 3939 933 3991 alii:
983 3960 1100 3993 mox
1140 3961 1256 4013 cap.
1302 3961 1362 3996 22
1388 3965 1399 3992 :
1443 3966 1465 3990 a
1486 3947 1679 4014 Magna
1761 3962 1866 3996 seo.
1896 3947 2081 3997 Lucas.
2112 3944 2190 3996 Cl.
2225 3941 2437 4007 Schult,
2462 3960 2524 3992 ex
2549 3952 2761 3991 senten-

688 4042 710 4063 «
733 4020 969 4089 quaedam
983 4026 1342 4093 composuisse
1358 4024 1679 4077 carminibus
1761 4028 1838 4077 tia
1849 4011 2104 4078 Gronovii
2123 4024 2363 4095 legebat:
2388 4045 2409 4069 ι
2429 4021 2761 4076 Conscientia

689 4120 712 4143 a
734 4112 938 4168 putant.
963 4123 983 4147 ιι
1004 4101 1079 4151 lta
1099 4122 1110 4150 :
1135 4124 1154 4147 u
1177 4104 1233 4153 Iu
1252 4101 1586 4154 dulcedinem
1608 4102 1684 4153 fa·
1768 4128 1789 4151 ιι
1811 4103 2038 4176 trepidat
2085 4105 2255 4156 oratio
2276 4142 2292 4170 ,
2347 4116 2402 4155 et
2441 4101 2582 4153 velut
2623 4101 2760 4150 inter

686 4200 711 4225 ιι
732 4178 867 4233 bulae
891 4183 1269 4254 compositum,
1295 4208 1317 4231 n
1341 4182 1471 4234 dixit
1487 4183 1681 4235 sustin.
1770 4204 1792 4228 c
1811 4183 2024 4235 binos...
2045 4182 2206 4234 haret
2228 4184 2283 4233 iu
2301 4180 2480 4233 dubio.
2504 4198 2526 4224 a
