3200 5117
780 577 900 640 322
1273 572 1364 633 Μ.
1415 571 1665 632 FAmr
1712 567 2357 650 QUINTILIAM

777 699 1100 794 riumque
1155 721 1383 793 posses
1441 695 1754 791 ingerere
1810 691 2240 776 nolentibu3‚
2295 692 2682 789 excogitasti
2743 717 2862 792 per

776 813 961 911 quod
1010 810 1286 882 maritos
1330 837 1368 881 a
1407 811 1790 909 conjugum
1836 807 2107 878 caritate
2144 806 2467 895 diducaS,
2513 831 2637 904 per
2669 810 2860 906 quod

764 931 1108 1030 juvenum
1135 946 1398 996 mentes
1421 924 1529 1023 abj
1542 951 1756 1020 ungas
1776 921 1862 991 ab
1881 921 2034 992 aliis
2050 923 2331 992 fortasse
2354 924 2856 996 meretricibus:

778 1042 917 1113 odii
968 1041 1558 1111 medicamentum
1608 1063 1972 1134 nunquam
2015 1037 2169 1106 idco
2224 1056 2495 1106 tantum
2540 1039 2862 1109 meretrix

775 1157 1056 1242 habuit,
1089 1179 1165 1227 ut
1195 1157 1310 1225 illo
1342 1176 1575 1225 contra
1601 1177 1670 1221 se
1708 1173 2031 1223 uteretur.
2066 1153 2183 1221 Me
2210 1151 2495 1248 quidem
2518 1152 2857 1250 ‚judices‚

776 1272 830 1344 si
872 1273 1025 1367 quis
1071 1272 1467 1366 interroget,
1514 1269 1587 1339 in
1630 1268 2143 1364 comparatione
2190 1267 2543 1352 veneficii,
2589 1266 2674 1337 de
2723 1289 2861 1363 quo

777 1413 1059 1484 queror,
1099 1387 1337 1456 minus
1365 1385 1587 1454 odisse
1625 1384 1907 1470 debeat,
1945 1382 2133 1479 quod
2165 1382 2450 1452 occidit:
2484 1404 2549 1452 et
2576 1383 2751 1453 sicut
2783 1409 2861 1454 ex

779 1502 941 1601 ipsis
974 1527 1253 1600 quoque
1289 1499 1663 1569 mortiferis
1707 1498 1983 1567 mitiora
2024 1516 2217 1584 sunt,
2255 1522 2405 1594 quae
2454 1498 2681 1568 statim
2728 1517 2862 1568 tota

774 1618 1132 1688 velocitate
1158 1635 1572 1714 grassantur,
1600 1636 1666 1684 et
1689 1614 2001 1685 dolorem
2030 1614 2206 1683 inter
2229 1614 2491 1684 exitum
2513 1615 2862 1712 vitamque

780 1759 921 1802 non
958 1731 1302 1814 detinent,
1335 1730 1424 1797 ita
1455 1727 1805 1796 crudelius
1836 1728 2023 1821 quod
2055 1728 2151 1797 sic
2185 1728 2576 1816 ordinatur,
2608 1749 2682 1799 ut
2708 1755 2865 1800 cor-

779 1847 960 1944 poris
1008 1864 1244 1943 parcat
1283 1841 1553 1911 invidiae
1579 1858 1623 1929 ¹,
1672 1861 1737 1910 et
1779 1841 1868 1910 sit
1909 1861 2176 1910 tantum
2221 1842 2446 1911 animi
2488 1865 2862 1914 venenum.

780 1961 974 2048 Quid
996 1961 1132 2031 ais?
1153 1983 1295 2029 non
1323 1978 1419 2027 est
1445 1956 1732 2026 noxium
1755 1955 1937 2025 virus
1956 2011 1973 2043 ‚
2006 1953 2139 2024 nisi
2171 1955 2359 2052 quod
2384 1955 2671 2027 occidit?
2691 1958 2869 2053 quid

783 2102 941 2172 ergo
963 2098 1363 2145 vocaremus
1389 2070 1562 2141 illud
1584 2127 1601 2158 ,
1631 2097 1769 2168 quo
1795 2070 2066 2140 lumina
2089 2070 2233 2139 sola
2266 2072 2703 2168 raperentur?
2728 2098 2867 2170 quo

783 2218 936 2290 pars
962 2190 1194 2286 aliqua
1222 2187 1699 2257 membrorum
1735 2184 2089 2256 debilitate
2124 2184 2635 2283 languesceret?
2660 2190 2772 2260 Tu
2802 2211 2866 2260 te

784 2305 1162 2376 veneficam
1198 2328 1446 2400 negem,
1483 2327 1636 2398 quae
1680 2321 1866 2397 potes
1907 2301 2185 2398 potione
2226 2303 2482 2391 facere,
2528 2322 2865 2399 quantum

786 2422 1065 2490 offensae
1084 2476 1102 2507 ‚
1125 2439 1473 2515 quantum
1498 2418 1598 2487 ira
1618 2475 1636 2506 ,
1669 2438 2011 2514 quantum
2039 2417 2275 2488 dolor?
2299 2417 2565 2489 amabit
2590 2419 2699 2489 cui
2726 2441 2867 2517 per-

787 2534 1086 2622 miseris,
1115 2532 1570 2604 exsecrabitur
1594 2532 1709 2603 ille
1729 2591 1746 2621 ‚
1777 2559 1987 2631 quem
2008 2533 2334 2633 jusseris:
2366 2534 2709 2634 accipient
2735 2560 2774 2605 a
2801 2553 2867 2606 te

789 2650 1127 2721 desideria
1162 2670 1389 2720 nostra
1422 2667 1649 2720 ortum
1671 2706 1689 2737 ‚
1723 2649 1934 2718 finem
1958 2706 1974 2737 ,
2013 2649 2342 2719 modum:
2380 2675 2546 2719 sane
2577 2670 2642 2720 et
2675 2673 2869 2720 amor

791 2785 857 2850 et
877 2764 1116 2835 odium
1142 2764 1482 2834 naturales
1500 2764 1864 2834 videantur
1882 2764 2201 2852 affectu33
2226 2765 2644 2835 veneficium
2672 2781 2862 2854 sunt,

792 2907 1012 2976 quum
1029 2880 1390 2980 jubentur.
1416 2880 1861 2976 QuidP‘quod
1886 2907 2024 2949 non
2049 2900 2264 2977 potest
2287 2903 2427 2952 non
2451 2881 2704 2984 hebere
2724 2882 2865 2952 vim

788 2995 1074 3084 veneni,
1112 2994 1299 3093 quod
1335 3012 1568 3066 contra
1597 2995 2023 3064 voluntatem
2057 2995 2328 3065 homini
2364 2996 2609 3066 datur?
2640 2993 2867 3067 Video

790 3133 914 3180 cur
954 3108 1084 3178 sibi
1136 3107 1486 3179 medicina
1531 3108 1875 3205 permittat
1917 3131 2283 3206 corporum
2326 3110 2483 3179 vitia
2522 3109 2871 3180 membro-

790 3248 1090 3318 rumque
1141 3223 1422 3293 morbos
1468 3224 1713 3292 infusis
1758 3224 2341 3296 medicaminibus
2386 3224 2761 3324 expellere:
2807 3245 2873 3296 et

788 3336 936 3407 sine
961 3338 1208 3406 animae
1238 3339 1651 3436 spiritusque
1679 3339 2081 3435 contagione
2104 3396 2121 3428 ‚
2160 3365 2593 3439 quaecunque
2625 3341 2870 3412 extrin-

792 3479 984 3523 secus
1012 3451 1335 3524 accidunt
1356 3513 1374 3544 ,
1406 3455 1684 3552 potione
1713 3455 2105 3525 vincuntur.

891 3569 1044 3637 Vll.
1083 3569 1237 3637 Non
1271 3588 1486 3666 potest
1519 3568 1701 3639 ullus
1735 3572 2020 3641 affectus
2055 3569 2329 3642 sedibus
2363 3573 2504 3643 suis
2537 3597 2662 3671 per
2692 3571 2869 3643 virus

817 3840 825 3847 .
871 3822 916 3854 t.
947 3805 1179 3872 Corporis
1207 3805 1434 3858 invidioe.
1470 3809 1550 3860 An
1577 3813 1753 3862 mortis
1770 3813 1795 3860 ?
1874 3811 2182 3880 legendum,
2212 3822 2273 3862 ut
2292 3815 2515 3882 corporis
2532 3823 2718 3884 pumat
2738 3815 2872 3885 inju-

793 3881 873 3936 vel
895 3886 1098 3953 corpori
1107 3896 1296 3954 parcat
1320 3887 1513 3939 invidia
1541 3910 1580 3942 s.
1609 3889 1663 3940 id
1687 3903 1792 3955 est,
1876 3893 1979 3944 rioe.
2001 3896 2132 3946 Nam
2150 3896 2450 3965 promiscue
2464 3898 2592 3966 poni
2608 3894 2704 3947 has
2720 3911 2873 3947 voces

792 3974 1017 4032 propter
1041 3963 1304 4016 invidiam.
1336 3968 1439 4019 sed
1471 3971 1599 4020 mire
1632 3972 1796 4021 utitur
1874 3985 2019 4044 patet
2035 3989 2096 4024 ex
2110 3975 2232 4024 lust.
2250 3973 2337 4025 lib.
2352 3976 2417 4040 V,
2432 3993 2549 4047 cap.
2575 3989 2654 4027 ια.
2673 3974 2875 4048 Injurt’a

795 4041 898 4112 ¹4⁸⁰
921 4061 1078 4096 voce:
1103 4047 1174 4097 ita
1203 4047 1345 4099 Decl.
1377 4063 1454 4121 pr.
1501 4075 1522 4096 u
1542 4047 1811 4102 Dissimw·
1879 4067 2051 4106 autem
2080 4054 2167 4106 hic
2194 4055 2332 4107 idem
2358 4069 2533 4122 notat,
2562 4055 2707 4130 quod
2737 4052 2877 4127 apud

804 4143 826 4168 ιι
845 4121 952 4174 lare
968 4125 1092 4176 satis
1108 4126 1293 4179 callide
1313 4129 1796 4180 conatur-invidiam
1879 4134 2093 4185 Sueton.
2122 4135 2255 4206 Aug.
2293 4135 2414 4186 xlv
2436 4154 2447 4182 ι
2485 4155 2507 4180 ι
2526 4136 2758 4207 Repente
2780 4151 2879 4204 ⁸1)-

804 4217 1013 4272 qouam.
1031 4226 1054 4249 n
1094 4205 1158 4256 Et
1185 4207 1333 4258 Decl.
1359 4208 1453 4260 XV
1475 4228 1489 4257 :
1524 4229 1547 4254 a
1571 4210 1796 4262 Fsclnus
1883 4235 1907 4257 ιι
1925 4214 2098 4282 paruit
2145 4213 2449 4279 incolumis,
2484 4231 2545 4266 ac
2586 4215 2696 4268 tine
2730 4209 2878 4282 inju-

800 4283 1006 4354 εει-φὶς
1042 4283 1308 4340 bridius.
1331 4311 1354 4344 η
1395 4286 1801 4355 δυαρυμ-Δ.»
1877 4292 1951 4342 ria
1967 4313 1984 4353 ς
2004 4314 2027 4342 u
2064 4304 2115 4345 et
2141 4292 2281 4345 alibi.
2309 4293 2479 4346 Bumt.
