3200 5117
830 524 1100 596 DECL
1145 524 1337 594 xlv,
1379 519 1600 590 ‘omi
1646 521 1951 589 Po'rlo
1994 523 2044 584 1.
2348 521 2470 608 327

393 667 536 728 tam
559 649 905 746 impotens
923 647 1136 726 semel
1161 647 1234 724 in
1253 647 1508 722 viscera
1532 665 1899 744 recepmm·
1916 644 2001 716 eit
2016 660 2136 734 ,ret
2157 643 2232 716 in
2252 669 2495 714 unum·

391 765 878 843 tantummodo
911 791 1224 854 seusun,
1267 759 1785 861 mandaturque·
1810 787 2208 860 quousque,
2244 759 2479 832 domi·

395 902 624 958 fletur.
1029 949 1036 956 .

496 999 616 1074 XI,
647 1000 822 1072 Ecce
840 997 1028 1097 jam,
1059 996 1337 1084 mulier,
1363 996 1480 1069 odi
1502 1026 1522 1085 ;
1546 994 1720 1094 quid
1744 1015 1977 1067 tamen
2001 991 2234 1066 adhuc
2258 992 2481 1064 faeere

399 1111 578 1190 illud
599 1112 672 1184 in
697 1112 1022 1188 vitalibus
1047 1111 1283 1211 putas?
1307 1110 1677 1187 Paullatim
1701 1133 1771 1185 ee
1798 1135 2071 1184 neeesse
2102 1127 2203 1182 eet
2220 1135 2345 1205 per
2370 1127 2482 1180 to-

397 1247 552 1302 tum
573 1225 929 1304 diffundat
953 1227 1314 1317 animum,
1343 1246 1412 1300 et
1439 1225 1759 1323 quamvis
1786 1224 2017 1322 primo
2034 1223 2274 1314 statim
2303 1221 2485 1296 hau*

381 1362 510 1412 stu
558 1342 734 1416 illud
769 1365 1160 1443 expugnet,
1209 1345 1282 1418 in
1328 1344 1518 1442 quod
1562 1342 1797 1431 datur,
1828 1341 2017 1438 brevi
2060 1362 2371 1439 tempore
2412 1338 2485 1410 in

405 1458 714 1529 nominis
738 1460 842 1529 sui
870 1460 1242 1558 potentiam
1267 1485 1513 1534 omnes
1537 1459 1838 1553 reliquos
1863 1457 2134 1555 stringit
2160 1457 2486 1530 affectus:

409 1571 938 1664 medicamenti,
981 1574 1091 1644 eui
1128 1593 1402 1644 tantum
1441 1592 1677 1642 contra
1708 1570 2025 1642 animum
2062 1569 2373 1674 primum
2407 1571 2490 1641 li-

409 1708 549 1777 cet,
591 1688 815 1790 prima
851 1688 1151 1780 fortassis
1182 1688 1282 1761 vis
1316 1689 1442 1780 erit
1472 1673 1725 1768 ’odium
1748 1743 1766 1775 ,
1800 1687 2017 1764 exitus
2060 1687 2225 1777 iste,
2266 1707 2343 1762 ut
2382 1713 2494 1762 ver

410 1830 676 1874 uenum
715 1804 825 1875 sit.
875 1804 1356 1901 Respondet&
1401 1803 1713 1903 judices,
1764 1803 1898 1874 illis
1947 1803 2155 1892 libet,
2199 1802 2321 1901 qui
2374 1829 2488 1872 me

403 1917 648 2022 paullo
669 1939 823 1994 ante
850 1919 1091 2010 dicunt
1113 1920 1184 1994 in
1205 1947 1441 2010 amore
1464 1916 1673 1992 fuisse
1697 1907 2164 1998 miserabilem
2190 1945 2206 1990 :
2235 1936 2492 2015 quanto

412 2032 792 2105 crudeliora
810 2091 827 2123 ,
849 2055 1111 2140 quanto
1135 2034 1441 2131 graviora
1464 2033 1709 2133 patior,
1732 2034 1857 2131 qui
1885 2032 2078 2103 dicor
2096 2028 2494 2130 explicitus?

412 2147 784 2238 modestior
805 2173 1028 2250 quum
1053 2171 1361 2250 amarem
1375 2205 1396 2237 ‚
1426 2165 1491 2219 et
1516 2146 1814 2248 quietior
1831 2148 2062 2252 fuerat
2084 2163 2255 2218 sane.
2272 2143 2494 2250 pallor

411 2262 485 2344 in
518 2259 727 2353 hele.
761 2265 880 2346 sed
909 2265 1062 2364 ipsa
1088 2292 1370 2364 quoque
1404 2251 2000 2370 eomis‚2op1anda
2034 2263 2343 2335 tristitia:
2388 2262 2497 2332 in·-

413 2378 778 2451 veniebam
818 2378 1198 2476 colloquia,
1237 2379 1693 2477 merebarque
1735 2393 2117 2450 sermones:
2156 2399 2345 2449 nunc
2382 2381 2497 2447 m‘e

415 2520 656 2565 omnes
683 2492 994 2591 fugiunt,
1024 2516 1443 2582 aversantur,
1472 2493 1785 2565 oderunt.
1823 2495 2011 2564 Tum
2039 2495 2435 2592 frequenter
2457 2519 2497 2561 a

417 2607 737 2705 lupanari
763 2609 1145 2680 deducebat
1176 2608 1435 2706 pudor,
1463 2607 1835 2707 abjiciebat
1869 2636 2185 2680 occursus
2213 2624 2229 2652 ¹
2258 2636 2271 2678 :
2304 2623 2494 2679 nunc

419 2706 735 2822 public-‘1²
763 2723 1106 2795 detinent:
1142 2750 1549 2820 conqueror,
1581 2724 1850 2812 assiste,
1885 2725 2251 2796 convicior.

517 2842 672 2911 XII.
698 2842 828 2910 Pro
854 2838 1248 2910 miseranda
1275 2836 1617 2913 conditio!
1652 2836 1879 2907 rideor
1901 2838 2164 2935 ubique
2186 2895 2206 2926 ,
2232 2864 2499 2923 narmr,

421 2954 779 3026 ostendor:
815 2980 941 3051 ego
976 2980 1131 3023 sum
1157 2973 1295 3023 tota
1323 2951 1589 3021 civitate
1617 2949 1986 3022 meretricis
2014 2948 2372 3020 inimicus:
2405 2949 2500 3019 sic

423 3071 643 3169 patior
677 3069 881 3141 miser
914 3069 1067 3140 illas
1099 3065 1548 3166 lupanarium
1585 3063 2064 3136 insultationes
2087 3119 2105 3152 ‚
2147 3063 2267 3134 illa
2298 3063 2506 3134 corri-

423 3184 682 3255 valium
711 3184 1110 3275 maledicta,
1147 3181 1491 3256 convicia:
1536 3207 1678 3252 non
1713 3206 1993 3279 possum
2026 3177 2183 3250 satis
2211 3198 2507 3249 tormen·

429 3318 658 3369 torum
698 3301 1072 3399 exprimere
1117 3325 1560 3373 mensuram:
1601 3297 1757 3385 odi,
1802 3324 1929 3369 nec
1969 3321 2285 3394 unquam
2322 3294 2505 3365 visus

430 3440 586 3485 sum
619 3416 836 3512 magis
859 3442 1142 3487 amasse.
1168 3415 1552 3513 Intelligitis
1576 3434 1775 3513 puto,
1786 3411 2088 3514 judices,
2114 3409 2504 3497 hominem,
2596 3457 2611 3478 x

434 3531 554 3627 qui
593 3552 865 3604 tantum
899 3530 986 3601 ad
1017 3557 1135 3602 vos
1174 3530 1418 3602 detulit
1449 3529 1669 3602 animi
1704 3527 2088 3624 mentisque
2133 3525 2466 3596 cruciatus
2487 3580 2506 3613 ,

435 3670 501 3719 et
536 3674 659 3747 pro
694 3648 830 3720 vita
868 3645 1103 3745 queri:
1141 3645 1261 3718 sed
1300 3646 1487 3745 potio
1529 3644 1800 3732 infelix,
1836 3641 2180 3741 quidquid
2222 3661 2351 3729 est,
2391 3666 2511 3738 per

436 3762 624 3860 quod
660 3762 991 3862 paulatim
1034 3761 1387 3861 proficitur
1420 3760 1508 3832 ad
1548 3781 1882 3849 mortem,
1917 3755 2190 3831 assidue
2230 3781 2508 3826 mecum

438 3877 689 3947 rixatur
712 3878 998 3948 affectus
1016 3932 1035 3965 ,
1057 3898 1127 3949 et
1147 3876 1336 3948 brevi
1360 3902 1628 3948 necesse
1653 3895 1751 3947 est
1774 3898 2177 3945 consumar:
2205 3868 2513 3968 quotidie

507 4093 559 4131 J.
584 4073 1434 4146 Abiict'ebatoccursus.Lego:abi·
1587 4091 1634 4126 2.
1681 4068 1919 4123 Publica.
1965 4066 2147 4119 Mallet
2183 4065 2262 4118 Gl.
2312 4063 2511 4117 Schult.

434 4153 598 4228 gebat.
619 4152 783 4203 Gnou.
803 4149 964 4218 Quod
985 4154 1185 4223 recepit
1202 4149 1437 4205 Obrech-
1512 4148 1737 4224 publice.
1753 4145 1849 4198 vel
1876 4144 2077 4213 rivalesg
2095 4144 2176 4197 vel
2195 4145 2516 4209 meretrices,

438 4250 541 4288 tus.
566 4236 650 4288 An
674 4254 781 4288 non
803 4248 1038 4306 praestet,
1061 4234 1374 4306 abripiebat?
1524 4231 1717 4305 quibus
1740 4228 1919 4281 fabula
1942 4241 2021 4280 est
2044 4228 2231 4294 factus.
