3200 5117
762 553 886 619 286
1161 567 1167 572 ·
1268 550 1359 612 M.
1409 550 1654 613 FAssu
1702 548 2331 632 Qum'mnmm

759 701 988 761 arma,
1016 694 1083 743 et
1102 698 1171 743 se
1191 671 1265 741 in
1292 670 1728 743 obsidionem
1752 670 2043 741 civitatis
2068 670 2375 742 inimicae
2400 673 2546 742 sine
2574 672 2847 747 delectu

759 785 1060 887 populus
1090 785 1441 858 effundet:
1479 786 1756 857 vastabo
1804 785 2083 856 interim
2134 786 2336 873 fines,
2382 786 2515 858 hoc
2549 809 2683 880 est,
2720 817 2847 889 per

760 905 990 976 aliena
1019 923 1212 1001 prata
1248 928 1524 1001 pascar:
1564 902 1621 972 si
1664 927 1805 1000 qua
1842 902 1918 972 in
1952 900 2136 982 villis
2169 901 2691 1002 deprehendero
2727 932 2849 1004 pe-

762 1048 920 1093 cora
941 1075 960 1109 ,
992 1019 1356 1118 diripiam,
1390 1018 1661 1090 bellum
1697 1045 1810 1089 me
1840 1019 2008 1090 alet:
2054 1018 2256 1091 citius
2292 1020 2381 1091 ad
2408 1021 2842 1093 frumentum

763 1135 1277 1234 perveniemus,
1307 1160 1520 1233 quam
1555 1154 1630 1205 tu
1660 1160 1824 1204 cum
1853 1135 2207 1208 frumento
2237 1136 2525 1226 redibis;
2563 1136 2846 1239 adjuva-

762 1254 940 1325 bunt
954 1272 1388 1351 pugnantem
1400 1251 1429 1351 j
1439 1272 1590 1324 usta
1605 1270 2041 1323 sacramenta
2065 1277 2078 1321 :
2102 1251 2158 1323 si
2181 1253 2544 1348 contigerit
2562 1277 2840 1351 aequum

762 1371 1050 1441 fortunae
1072 1368 1424 1469 judicium
1445 1422 1464 1455 ,
1493 1393 1638 1440 non
1676 1393 1866 1440 meos
1900 1388 2170 1440 tantum
2208 1389 2638 1440 commeatus
2668 1371 2843 1454 reci-

764 1484 994 1584 piam:
1024 1484 1080 1556 si
1112 1484 1349 1555 minus
1369 1537 1388 1571 ,
1413 1503 1588 1554 certe
1616 1484 1893 1555 dabitur
1916 1483 2092 1555 bene
2118 1486 2320 1588 mori.
2346 1485 2584 1556 Liceat
2605 1506 2671 1556 et
2698 1511 2846 1562 ma-

764 1625 940 1673 num
979 1624 1368 1689 conserere,
1413 1599 1487 1672 in
1529 1599 1677 1671 acie
1724 1599 2125 1697 confligere:
2167 1600 2472 1671 condant
2505 1627 2577 1673 se
2614 1623 2845 1700 postea

673 1768 678 1771 .
767 1715 928 1787 licet
959 1713 1215 1803 muris,
1241 1713 1521 1812 longius
1548 1712 1818 1785 obsidio
1853 1736 1992 1802 eat,
2019 1714 2298 1785 interim
2329 1734 2503 1786 certe
2536 1714 2843 1788 hostium

766 1830 995 1930 potius
1029 1827 1476 1901 cadaveribus
1504 1828 1857 1902 vivemus:
1899 1828 2020 1899 sed
2061 1827 2260 1900 nulla
2301 1829 2401 1901 vis
2436 1829 2603 1919 fuit,
2645 1829 2847 1900 nulla

765 1947 1053 2018 exterior
1077 1943 1367 2045 injuria,
1399 1965 1604 2018 tuum
1640 1966 1815 2017 certe
1842 1966 2310 2016 commeatum
2344 1969 2552 2017 nemo
2577 1945 2845 2043 rapuit:

758 2060 914 2159 jure
962 2060 1194 2130 miseri
1243 2083 1516 2150 summ,
1560 2080 1628 2131 et
1674 2086 1755 2131 ex
1795 2060 2123 2158 stipulatu
2168 2058 2370 2157 legati
2407 2059 2620 2130 nostri
2663 2059 2850 2158 peri-

766 2203 926 2248 mus
949 2204 963 2248 :
986 2176 1297 2249 vendidit
1317 2193 1660 2273 quantum
1683 2165 1934 2267 voluit,
1956 2177 2199 2280 quanti
2221 2175 2467 2248 voluit¹
2491 2203 2505 2245 ε
2539 2195 2604 2246 et
2623 2196 2699 2247 ut
2714 2176 2842 2247 hoc

766 2292 853 2362 ad
883 2313 1146 2363 nostras
1189 2293 1540 2372 accederet
1583 2309 1844 2381 moras»,
1896 2294 2181 2364 fortasse
2231 2291 2355 2362 diu
2380 2292 2841 2388 ‘concionatus

768 2420 948 2477 est²z
1001 2407 1229 2478 omnis
1263 2434 1426 2478 cum
1464 2408 1601 2479 fide
1636 2407 1981 2506 persoluta
2017 2408 2314 2507 pecunia
2360 2426 2476 2480 est.
2524 2408 2678 2479 Hoc
2722 2406 2839 2505 qui

767 2519 1059 2618 colligo?
1076 2522 1198 2619 qui
1225 2522 1463 2620 quanti
1489 2521 1640 2592 vult
1656 2522 1915 2611 ,vendit
1927 2580 1945 2612 ,
1960 2521 2233 2623 judices
2247 2579 2266 2610 ,
2291 2542 2509 2620 potest
2529 2549 2673 2594 non
2691 2547 2846 2594 ven·

768 2635 965 2706 dere:
1005 2661 1202 2725 nam,
1238 2663 1361 2734 per
1407 2637 1651 2726 fidem,
1686 2637 1741 2706 si
1784 2663 2014 2735 rapere
2052 2636 2365 2709 alienum
2408 2638 2837 2709 frumentum

769 2770 836 2822 et
871 2771 1192 2848 possunt,
1228 2772 1294 2822 et
1326 2751 1596 2841 volunt,
1634 2753 1805 2849 quid
1839 2754 1933 2823 ita
1966 2751 2255 2850 duplam
2290 2753 2663 2851 pecuniam
2706 2750 2844 2823 sol-

769 2865 984 2938 vunt?
1020 2891 1185 2938 nam
1229 2869 1583 2966 quomodo
1629 2869 1703 2939 in
1748 2895 2001 2966 magna
2046 2868 2285 2967 inopia
2324 2868 2666 2967 quidquid
2705 2867 2845 2938 emi

749 2985 1020 3079 potest,
1049 2983 1184 3057 vile
1214 3005 1310 3055 est
1327 3013 1343 3071 ;
1380 2984 1474 3055 ita
1501 3001 1735 3083 quum.
1756 2984 1970 3082 possis
1998 2967 2253 3056 habere
2278 2984 2658 3083 gratuitum
2677 3040 2694 3071 ,
2718 2980 2844 3053 du-

770 3097 888 3195 plo
920 3124 1160 3170 carum
1203 3119 1324 3172 est.
1370 3099 1504 3171 Sed
1538 3099 1715 3170 mihi
1760 3099 2047 3192 credite,
2088 3099 2274 3171 color
2313 3099 2435 3171 iste
2476 3096 2843 3196 patrocinii

773 3232 900 3303 est,
940 3233 1005 3284 et
1043 3213 1164 3284 diu
1198 3214 1270 3284 in
1306 3235 1536 3285 saturo
1566 3213 1705 3284 otio
1736 3215 2036 3312 cogitata
2070 3214 2419 3286 defensio:
2449 3238 2592 3284 non
2626 3231 2843 3309 potest

751 3327 1022 3399 ‘similis
1050 3353 1345 3426 usquam
1372 3328 1590 3400 fames
1624 3328 1860 3400 fuisse.

848 3566 892 3604 1.
927 3552 1193 3620 Quantum
1231 3548 1423 3615 voluit,
1454 3551 1643 3622 quanti
1675 3569 1767 3602 υο-
1849 3569 1964 3622 quae
1998 3553 2301 3621 scripsimus
2338 3547 2406 3600 ad
2454 3545 2637 3617 Plauti}
2659 3547 2846 3600 Asina-

774 3629 891 3681 luit.
917 3632 1031 3681 Hoc
1052 3643 1228 3681 autem
1253 3627 1517 3699 proverbii
1541 3629 1768 3699 speciem
1848 3630 2010 3694 riam,
2040 3630 2093 3695 1,
2115 3630 2146 3681 3
2163 3667 2179 3693 ,
2209 3627 2292 3680 51.
2317 3629 2557 3680 Gnonov.
2582 3623 2715 3675 Vide
2738 3621 2844 3678 Sal-

771 3705 976 3759 videtur
1006 3706 1219 3759 habere.
1258 3705 1395 3757 Nam
1432 3707 1663 3777 primum
1700 3704 1779 3764 ad*
1848 3725 1975 3758 mas.
2020 3705 2086 3757 de
2121 3706 2334 3771 Uentis,
2381 3724 2437 3775 p.
2478 3702 2600 3769 345.
2646 3715 2697 3753 et
2734 3718 2842 3770 seq.

774 3784 1066 3837 ubertatem
1104 3799 1156 3836 et
1177 3784 1395 3836 0bontun
1422 3796 1766 3855 proventum,
1848 3787 2068 3857 Egregie
2091 3788 2165 3837 ita
2188 3785 2414 3856 explicet
2449 3779 2842 3842 Mercurialem,

774 3861 998 3914 alterum
1017 3861 1085 3915 ad
1103 3863 1371 3916 caritatem
1390 3863 1634 3936 pertinet,
1657 3881 1769 3936 quae
1850 3868 1994 3940 apud
2016 3870 2197 3919 Horat,
2218 3866 2324 3918 Sat.
2343 3865 2416 3930 11,
2433 3865 2494 3930 3,
2515 3863 2597 3915 25.
2621 3858 2847 3931 Porphy-

774 3943 874 3993 nisi
888 3955 1225 4010 concurrant,
1235 3942 1438 3995 nullum
1453 3957 1530 3997 est
1545 3943 1766 3996 lucrum.
1850 3949 1929 4000 rio
1943 3987 1959 4014 ,
1980 3948 2251 4012 lucrosum,
2267 3947 2362 4019 qui
2379 3945 2520 3997 cocio
2533 3937 2846 4016 appellatur,

775 4025 941 4077 nunu.
1217 4017 1224 4026 ’
1435 4040 1439 4050 ’
1851 4045 2027 4080 omnes
2043 4027 2184 4079 enim
2207 4024 2441 4077 cociones
2463 4023 2609 4075 lucro
2625 4020 2845 4074 sudent.

850 4125 895 4158 α».
937 4108 1161 4160 Fortasse
1195 4107 1285 4178 diu
1318 4108 1651 4162 concionatus
1683 4117 1769 4160 est.
1850 4111 2067 4180 Recepit
2124 4121 2176 4158 et
2228 4105 2369 4158 hanc
2427 4103 2847 4160 emendationem

777 4183 1124 4258 Vddeplaeet
1137 4185 1371 4239 Salmaeii
1384 4187 1673 4239 cotionatus
1683 4193 1768 4239 est.
1851 4186 2168 4240 Obrechtus.
2196 4183 2273 4237 el.
2305 4183 2506 4237 Schult.
2534 4179 2848 4253 conjiciebat

778 4267 880 4322 Sed
922 4267 1012 4322 de·
1034 4269 1232 4341 origine
1278 4287 1340 4325 ac
1381 4269 1440 4321 vi
1471 4266 1623 4323 verbi
1652 4265 1774 4323 vide
1851 4266 2188 4320 auctionatus.
2210 4263 2380 4316 Bam
