3200 5117
1092 556 1612 622 EXCERPTa.
1894 554 1901 561 ·
2270 500 2387 635 αι

302 701 410 752 tas
445 682 519 752 in
564 706 794 754 unum
822 679 1076 778 agebat
1102 678 1465 777 angulum.
1486 720 1585 732 —
1605 678 1695 746 A.
1729 678 1839 747 Tu
1873 701 2038 747 cum
2065 696 2403 776 potestate

299 794 398 864 in·
420 795 829 893 proximum
868 792 1105 866 locum
1138 793 1565 888 naufragare.
1593 833 1690 844 -—
1712 791 1790 861 L.
1832 793 2090 889 Rarpes
2119 804 2137 835 ¹
2192 789 2403 862 undi-

300 936 444 1006 que
489 909 943 1006 naufragium
998 909 1230 980 solum
1278 906 1619 977 vetabant.
1645 905 1851 975 -ss-A.
1899 906 2078 977 Sane
2118 926 2396 1004 portum

299 1026 600 1099 intrasse
629 1025 1173 1124 repugna—L.
1206 1025 1459 1094 Pacem
1488 1020 2005 1119 promittebant.
2027 1022 2224 1093 -A.
2257 1024 2404 1093 Cur

302 1140 559 1213 saltem
602 1164 749 1209 non
797 1135 1422 1236 impertisti?--L.
1470 1135 1820 1207 Volebam
1862 1157 2091 1207 totum
2134 1161 2401 1207 emere:

230 1259 250 1275 “
303 1255 650 1328 nolebant
692 1274 956 1354 partem
1005 1253 1210 1352 gratis
1255 1252 1555 1350 recipere
1594 1279 1609 1321 :
1657 1252 1995 1323 famelicis
2044 1278 2135 1324 aes
2176 1250 2403 1322 ²nihil

307 1390 434 1440 est.
465 1411 567 1422 —-
588 1369 678 1440 A.
723 1370 836 1438 Tu
868 1393 1027 1437 vero
1049 1387 1382 1439 nostrum
1425 1366 1545 1466 qui
1585 1389 1805 1438 ausus·
1838 1394 1909 1439 es
1948 1365 2288 1439 vendere?
2309 1409 2404 1420 --

305 1486 390 1555 L.
419 1488 638 1557 Fame
663 1484 1101 1555 laborabant:
1134 1483 1372 1571 timui,
1397 1509 1487 1555 ne
1517 1503 1857 1582 raperent.
1882 1484 2086 1553 -A.
2117 1485 2403 1581 Nequa-

309 1627 540 1698 quam
569 1629 583 1672 :
629 1600 751 1699 qui
782 1600 1008 1689 enim,
1040 1599 1282 1699 quanti
1312 1600 1490 1688 vult,
1522 1599 1794 1690 vendit,
1829 1620 2052 1699 potest
2079 1626 2221 1671 non
2250 1626 2407 1670 ven·

311 1715 525 1788 dere:
576 1716 700 1815 qui
744 1715 960 1814 duplo
1004 1715 1216 1806 emit,
1248 1741 1392 1787 non
1432 1714 1707 1787 festinat
1751 1716 2222 1814 rapere.--L.
2261 1715 2407 1811 Ego

311 1854 501 1904 certe
535 1831 661 1903 diu
691 1832 906 1904 nolui.
928 1874 1025 1887 -
1049 1833 1138 1903 A.
1170 1834 1258 1904 Et
1285 1859 1409 1904 nos
1439 1831 1560 1904 illo
1590 1831 1710 1903 diu
1744 1831 2115 1930 periimus,
2160 1850 2231 1902 et
2264 1850 2408 1901 tan·

314 1947 483 2018 dem
519 1946 816 2019 voluisti.
841 1949 1038 2018 -L.
1074 1950 1237 2018 Jam
1278 1973 1513 2046 rapere
1555 1945 2021 2020 susurrabant.
2047 1946 2254 2014 -—A.
2296 1944 2410 2013 Tu

312 2063 593 2161 patriae,
623 2084 744 2136 aut
770 2063 870 2134 illi
899 2063 1165 2163 aliquid
1199 2063 1401 2136 nobis
1436 2063 1933 2161 relinquerent,
1967 2080 2085 2133 aut
2113 2082 2186 2131 tu
2210 2059 2411 2131 nobis

313 2177 613 2277 injurias
639 2177 1018 2266 retulisses3
1051 2178 1250 2249 citius
1281 2178 1370 2248 ad
1402 2177 1577 2249 illud
1608 2177 2067 2264 venissemus,
2102 2200 2312 2271 quam
2337 2193 2411 2244 tu

313 2321 483 2364 cum
516 2291 634 2364 illo
676 2292 1169 2364 rediisti.-—L.
1215 2294 1376 2363 Non
1425 2318 1624 2388 aequa
1662 2311 1807 2363 erat
1844 2290 2041 2362 vobis
2081 2315 2244 2359 cum
2280 2287 2412 2359 illis

309 2433 581 2505 pugna.
604 2407 808 2477 -A.
857 2409 949 2477 At
980 2406 1222 2478 saltem
1256 2427 1399 2479 erat
1425 2406 1605 2478 bene
1633 2404 1835 2477 mori.
1859 2406 2051 2475 ——-L.
2082 2406 2242 2475 Non
2272 2427 2413 2474 suc·

307 2543 548 2593 curret
594 2550 660 2621 p.
702 2549 764 2593 a.
801 2523 990 2620 quod
1024 2522 1317 2613 addicit,
1361 2522 1682 2595 veni?-—
1706 2522 1796 2592 A.
1844 2523 1995 2593 Hac
2047 2519 2259 2619 igitur
2295 2545 2411 2590 ra-

312 2637 513 2708 tione
574 2657 883 2708 moratus
939 2663 1007 2707 es
1055 2663 1070 2706 :
1133 2636 1356 2708 fidum
1414 2659 1557 2709 erat
1605 2659 1879 2736 tempus
1916 2664 1931 2707 ε
1992 2636 2112 2709 sed
2173 2634 2407 2708 reddo.

316 2755 575 2823 Nonne
606 2750 663 2823 si
708 2752 888 2822 ultra
923 2771 1201 2850 tempus
1234 2751 1558 2841 stetisses,
1595 2751 1696 2823 ira
1722 2751 1929 2822 maris
1958 2751 2087 2824 tibi
2117 2750 2415 2850 profuis-

318 2867 456 2940 set?
480 2894 602 2939 cur
616 2867 814 2941 nobis
829 2868 1008 2938 infra
1028 2888 1304 2968 tempus
1323 2867 1740 2967 obsequium
1766 2867 1918 2967 ejus
1936 2866 2252 2967 prodesse
2268 2894 2411 2940 non

319 2983 567 3084 potuit.
590 3027 685 3037 —
713 2984 801 3054 L.·
837 2985 1050 3054 Hunc
1083 2982 1262 3055 mihi
1306 2982 1498 3056 diem
1541 2981 2068 3055 dedistis.—-A.
2107 2983 2302 3052 Certe
2340 2981 2410 3052 in

317 3099 468 3171 haec
503 3100 710 3173 verba
745 3099 931 3170 fame
975 3097 1377 3198 laboramus
1396 3128 1415 3187 ;
1454 3098 1752 3170 salutem
1784 3095 2141 3195 publicam
2179 3093 2409 3165 vehis:

324 3213 648 3285 omnium
678 3241 908 3285 rerum
937 3213 1261 3312 navigant
1285 3213 1577 3286 animae:
1612 3213 1901 3301 festina3
1934 3210 2065 3284 nisi
2102 3210 2189 3282 ad
2222 3209 2411 3281 diem

323 3325 591 3398 veneris
616 3382 636 3415 ,
691 3326 874 3397 nihil
928 3327 1076 3425 agis
1110 3354 1124 3397 :
1174 3348 1251 3399 tu
1308 3347 1648 3426 exspectas
1675 3384 1694 3416 ,
1756 3352 1882 3398 nos
1936 3324 2268 3425 perimus.
2316 3366 2415 3377 —-

326 3443 404 3511 L.
445 3440 863 3538 Ignorabam
893 3442 1182 3514 cladem.
1211 3485 1309 3497 -—
1341 3443 1431 3513 A.
1466 3444 1626 3514 Non
1660 3460 1922 3540 potest,
1976 3466 2197 3539 quum
2224 3439 2412 3510 fame

327 3578 674 3655 gravatam
721 3556 1065 3629 civitatem
1113 3557 1744 3656 praenunciaveris:
1790 3578 1865 3628 tu
1910 3555 2100 3628 illam
2144 3553 2409 3653 pascis:

329 3698 455 3743 nos
490 3672 733 3744 nostris
767 3673 1144 3764 vescimur,
1186 3700 1329 3745 non
1370 3674 1687 3747 habitant
1731 3699 1874 3744 una
1900 3671 2156 3772 pudor,
2201 3691 2270 3743 et
2314 3669 2417 3739 fa-

330 3813 478 3858 mes
500 3818 517 3876 ;
545 3789 725 3859 feras
748 3789 1100 3862 ferocitate
1117 3787 1146 3835 ³
1164 3789 1580 3862 excedimus.
1604 3789 2002 3888 Unicuique
2032 3815 2154 3860 sua
2183 3787 2414 3882 imago

406 3970 449 4005 ι.
487 3955 694 4025 Rarpes.
729 3954 875 4024 Quid
914 3956 1030 4018 hoee
1069 3976 1172 4009 vox
1207 3957 1333 4011 velit
1412 3958 1734 4029 vulgata‚eo
1746 3954 1892 4030 quod
1904 3955 2063 4025 hujus
2078 3951 2263 4026 oppidi
2277 3954 2414 4006 cives

328 4037 515 4105 ignoro
539 4060 549 4088 :
578 4056 645 4089 an
665 4051 861 4091 nomen
886 4038 1032 4092 urbis
1055 4040 1219 4091 latet?
1249 4043 1332 4091 An
1413 4059 1664 4111 magnum
1691 4058 1758 4090 tes
1782 4042 1837 4091 in
1862 4037 1963 4090 sibi
1990 4034 2272 4089 emendum
2300 4036 2416 4086 fru—

333 4130 487 4184 mtes,
507 4119 592 4170 vel
611 4122 794 4189 potius
816 4120 1032 4191 hav-pes?
1053 4124 1144 4172 En.
1413 4133 1650 4172 mentum
1679 4116 1999 4170 contulerint
2014 4153 2030 4181 ‚
2057 4134 2165 4187 quo
2193 4111 2415 4183 duplum

404 4213 451 4247 a.
483 4198 577 4250 AEs
613 4197 764 4250 nihil.
793 4202 873 4249 An
906 4217 1026 4269 pars
1059 4197 1198 4250 nihil
1225 4199 1336 4251 est?
1412 4198 1617 4270 legatus
1638 4215 1758 4248 mox
1783 4213 1972 4266 parare
1996 4194 2243 4264 potuerit.
2268 4193 2361 4242 En.

331 4278 452 4330 Non
487 4278 649 4332 male:
689 4279 906 4333 tlt-foruli
943 4295 1120 4333 tamen
1154 4293 1333 4353 potest
1483 4281 1535 4331 3.
1557 4278 1845 4330 Fen-icieute.
1864 4276 1956 4330 Vel
1976 4275 2218 4348 feritate,
2243 4272 2321 4326 vel
2332 4270 2418 4343 fe-
