3200 5117
680 547 757 621 754
890 529 1455 595 DECLAMATIO
1500 529 1666 592 PRO
1705 528 2093 593 TRIBUNO
2135 530 2551 595 MARIANO.

677 655 970 754 publicae
1005 651 1464 740 confusioniS,
1495 674 1562 723 et
1594 651 1928 740 dedecus,
1983 651 2069 722 ad
2122 650 2451 749 injuriam
2498 652 2756 724 civium

677 792 741 841 et
765 787 1079 855 senatus,
1115 794 1324 864 quem
1356 793 1499 838 non
1534 768 1907 857 accusavit,
1960 767 2132 837 dum
2180 767 2473 854 viveret,
2528 794 2756 838 coram

676 886 1005 956 omnibus
1026 884 1175 982 jam
1207 904 1362 981 post
1390 905 1687 954 mortem
1715 882 2111 982 impudenti
2136 883 2503 953 mendacio
2531 882 2755 980 turpi-

679 1023 779 1071 ter
812 998 1223 1069 criminatur
1255 1019 1323 1069 et
1353 999 1598 1094 arguit.
1645 1000 1754 1068 An
1791 999 1980 1069 enim
2029 1019 2172 1068 erat
2210 997 2296 1068 ad
2331 997 2754 1068 audientiam

677 1114 1141 1185 admittendus
1161 1170 1178 1201 ,
1210 1114 1330 1209 qui
1349 1113 1628 1184 tribuno
1652 1113 2048 1212 praeripuit?
2068 1114 2122 1184 si
2157 1140 2300 1185 non
2321 1114 2450 1184 hoc
2480 1141 2758 1212 quoque

675 1231 913 1328 legum
950 1231 1374 1328 praecavisset
1406 1231 1803 1320 auctoritas,
1839 1252 1912 1301 ut
1942 1229 2270 1328 legitimis
2298 1231 2610 1302 universa
2637 1251 2760 1301 ter-

678 1348 1111 1419 minarentur
1147 1347 1518 1419 sententiis.
1548 1347 1816 1419 Viderit
1860 1347 2067 1444 igitur
2108 1370 2265 1419 ante
2311 1368 2604 1419 mortem
2640 1348 2758 1445 qui

675 1462 780 1534 vel
816 1465 1121 1561 effugere
1150 1462 1258 1534 vel
1287 1464 1563 1534 differre
1596 1462 1724 1533 sibi
1761 1463 2025 1534 laborat
2053 1464 2566 1535 infelicissimus
2596 1489 2759 1561 par-

678 1580 921 1668 ricida3
958 1580 1205 1651 viderit
1239 1581 1381 1678 ipse
1402 1638 1420 1667 ,
1456 1606 1730 1677 poenam
1767 1607 1981 1676 quam
2009 1579 2069 1649 ei
2104 1579 2208 1650 lex
2242 1580 2522 1676 irrogari
2553 1607 2760 1650 man-

680 1696 936 1766 daverit
975 1723 990 1765 :
1049 1695 1286 1766 audiat
1341 1721 1419 1766 ex
1470 1694 1729 1767 tabella
1781 1695 2249 1766 damnationis
2304 1722 2442 1766 suae
2499 1695 2759 1766 recitari

678 1810 1133 1899 sententiam,
1178 1831 1255 1881 ut
1296 1831 1624 1900 mortem,
1674 1835 1890 1907 quam
1943 1810 2312 1882 crudeliter
2362 1810 2667 1881 intulisse
2690 1837 2758 1879 se

678 1925 1028 2014 meminit,
1075 1926 1148 1996 in
1183 1952 1255 1997 se
1285 1926 1762 1997 miserabiliter
1808 1927 2236 1999 referendam
2263 1984 2281 2016 ,
2336 1952 2530 2024 aequa
2564 1928 2761 1997 lance

679 2060 917 2137 penset
947 2062 1012 2110 et
1040 2039 1288 2111 doleat.

774 2155 859 2223 X.
894 2156 987 2224 Ut
1031 2175 1264 2225 autem
1308 2153 1612 2251 amplius
1653 2154 2021 2227 insolentia
2050 2155 2288 2227 militis
2318 2176 2383 2226 et
2413 2155 2764 2226 insultatio

679 2270 1170 2357 confundatur3
1202 2271 1269 2339 Si
1295 2270 1495 2361 tales,
1528 2272 1779 2370 inquit,
1812 2299 2055 2345 omnes
2086 2273 2427 2344 habemus
2451 2272 2761 2362 ¹milites,

679 2386 900 2472 Mari,
926 2386 1220 2457 vicimus
1249 2414 1261 2456 ε
1294 2413 1385 2458 an
1411 2414 1553 2460 non
1586 2390 1807 2487 magis
1827 2447 1844 2480 ,
1877 2390 1931 2460 si
1954 2417 2198 2461 omnes
2223 2390 2392 2461 tales
2419 2389 2762 2460 habemus

680 2499 927 2571 milites
950 2559 968 2588 ,
1006 2503 1413 2599 imperator,
1447 2525 1512 2575 et
1536 2504 1926 2595 victoriam,
1964 2527 2031 2577 et
2059 2505 2268 2577 vitam
2297 2502 2764 2604 perdidimus?

678 2638 940 2688 constat
990 2618 1214 2706 enim,
1253 2619 1441 2716 quod
1471 2648 1712 2692 omnes
1756 2643 1822 2692 et
1864 2621 2119 2692 scimus
2153 2620 2409 2719 pariter
2455 2642 2521 2691 et
2565 2619 2762 2692 dole-

679 2761 874 2804 mus:
920 2735 1281 2807 tribunum
1345 2738 1544 2809 miles
1596 2738 1866 2809 occidit.
1917 2738 2116 2826 Quid
2153 2739 2208 2809 si
2255 2737 2491 2808 fecerit
2539 2765 2760 2808 unus-

682 2849 971 2947 quisque
997 2851 1330 2942 similiter,
1367 2853 1421 2922 si
1459 2853 1684 2923 rimati
1714 2854 1895 2922 ferro
1922 2852 2263 2922 fuerimus
2284 2852 2536 2922 viscera
2558 2850 2764 2922 socio·

681 2994 880 3057 rum,
936 2994 1078 3039 non
1124 2970 1457 3066 supererit
1494 2970 1615 3067 qui
1648 2969 1953 3040 victrices
2007 2968 2307 3066 aquilas,
2358 2968 2576 3038 immo
2609 2966 2759 3066 jam

677 3080 882 3152 victas
914 3083 1157 3153 referat
1177 3082 1264 3153 ad
1294 3105 1639 3154 senatum.
1665 3083 1732 3153 Si
1764 3083 1931 3155 tales
1956 3141 1974 3173 ,
2006 3083 2261 3179 inquit,
2288 3109 2531 3154 omnes
2559 3081 2764 3152 habe-

681 3224 835 3268 mus
861 3198 1109 3270 milites
1128 3255 1147 3290 ,
1182 3200 1395 3286 Mari,
1427 3202 1719 3272 vicimus
1746 3228 1757 3270 :
1784 3199 1930 3270 haec
1966 3201 2269 3299 profecto
2297 3200 2574 3270 victoria
2598 3225 2762 3269 nos-

679 3335 941 3386 trarum
988 3317 1077 3387 ita
1114 3317 1560 3415 dispendium
1596 3319 1829 3389 fecerit
1861 3317 2255 3389 animarum
2280 3374 2298 3406 ,
2341 3337 2418 3388 ut
2463 3343 2764 3388 romanae

684 3428 1071 3527 reipublicae
1100 3432 1256 3502 filiis
1276 3432 1582 3504 intulerit
1609 3432 2052 3532 irreparabile
2088 3431 2766 3503 detrimentum.Vos

678 3544 1012 3635 videritiS,
1035 3546 1336 3646 judices,
1376 3548 1622 3620 viderit
1658 3570 1725 3621 et
1747 3548 2228 3647 expeditorum
2265 3546 2448 3617 clara
2495 3572 2617 3644 per
2650 3571 2766 3616 or-

681 3660 846 3730 bem
873 3683 1207 3733 terrarum
1238 3663 1637 3761 prudentia,
1667 3665 1921 3764 quibus
1956 3663 2160 3734 initiis
2191 3662 2545 3732 Marianus
2571 3658 2767 3731 miles

680 3775 973 3847 tirocinii
1016 3779 1120 3848 sui
1170 3780 1425 3878 primas
1467 3780 1797 3853 dedicarit
1826 3779 2186 3869 excubias;
2225 3799 2290 3850 et
2318 3778 2484 3876 quia
2507 3774 2765 3848 tribuni

684 3892 1018 3989 sanguine
1062 3921 1131 3964 se
1182 3895 1505 3992 polluisse
1561 3916 2097 3983 commemorat,
2134 3895 2240 3965 sui
2297 3894 2555 3966 cruoris
2597 3892 2764 3962 allu-

681 4008 920 4100 vione,
953 4009 1007 4080 si
1043 4013 1468 4103 censueritis,
1506 4014 1808 4085 eundem
1843 4011 2206 4084 emaculet.

758 4185 802 4218 ι.
829 4169 886 4220 Si
906 4168 1031 4222 tales
1060 4170 1299 4225 habemus
1326 4172 1529 4226 milites.
1561 4175 1684 4225 Imi-
1762 4171 1995 4225 Declam.
2022 4175 2172 4241 cujus
2196 4169 2452 4223 nonnulla
2477 4169 2672 4240 passim
2693 4165 2768 4217 lo-

685 4249 811 4300 tatio
838 4248 904 4301 ad
934 4249 1305 4304 refutationem
1345 4252 1686 4324 praecedentis
1767 4271 1828 4304 ca
1852 4254 1951 4306 sibi
1976 4253 2272 4308 vindicavit.
2298 4254 2390 4305 Eo.
