3200 5117
1221 534 1312 594 M.
1363 530 1611 592 FABII
1659 530 2299 611 QUINTILIANI

720 654 1062 741 rentium,
1102 679 1312 749 quem
1350 652 1524 745 inter
1558 673 1829 723 caeteros
1872 652 2167 750 captivos
2209 651 2514 723 secundo
2547 649 2806 748 punico

718 772 905 844 bello
930 770 1156 867 Scipio
1177 769 1542 840 Africanus
1562 768 1855 839 vinculis
1872 769 2274 855 exsolverat,
2300 768 2653 838 memoriae
2675 788 2811 837 tra-

722 887 957 958 didere
1000 885 1323 983 majore5‚
1370 884 1643 981 insigne
1687 905 1971 980 receptae
2019 882 2392 972 libertatis,
2439 882 2621 980 pileo
2670 903 2808 953 tes-

724 1022 910 1073 tante
936 1015 979 1094 ',
1017 1000 1087 1069 in
1123 1000 1477 1098 triumpho
1508 1000 1701 1069 ducis
1729 1026 1868 1070 esse
1896 1020 2377 1097 conspectum:
2413 1020 2480 1071 et
2504 998 2617 1069 ille
2651 999 2808 1097 qui-

724 1119 925 1205 dem,
982 1117 1260 1216 majoris
1313 1117 1648 1188 momenti
1703 1117 1991 1187 accessio
2011 1130 2063 1204 ²,
2111 1117 2468 1214 publicam
2512 1138 2808 1187 senserat

722 1233 1154 1322 felicitatem,
1191 1232 1509 1329 privatim
1546 1253 1779 1302 tamen
1816 1230 2066 1301 debere
2108 1257 2178 1302 se
2218 1230 2479 1328 putavit
2511 1229 2806 1301 victoriae

725 1350 1172 1420 beneficium.
1208 1350 1402 1436 Quid
1445 1375 1555 1417 me
1594 1349 1815 1418 facere
1860 1347 2215 1435 convenit,
2254 1347 2377 1443 qui
2425 1373 2547 1444 per
2589 1346 2808 1416 maria

722 556 846 598 222

724 1463 1098 1537 latrociniis
1134 1466 1375 1535 infesta
1407 1465 1590 1535 solus
1626 1463 1878 1561 petitus
1913 1464 2111 1534 sum?
2145 1463 2264 1561 qui
2301 1463 2528 1534 lucem
2550 1519 2570 1551 ,
2606 1462 2809 1532 liber-

726 1601 931 1659 tatem
954 1638 969 1669 ,
1003 1581 1306 1678 denique
1342 1578 1682 1677 quidquid
1718 1578 1887 1676 patri
1918 1578 2173 1666 debeo,
2209 1604 2351 1648 non
2388 1577 2699 1673 ignaruS,
2732 1596 2812 1651 ut

727 1697 954 1794 primo
981 1695 1223 1766 natalis
1248 1696 1426 1765 horae
1465 1716 1803 1791 tempore,
1832 1694 1948 1763 sed
1976 1693 2214 1763 videns
2238 1693 2677 1788 sentiensque
2703 1717 2809 1761 ac-

728 1811 1072 1908 ceperim?
1101 1838 1223 1880 nec
1252 1810 1475 1880 solum
1508 1811 1802 1879 donatus
1833 1808 1937 1878 his
1968 1809 2200 1897 bonis,
2230 1809 2348 1880 sed
2380 1807 2670 1879 summis
2695 1832 2810 1904 pe-

728 1926 963 1996 riculis
999 1926 1322 1997 liberatus
1357 1924 1557 1995 sum?

826 2041 1010 2109 XXI.
1043 2043 1293 2110 Nonne
1327 2065 1436 2108 me
1459 2065 1537 2108 ex
1556 2038 1761 2107 amici
1787 2038 1924 2107 fide
1950 2057 2225 2125 natum,
2252 2057 2318 2108 et
2344 2035 2812 2108 tenacioribus

729 2155 1231 2225 beneficiorum
1275 2152 1568 2223 vinculis
1612 2154 1827 2223 fatear
1870 2178 2010 2222 esse
2048 2151 2539 2223 constrictum?
2572 2151 2813 2222 Miser-

728 2271 935 2359 rime,
960 2271 1179 2340 amice
1204 2269 1604 2339 fidelissime
1624 2325 1641 2356 ,
1668 2269 2015 2365 ingratum
2043 2295 2156 2339 me
2174 2267 2538 2339 moriendo
2559 2265 2808 2338 fecisti!

810 2516 850 2548 ι.
878 2498 1127 2549 Testante.
1160 2499 1207 2548 T
1205 2508 1448 2548 estantem
1473 2496 1620 2549 Leid.
1649 2517 1730 2568 pr.

733 2597 833 2628 sec.
884 2580 1031 2628 Voss.
1072 2597 1151 2649 pr.
1193 2598 1280 2629 see
1318 2579 1515 2649 Gryph.
1556 2578 1728 2629 Colin.

732 2658 916 2710 Vidov.
959 2659 1059 2710 Sed
1089 2678 1426 2731 quocumque
1460 2658 1622 2711 modo
1655 2662 1733 2711 le-

726 2756 851 2807 gas,
896 2736 1095 2808 aliquid
1141 2738 1322 2791 deesse
1364 2738 1597 2805 videtur,
1641 2752 1734 2791 tes-

733 2828 871 2867 tante
918 2815 997 2867 vel
1050 2828 1315 2868 testantem
1367 2817 1477 2869 scil.
1520 2831 1732 2892 qratum

731 2895 995 2960 animum,
1029 2894 1110 2946 vel
1153 2896 1318 2947 simile
1358 2896 1516 2967 quid:
1569 2915 1732 2967 quare

731 2973 910 3024 malim
942 2973 1142 3045 legere,
1181 2979 1292 3027 sine
1331 2987 1572 3040 testante,
1609 2977 1734 3027 insi-

727 3055 824 3126 9πί
841 3077 854 3103 .·
883 3055 963 3107 vel
982 3094 997 3121 ‚
1018 3056 1217 3128 insiqne
1233 3070 1453 3126 accepta:
1469 3056 1731 3121 libertatis,

726 3132 930 3204 pileum
976 3146 1283 3206 qestantem‚
1332 3137 1387 3185 ἰη
1431 3135 1695 3206 triumpho
1713 3175 1730 3200 ,

731 3231 831 3268 etc.
858 3216 1127 3269 Ablativos
1147 3218 1201 3267 in
1224 3235 1253 3265 ο
1274 3235 1410 3286 saepe
1434 3235 1553 3269 cum
1579 3234 1735 3267 accu-

735 3301 909 3349 sativis
934 3301 985 3348 in
1014 3318 1101 3348 um
1124 3298 1202 3348 vel
1233 3316 1317 3347 om
1348 3296 1606 3349 confundi
1624 3300 1732 3366 jam

732 3378 954 3429 vidimus
976 3378 1043 3429 ad
1074 3382 1199 3431 lnst.
1225 3378 1315 3428 lib.
1339 3381 1481 3443 vm,
1508 3378 1567 3429 5:
1593 3394 1732 3430 certe

732 3459 935 3528 aliquid
959 3461 1146 3511 ulceris
1175 3459 1336 3510 latere
1368 3460 1493 3511 mihi
1511 3461 1597 3513 bic
1617 3481 1736 3533 per-

734 3560 946 3592 suasum
972 3555 1066 3592 est.
1099 3543 1263 3591 Btmu.

808 3640 854 3671 2.
885 3623 1141 3671 Momenti
1163 3621 1389 3673 accessio.
1430 3624 1511 3673 Sic
1550 3621 1732 3691 legen-

736 3701 861 3752 dum
888 3715 993 3752 est:
1022 3719 1145 3752 uam
1167 3701 1380 3751 accessio
1410 3715 1485 3752 est
1510 3704 1563 3752 in
1587 3702 1731 3756 Leid.

736 3799 841 3832 see.
858 3780 946 3831 sed
960 3784 1029 3831 ita
1047 3780 1277 3849 explico:
1300 3798 1405 3830 non
1419 3795 1626 3850 gestum
1636 3784 1736 3834 fuit

737 3879 766 3911 a
787 3860 1030 3929 Scipione
1054 3857 1253 3910 bellum
1269 3860 1552 3928 punicum,
1573 3874 1632 3914 ut
1651 3881 1735 3914 so·

735 3937 846 3989 lum
863 3940 1166 3989 Terentium
1185 3937 1433 3989 liberaret
1445 3977 1462 4004 ,
1479 3939 1735 4010 quemad-

736 4018 954 4072 modum
985 4039 1130 4071 meus
1169 4021 1387 4085 amicus,
1430 4024 1530 4073 mei
1572 4022 1736 4073 solius

734 4118 899 4152 causa
934 4099 1003 4150 ad
1039 4101 1236 4169 piratas
1269 4097 1429 4164 abiit3
1466 4099 1555 4152 sed
1596 4099 1737 4152 bello

737 4177 960 4232 feliciter
980 4179 1225 4231 confecto
1239 4216 1256 4244 ,
1280 4181 1570 4231 necessario
1588 4182 1740 4250 sequi

741 4256 996 4323 debebat,
1043 4271 1101 4308 ut
1143 4275 1323 4308 omnes
1367 4259 1505 4310 cives
1543 4259 1737 4327 captivi

1812 2496 2189 2561 liberarentur,
2215 2498 2350 2549 inter
2372 2515 2508 2568 quos
2542 2516 2704 2567 quum
2732 2514 2812 2548 es-

1815 2594 1891 2629 set
1915 2581 2217 2643 Terentius,
2237 2581 2467 2631 victoriae
2491 2579 2660 2645 illius,
2684 2592 2734 2630 et
2759 2579 2815 2630 li-

1814 2657 2100 2708 berationis
2158 2671 2237 2709 tot
2285 2660 2614 2729 captivorum
2671 2660 2814 2709 facta

1812 2742 1912 2790 fuit
1946 2741 2208 2802 accessio;
2232 2738 2463 2810 ideoque
2489 2739 2657 2793 videri
2686 2758 2811 2810 pos·

1813 2835 1888 2871 set
1909 2820 2040 2871 nihil
2065 2822 2327 2894 praecipue
2348 2822 2583 2892 Scipioni
2605 2819 2814 2885 debere,

1814 2902 1904 2971 qui
1924 2920 2022 2970 pro
2046 2919 2262 2952 munere
2289 2904 2628 2972 imperatorio
2654 2900 2815 2951 debe-

1815 2982 1904 3032 bat
1934 2994 2056 3052 post
2080 2983 2356 3033 victoriam
2379 3001 2558 3035 omnes
2587 2984 2722 3033 cives
2746 2981 2812 3031 li—

1814 3058 2023 3124 berare,
2068 3060 2156 3110 ille
2201 3074 2375 3112 tamen
2417 3061 2582 3112 voluit
2627 3061 2813 3112 victori

1813 3140 2060 3208 privatim
2089 3138 2280 3191 debere
2312 3138 2654 3204 beneficium,
2685 3156 2746 3190 ac
2770 3141 2814 3190 si

1814 3222 1895 3271 sui
1924 3220 2086 3273 solius
2126 3240 2284 3272 causa
2319 3221 2493 3291 Scipio
2520 3219 2816 3272 laborasset

1813 3298 2034 3349 Videtur
2079 3300 2282 3353 Livium
2328 3300 2558 3352 imitatus
2595 3300 2817 3364 Noster,

1815 3383 1902 3452 qui
1919 3379 1984 3430 de
1999 3383 2246 3431 Vermina
2262 3379 2515 3454 Syphacis
2532 3380 2639 3432 filio
2659 3392 2815 3450 capto

1815 3462 1884 3511 ait
1907 3460 1981 3511 lib
2025 3462 2189 3511 XXX.
2210 3461 2279 3526 40
2303 3483 2313 3512 :
2348 3484 2370 3506 a
2393 3464 2521 3529 Quae
2545 3479 2705 3533 parva
2730 3459 2818 3510 be-

1821 3560 1842 3583 ·
1864 3557 1929 3590 ne
1954 3553 2109 3609 gestae
2137 3543 2215 3590 rei
2249 3542 2481 3591 accessio
2508 3546 2624 3590 erat
2641 3561 2655 3601 ς
2675 3563 2699 3586 ι
2726 3536 2819 3591 ubi

1813 3620 2022 3671 mallem
2062 3621 2156 3693 qui
2178 3641 2192 3668 .·
2234 3619 2300 3672 de
2341 3639 2471 3671 voce
2507 3620 2817 3685 accessione,

1808 3705 1918 3771 jam
1935 3704 2059 3753 satis
2087 3701 2254 3752 multa
2279 3714 2658 3771 congesserunt
2681 3702 2819 3753 Gro-

1817 3799 1938 3830 nov.
1978 3777 2047 3829 ad
2088 3780 2199 3830 Liv.
2239 3780 2404 3846 XLV,
2439 3797 2499 3849 7:
2538 3785 2712 3832 Vol-st.
2752 3777 2820 3829 ad

1817 3860 1933 3911 val.
1975 3862 2111 3912 Max.
2145 3862 2209 3923 V,
2239 3877 2346 3925 vn,
2383 3880 2438 3913 ιε
2479 3875 2531 3913 et
2573 3862 2642 3914 ad
2675 3862 2820 3913 fasti-

1817 3936 1963 3990 dium
1984 3956 2150 4009 usque
2174 3941 2354 3992 Heius.
2383 3938 2452 3991 ad
2475 3940 2710 4005 veum,
2734 3939 2817 3991 26.

1818 4018 2067 4068 Praeterea
2088 4036 2210 4070 cum
2223 4019 2314 4070 W.
2337 4017 2650 4088 legendum:
2680 4040 2701 4063 ιι
2721 4018 2820 4067 De-

1825 4119 1847 4141 «
1867 4096 1991 4150 bere
2018 4118 2058 4151 s.
2084 4119 2136 4169 p.
2162 4100 2350 4151 victori
2376 4099 2499 4151 ben.
2523 4123 2546 4146 a
2575 4098 2660 4149 alii
2678 4098 2816 4148 enin

1817 4178 1922 4230 hoc
1948 4199 2003 4232 se
2032 4181 2291 4245 victor-ite,
2315 4178 2413 4233 sed
2425 4181 2697 4232 Terentius
2714 4177 2819 4228 vic·

1820 4264 1922 4313 tori
1942 4261 2136 4316 debere
2160 4260 2431 4315 credebat.
2455 4262 2620 4313 Bou.
