3200 5117
822 574 944 654 462
1450 570 1564 630 fix
1612 567 2276 648 QUINTlLlANu

721 695 732 702 ’
817 698 1234 770 luisti—P.
1261 695 1366 764 Sic
1400 712 1476 762 ut
1507 691 1895 762 filia—mn.
1926 695 2063 763 Nec
2099 694 2240 764 filio
2271 697 2523 792 parcit,
2554 698 2717 794 qui,
2747 719 2921 771 tan-

818 842 1029 913 quam
1065 812 1293 897 sciret,
1334 806 1697 879 occiderit:
1735 834 1860 877 cur
1902 808 2342 880 taces?—P.
2386 812 2645 883 Dolore
2690 835 2925 886 tacere

817 927 1269 1001 Ἠερίη-Μ.
1307 923 1517 1013 QuiS,
1556 944 1776 1020 patres
1811 924 2219 1021 conscripti,
2264 952 2406 996 non
2443 949 2727 1026 stupeat
2766 950 2917 1000 tam

817 1041 1181 1115 contrarios
1229 1038 1408 1110 senis
1452 1037 1785 1108 affectus?
1821 1037 1891 1107 in
1937 1065 2213 1109 rumore
2253 1060 2389 1110 tam
2433 1042 2789 1140 suspicax,
2844 1045 2917 1114 in

816 1157 1172 1229 tormentis
1210 1176 1345 1224 tam
1383 1152 1629 1238 durus,
1669 1153 1741 1222 in
1778 1152 2146 1251 parricidio
2181 1154 2414 1226 dolore
2455 1177 2679 1228 tacere
2718 1179 2920 1257 pote-

817 1274 946 1346 rit?
976 1301 1114 1344 non
1137 1272 1346 1342 habet
1375 1270 1591 1341 alium
1620 1269 1877 1341 exitum
1896 1329 1912 1360 ,
1941 1297 2155 1366 quam
2188 1292 2261 1343 ut
2283 1275 2696 1371 respondere
2722 1276 2921 1350 nolle

812 1390 1123 1460 videatur
1142 1444 1158 1474 ,
1186 1385 1494 1485 quisquis
1522 1385 1749 1456 filium
1774 1386 2019 1455 occidit
2037 1443 2055 1473 ,
2083 1406 2151 1456 et
2173 1387 2456 1484 probare
2482 1415 2623 1460 non
2650 1411 2921 1488 potest,

813 1506 1002 1605 quod
1051 1503 1263 1575 occidi
1313 1503 1883 1572 debuerit.—P.
1930 1503 2156 1574 Habet
2198 1525 2413 1574 certe:
2464 1505 2666 1576 ardor
2714 1508 2917 1578 enim

814 1623 962 1710 ine,
1018 1621 1136 1718 qui
1185 1645 1296 1690 me
1341 1618 1631 1717 impegit
1678 1619 1751 1688 in
1802 1617 2066 1706 filium,
2117 1619 2265 1717 ipsa
2312 1619 2415 1689 sui
2464 1621 2919 1693 immanitate

812 1758 1268 1835 consumptus
1317 1757 1466 1805 est:
1522 1733 1755 1805 nullus
1804 1734 1980 1804 mihi
2034 1755 2234 1806 restat
2279 1733 2599 1825 affectus,
2646 1738 2781 1808 nisi
2834 1753 2916 1809 ut

812 1854 1049 1925 omnia
1095 1852 1380 1923 audiam
1409 1907 1426 1937 ,
1473 1850 1711 1920 omnia
1753 1849 1968 1920 feram
2005 1878 2019 1921 :
2069 1850 2254 1920 unde
2298 1851 2518 1949 magis
2554 1849 2909 1940 admiror,

811 1969 1000 2067 quod
1045 1966 1297 2037 mulier
1332 1966 1616 2062 pudoris
1661 1964 2015 2035 silentium
2060 1965 2234 2035 ferre
2278 1989 2419 2036 non
2465 1987 2721 2064 potest:
2774 1993 2915 2038 no·-

810 2107 1117 2181 vumque
1162 2079 1610 2179 impatientiae
1651 2106 1869 2176 genus
1910 2079 2064 2175 quis
2103 2079 2421 2177 colligat?
2455 2079 2772 2178 queritur
2822 2079 2912 2152 de

810 2198 1116 2298 populo,
1177 2196 1363 2294 quod
1421 2194 1787 2293 loquatur;
1843 2194 1927 2264 de
1988 2215 2220 2293 patre,
2276 2195 2465 2293 quod
2520 2215 2758 2266 taceat.
2810 2239 2910 2250 --

811 2317 909 2384 JI.
945 2311 1248 2383 Nullane
1285 2331 1537 2396 mater,
1578 2330 1797 2405 patres
1825 2308 2224 2407 conscripti,
2256 2310 2429 2381 adeo
2464 2303 2704 2382 infelix
2736 2311 2904 2396 erit,

809 2450 884 2497 ut
920 2455 1042 2524 pro
1084 2427 1222 2495 filio
1257 2452 1382 2495 suo
1420 2450 1644 2493 unum
1679 2424 1918 2494 saltem
1950 2425 2244 2497 verbum
2276 2449 2417 2496 non
2450 2425 2731 2498 audiat?
2758 2426 2908 2498 nul-

806 2540 955 2612 lum
989 2538 1211 2638 majus
1245 2536 1513 2608 facinus
1552 2560 1679 2627 est,
1721 2564 1933 2635 quam
1974 2540 2045 2609 in
2082 2540 2215 2610 hac
2252 2567 2457 2611 causa
2490 2540 2849 2612 silentium
2882 2566 2898 2612 τ

805 2655 858 2725 si
901 2654 992 2725 ita
1037 2651 1390 2724 silentium
1430 2672 1558 2738 est,
1591 2651 1675 2720 de
1714 2651 2150 2722 maternitate
2184 2675 2413 2723 actum
2449 2675 2585 2724 est:
2630 2673 2755 2725 cur
2798 2675 2902 2726 ta·

806 2768 1165 2842 ces?—-P.
1212 2769 1524 2853 Novum,
1558 2765 1865 2864 judiceS,
1911 2766 2172 2836 crimen
2215 2767 2493 2838 audite:
2540 2767 2897 2839 silentium

807 2903 936 2970 est,
982 2880 1168 2980 quod
1207 2900 1513 2949 accusat:
1561 2878 1827 2949 crimen
1864 2878 2115 2950 mulier
2161 2902 2382 2970 vocat,
2427 2881 2615 2978 quod
2656 2883 2896 2981 priscis

806 2999 1186 3100 primisque
1214 2994 1587 3065 rectoribus
1616 2994 1839 3092 prima
1874 2995 2010 3065 fuit
2046 2996 2294 3066 virtus:
2331 2995 2644 3095 quisquis
2672 2999 2760 3068 de
2786 3018 2892 3068 ta-

805 3134 997 3184 cente
1042 3109 1380 3207 queritur,
1422 3107 1642 3177 multo
1684 3108 1917 3179 minus
1957 3109 2128 3179 ferre
2173 3111 2424 3207 poterit
2462 3112 2887 3210 loquentem.

805 3225 1025 3295 ——M.
1075 3221 1273 3312 Quid
1321 3221 1561 3292 saltem
1610 3220 1776 3292 dixit
1820 3221 2046 3291 filius?
2091 3222 2357 3320 aliquid
2407 3224 2580 3294 mihi
2624 3224 2891 3295 locutus

805 3358 1082 3413 est¹.——
1103 3343 1180 3409 P.
1213 3339 1433 3437 {psius
1457 3338 1713 3408 animis
1749 3358 1964 3436 potest
2002 3339 2208 3427 scire,
2246 3340 2416 3435 quid
2448 3341 2737 3428 dixerit,
2767 3341 2887 3438 qui

806 3478 1029 3558 putat,
1068 3481 1179 3526 me
1219 3454 1504 3540 habere,
1538 3455 1698 3551 quia
1738 3455 1989 3524 dicam.
2024 3454 2259 3525 Nescis
2296 3456 2657 3554 improba:
2699 3456 2888 3554 prius

805 3597 930 3663 est,
958 3595 1283 3670 quaerere,
1302 3595 1389 3641 an
1411 3567 1678 3668 aliquid
1705 3570 1967 3640 dixerit.
1998 3571 2190 3659 Quid
2214 3570 2339 3641 ait!
2361 3572 2547 3643 itane
2570 3572 2640 3642 in
2668 3591 2887 3642 morte

807 3687 931 3760 filii
974 3688 1072 3759 tui
1113 3684 1290 3755 nihil
1325 3684 1515 3757 aliud
1555 3685 1642 3755 ad
1683 3706 1745 3756 te
1780 3685 2107 3784 pertinet,
2144 3711 2357 3783 quam
2402 3686 2572 3784 quid
2617 3687 2885 3757 locutus

805 3799 1048 3876 sit?——
1068 3801 1169 3872 M.
1200 3799 1467 3871 Omnia
1493 3822 1703 3891 certe,
1748 3803 1862 3872 sed
1897 3826 2037 3871 non
2065 3802 2303 3872 omnia
2332 3822 2656 3900 prosunt3
2700 3800 2885 3871 istud

806 3919 1095 4018 quidem
1131 3943 1254 4016 pro
1286 3943 1400 3987 me
1428 3937 1651 3987 staret.
1676 3921 1864 3987 ——-P.
1905 3919 1991 3987 Et
2020 3916 2200 3989 istud
2231 3944 2353 4016 pro
2383 3943 2498 3989 me
2530 3915 2769 4004 stabit,
2808 3937 2885 3987 ut

806 4034 1072 4134 aliquid
1098 4033 1332 4105 secreti
1360 4033 1656 4105 habeam
1683 4063 1696 4105 :
1735 4033 1788 4104 si
1816 4034 1972 4131 quis
1996 4055 2060 4105 te
2088 4034 2565 4136 interrogaret,
2594 4033 2885 4104 haberes

805 4148 1103 4248 aliquid,
1134 4146 1322 4243 quod
1352 4173 1494 4218 non
1525 4148 1936 4245 publicai-es,
1967 4146 2261 4220 Nullum
2292 4150 2439 4221 sine
2464 4147 2891 4221 conscientia

884 4307 926 4341 1.
945 4285 1088 4340 Mihi
1107 4283 1306 4341 locutus
1318 4298 1404 4342 est.
1427 4287 1546 4341 Haec
1569 4305 1682 4340 non
1702 4302 1910 4360 patent,
1934 4290 2035 4342 nisi
2058 4287 2122 4343 de
2138 4306 2249 4357 me,
2268 4288 2353 4342 vel
2369 4280 2766 4359 tibi‘inteffigas.
2786 4289 2881 4342 En.
