3200 5117
754 587 835 686 ρ
1256 585 1348 647 Μ.
1397 584 1648 648 FABn
1692 582 2328 666 QUINTILIAM

751 711 1042 798 Quanto
1070 708 1340 779 facilius
1373 730 1471 780 est
1495 708 1823 780 simulare
1853 734 2033 797 rem,
2067 706 2266 807 cujus
2296 707 2665 780 imitationi
2695 707 2840 779 suf-

758 824 929 912 ficit,
956 821 1272 894 clausisse
1304 822 1611 910 lumina,
1635 822 1890 894 laxasse
1926 822 2275 912 membra,
2310 822 2573 895 dedisse
2606 823 2838 921 suspi-

760 940 877 1012 riis
911 940 1236 1030 modum‚
1264 960 1331 1010 et
1360 939 1701 1011 anhelitus
1728 938 2157 1038 negligenter
2185 940 2437 1036 egisse?
2476 941 2653 1011 inter
2680 939 2842 1010 dor-

758 1056 1093 1127 mientem
1127 1055 1708 1153 simulantemque
1736 1082 1876 1126 non
1904 1077 2003 1129 est
2031 1056 2163 1126 nisi
2194 1056 2644 1128 conscientia:
2672 1081 2836 1126 nam

762 1171 948 1269 quod
983 1172 1069 1244 ad
1106 1193 1201 1242 tot
1227 1172 1542 1268 vestigia,
1578 1192 1678 1242 tot
1711 1199 1992 1259 manuS,
2032 1191 2129 1242 tot
2162 1171 2732 1269 proclamationes
2766 1170 2838 1241 in

760 1287 1008 1357 eodem
1056 1310 1287 1358 tenore
1332 1288 1633 1376 duravit,
1687 1287 1899 1358 nolite
1943 1287 2224 1358 mirari:
2280 1287 2549 1359 facilius
2594 1285 2839 1356 excites

764 1401 1249 1473 dormientem.
1273 1404 1357 1473 Et
1379 1402 1522 1473 haec
1545 1423 1646 1473 est
1663 1402 1982 1472 omnium
2010 1423 2252 1473 natura
2273 1429 2500 1474 rerum
2520 1458 2539 1490 ‚
2562 1427 2650 1471 ne
2670 1398 2838 1498 quid

765 1516 1025 1587 diutius
1063 1518 1393 1616 perferaS‚
1439 1544 1654 1614 quam
1696 1517 1880 1614 quod
1922 1516 2240 1587 imitaris:
2288 1517 2615 1586 simulare
2652 1542 2842 1586 som-

769 1659 940 1703 num
970 1633 1176 1704 habet
1195 1654 1263 1703 et
1284 1632 1463 1703 hanc
1490 1631 1923 1719 facilitatem,
1950 1631 2137 1727 quod
2168 1630 2441 1701 videtur
2465 1629 2710 1701 similis
2740 1655 2844 1701 ex·

767 1746 1000 1834 citato,
1032 1748 1150 1842 qui
1182 1743 1652 1844 deprehensus
1677 1764 1796 1815 est.
1834 1743 2031 1832 Quid
2062 1743 2192 1814 hoc
2227 1771 2365 1814 esse
2391 1744 2523 1832 vis,
2560 1744 2843 1831 mulier,

766 1861 955 1956 quod
982 1882 1045 1932 te
1070 1889 1209 1932 non
1234 1861 1477 1932 excitat
1507 1887 1644 1947 τες,
1670 1887 1810 1958 qua
1829 1859 2081 1930 domus
2112 1879 2247 1930 tota
2275 1859 2622 1931 turbatur?
2649 1859 2843 1929 illam

767 1976 1021 2048 servilis
1050 1976 1482 2074 negligentiae
1508 1976 1846 2072 quietem,
1879 1974 2031 2045 illos
2057 1975 2204 2045 sine
2231 1975 2437 2063 curis,
2468 1973 2614 2045 sine
2643 1974 2848 2044 affec-

767 2090 946 2163 tibus
975 2118 1282 2181 somnoS,
1315 2091 1465 2163 illos
1499 2091 1620 2190 qui
1659 2117 1800 2160 non
1833 2090 2062 2161 statim
2095 2090 2321 2187 primo
2355 2090 2598 2160 timore
2632 2088 2850 2187 prosi-

767 2206 979 2295 liunt,
1018 2208 1244 2302 fragor
1275 2206 1497 2277 noctis
1538 2205 1832 2302 agitavit.
1874 2205 2199 2294 Quantus
2242 2205 2491 2275 deinde
2528 2203 2849 2275 fremitus

769 2321 1301 2392 discurrentium
1322 2342 1459 2392 tota
1479 2321 1729 2393 domo?
1755 2321 1983 2419 prima
2001 2342 2162 2392 sunt
2179 2320 2660 2418 evigilantium
2682 2345 2852 2416 prae-

772 2435 948 2506 sidia
969 2436 1328 2525 clamores,
1343 2463 1470 2508 nec
1492 2457 1711 2534 potest
1731 2437 1958 2532 quieta
1973 2463 2072 2509 res
2089 2462 2228 2508 esse
2248 2435 2468 2508 noctis
2489 2434 2846 2506 auxilium:

770 2549 1041 2620 minore
1092 2551 1374 2648 strepitu
1420 2570 1770 2623 commota
1817 2578 1922 2637 es,
1964 2577 2185 2647 quum
2228 2548 2629 2620 excitareris,
2673 2551 2851 2620 Ecce

772 2664 1069 2736 cubiculi
1107 2667 1302 2737 vestri
1353 2667 1528 2738 fores
1571 2665 1853 2764 trepidae
1895 2665 2346 2736 festinationis
2385 2665 2852 2762 effringuntur

772 2779 1122 2878 impulsu:
1177 2808 1263 2851 en
1313 2782 1552 2853 lumen
1604 2809 1809 2881 super
1855 2781 2188 2853 lectulum
2243 2782 2574 2877 ingerunt
2618 2780 2852 2852 multoe

774 2920 1052 2985 manus,
1082 2917 1147 2968 et
1164 2896 1249 2966 ad
1273 2917 1762 2993 prostratorum
1791 2920 2160 2994 corporum
2184 2894 2722 2967 similitudinem
2744 2921 2854 2967 cu·

771 3007 1087 3080 biculum
1122 3010 1417 3107 gemitu,
1448 3010 1933 3084 vociferatione
1967 3011 2371 3109 completur.
2407 3011 2519 3080 Tu
2539 3009 2762 3109 jaceS‚
2791 3029 2858 3082 et

774 3124 849 3194 in
893 3125 1229 3196 cadaveris
1271 3125 1811 3197 similitudinem
1856 3151 2075 3223 usque
2119 3123 2414 3195 resoluta
2454 3150 2562 3196 es:
2606 3122 2741 3195 hoc
2783 3143 2855 3196 tu

773 3239 1076 3334 quietem
1110 3260 1310 3336 putas
1345 3239 1529 3311 esse?
1559 3240 1884 3338 patientia
1919 3259 2037 3310 est.

874 3354 1024 3423 XX.
1051 3356 1313 3424 Vestrae
1332 3408 1349 3441 ‚
1366 3353 1667 3456 judices,
1694 3354 2178 3426 aestimandum
2206 3352 2522 3448 relinquo
2550 3350 2862 3451 pruden-

773 3467 919 3555 tiae,
951 3466 1308 3563 strepitum
1356 3496 1568 3566 quem
1605 3467 1689 3540 'in
1741 3467 2062 3541 cubiculo
2100 3467 2282 3539 senis
2322 3467 2529 3540 fuisse
2568 3466 2863 3540 confessi

773 3603 972 3671 sunt,
1009 3584 1128 3681 qui
1159 3583 1276 3654 illo
1310 3585 1743 3681 potissimum
1775 3604 2306 3673 concurrerunt,
2343 3606 2576 3655 utrum
2615 3581 2862 3681 putetis

779 3698 1044 3769 factum
1075 3697 1983 3788 colluctatione‘morientis,
2025 3727 2116 3771 an
2148 3727 2188 3770 a
2221 3718 2500 3798 peracta
2531 3695 2717 3769 caede
2758 3723 2864 3769 re-

779 3811 1057 3884 ferentis
1085 3812 1397 3908 gladium
1425 3814 1732 3886 mulieris
1753 3815 1962 3888 fuisse
1989 3812 2417 3888 discursum?
2439 3840 2529 3886 an
2553 3812 2688 3884 hoc
2704 3838 2866 3911 quo·

780 3952 917 4023 que
955 3926 1132 3997 inter
1164 3948 1338 3999 artes
1374 3955 1711 4019 novercae,
1742 3950 1822 4002 ut
1851 3929 2182 4004 omnibus
2210 3926 2477 3999 sceleris
2510 3925 2620 3998 sui
2652 3925 2866 4025 parti·

780 4041 915 4112 bus
958 4041 1212 4112 sensim
1259 4044 1629 4142 quieteque
1673 4043 2011 4142 dispositis
2038 4100 2057 4132 ‚
2101 4043 2248 4142 ipsa
2295 4040 2384 4113 ad
2435 4040 2863 4112 excitandam

780 4155 1119 4227 familiam
1164 4157 1397 4229 fecerit
1438 4158 1836 4257 strepitum,
1876 4157 1989 4229 cui
2031 4156 2163 4228 hoc
2202 4156 2432 4228 solum
2476 4175 2863 4253 supererat,

783 4287 863 4343 ut
896 4271 991 4345 sic
1029 4271 1489 4347 inveniretur?
1523 4278 1777 4372 Fragor
1817 4299 1958 4372 quo
2001 4272 2269 4346 familia
2317 4272 2600 4344 excitata
2639 4291 2775 4358 est,
2809 4268 2867 4341 si
