3200 5117
848 575 925 640 18
1341 573 1434 636 M.
1482 573 1732 637 FABII
1777 573 2417 655 QUINTILIANI

838 696 927 769 ris
956 695 1171 768 oculis
1202 715 1478 767 vetaret.
1516 694 1843 767 Invenisti
1875 695 2072 793 pium
2108 717 2178 768 et
2209 695 2538 769 devotum
2572 697 2778 768 unico
2812 723 2925 770 se-

836 839 1036 903 nem,
1071 833 1137 884 et
1161 812 1247 883 de
1276 812 1607 884 omnibus
1637 812 1947 912 conjugis
1972 811 2073 883 tui
2100 813 2472 910 desperasti
2499 814 2589 885 ob
2613 814 2686 884 id
2710 814 2926 885 affec·

836 928 1042 999 tibus,
1100 927 1534 998 Miserrimus
1584 946 1685 997 est
1740 927 2025 998 maritus
2084 928 2396 1028 quisquis
2449 929 2723 1001 inducit
2780 929 2924 1001 filio

834 1067 1228 1130 novercam,
1285 1040 1473 1137 quod
1525 1041 1716 1112 uxori
1768 1067 1910 1111 non
1962 1041 2231 1112 videtur
2286 1068 2484 1140 posse
2544 1063 2922 1140 utrumque

832 1183 1090 1229 amare.
1119 1156 1373 1245 Quaero
1406 1156 1610 1255 igitur
1643 1178 1802 1227 ante
1833 1156 2100 1246 omnia,
2133 1157 2254 1228 ubi
2288 1159 2548 1229 occisus
2579 1180 2679 1230 est
2702 1159 2922 1230 mari-

830 1272 978 1346 tus?
1016 1272 1086 1341 in
1125 1269 1449 1342 cubiculo
1484 1296 1650 1341 suo:
1695 1270 1826 1340 hoc
1862 1269 2072 1368 paulo
2116 1291 2275 1342 ante
2317 1271 2630 1371 privigno
2671 1271 2920 1343 defen-

828 1384 1147 1457 dendum
1198 1409 1341 1454 non
1388 1383 1543 1455 fuit.
1590 1383 1876 1456 Occisus
1919 1405 2019 1455 est
2061 1384 2130 1455 in
2176 1384 2506 1456 cubiculo
2540 1411 2784 1457 senex:
2828 1385 2920 1455 ita

828 1500 942 1573 ille
993 1525 1349 1599 percussor
1390 1525 1534 1571 non
1585 1498 1820 1570 timuit
1863 1498 2186 1571 uxorem?
2229 1499 2519 1571 Audeo¹
2574 1521 2916 1572 secretum

827 1617 1267 1716 nuptiarum,
1293 1638 1362 1689 et
1386 1616 1911 1689 matrimonialis
1936 1615 2162 1688 lectuli
2187 1617 2633 1689 solitudinem
2662 1618 2916 1690 occisu—

828 1760 943 1804 rus
974 1731 1254 1804 intrare.
1285 1732 1521 1820 Quem
1552 1730 1900 1829 quaeram?
1929 1729 2048 1801 ubi
2079 1730 2491 1828 relinquitur
2513 1732 2802 1803 maritus
2826 1732 2916 1804 ab

825 1870 1033 1917 uxore
1080 1843 1451 1916 innocens?
1486 1847 1775 1916 Noctem
1815 1865 2046 1915 autem
2089 1845 2177 1915 ad
2216 1846 2440 1918 scelus
2481 1846 2636 1944 quis
2677 1845 2921 1945 elegit?

819 1964 969 2035 Nox
1000 1984 1204 2035 tuum
1235 1981 1512 2060 tempus
1543 1980 1683 2031 est:
1715 1960 1884 2057 quid
1911 1960 1964 2031 si
1990 1962 2248 2031 accedit
2275 1962 2439 2034 huic
2468 1962 2674 2035 etiam
2702 1962 2920 2035 scele-

821 2078 917 2149 ris
950 2075 1246 2148 occasio?
1272 2079 1433 2146 Non
1468 2075 1701 2144 venire
1735 2072 1943 2145 debes
1972 2074 2057 2145 ad
2089 2096 2423 2145 secretam
2460 2076 2713 2147 domus
2747 2103 2918 2174 par—

819 2212 994 2280 tem,
1024 2214 1153 2260 nec
1179 2208 1318 2259 tota
1342 2187 1467 2258 tibi
1499 2188 1859 2285 penatium
1893 2213 2079 2258 sacra
2109 2188 2550 2286 peragenda²
2584 2211 2768 2262 sunt.
2797 2192 2914 2263 Tu

821 2330 967 2375 non
996 2301 1252 2399 cogitas
1287 2299 1890 2397 quemadmodum
1924 2327 2254 2400 suspensa
2294 2329 2512 2374 manu
2542 2325 2914 2378 sonantem

820 2417 1081 2489 blande
1111 2415 1469 2487 cardinem
1500 2414 1758 2485 flectas.
1792 2418 1988 2487 Jaces
2023 2415 2410 2487 secundum
2441 2417 2920 2508 occasionem,

820 2553 887 2605 et
914 2529 1308 2631 expeditum
1338 2529 1459 2600 tibi
1487 2528 1559 2599 in
1591 2529 1901 2628 proximo
1931 2530 2200 2602 facinus
2225 2553 2342 2603 est.
2374 2534 2530 2603 Non
2562 2532 2791 2620 times,
2817 2560 2919 2606 ne

817 2648 972 2747 quis
1018 2644 1512 2745 deprehendat.
1560 2645 1698 2742 Ipsi
1741 2672 2020 2743 quoque
2065 2647 2313 2718 servuli
2357 2647 2628 2744 longius
2671 2649 2913 2746 quies-

819 2783 1018 2851 cunt,
1061 2781 1128 2832 et
1175 2780 1525 2859 praestatur
1561 2759 1822 2857 grande
1858 2779 2197 2831 secretum
2232 2759 2479 2859 genio³
2517 2761 2647 2833 loci
2685 2790 2701 2832 :
2744 2763 2917 2834 tibi·-

817 2903 954 2976 que
978 2877 1177 2947 ferire
1207 2902 1430 2974 quum
1457 2874 1655 2963 veli5‚
1675 2875 1841 2946 scire
1862 2901 1953 2947 an
1975 2874 2272 2947 dormiat
2296 2876 2468 2947 licet.
2497 2879 2650 2949 Nox
2673 2898 2742 2950 et
2768 2879 2918 2950 fer-

821 3016 1012 3081 rum,
1038 3012 1104 3063 et
1124 3016 1405 3062 securus
1440 2991 1727 3062 maritus
1744 3047 1762 3079 ‚
1798 2988 2138 3089 quidnam
2169 2990 2296 3061 isto
2326 2989 2723 3063 delicatius⁴
2749 3018 2916 3064 sce-

893 3172 938 3203 ι.
972 3151 1165 3202 Audeo.
1204 3149 1297 3201 Est
1329 3148 1669 3203 concedentis
1707 3151 1813 3201 ita:

1897 3158 2005 3212 alto
2022 3159 2227 3211 silentio
2241 3159 2493 3229 gaudent.
2513 3159 2642 3211 Loci
2664 3176 2826 3210 causa
2851 3159 2918 3211 fit

818 3249 959 3301 pone
984 3248 1065 3279 me
1091 3226 1285 3279 audere
1308 3229 1502 3280 intrare
1528 3243 1816 3294 secretum,

1896 3237 2095 3307 grande
2135 3252 2423 3303 secretum,
2467 3238 2679 3289 remotis
2717 3240 2913 3290 servis.

816 3326 955 3376 αα,
986 3329 1052 3362 eo
1086 3312 1293 3374 animo,
1328 3324 1383 3360 ut
1417 3309 1688 3373 occidam3
1723 3309 1818 3361 sed

818 3411 976 3465 quern
1001 3393 1259 3461 quaeram?
1281 3404 1380 3442 etc.

890 3488 917 3521 a
926 3510 937 3520 .
946 3470 1076 3521 Tota
1084 3470 1352 3539 penatium
1361 3484 1502 3520 sacra
1510 3469 1823 3542 peragenda.

816 3551 974 3606 ovid.
993 3588 1009 3615 ,
1036 3550 1153 3602 xm
1171 3551 1455 3613 Μάκαρ.
1480 3549 1614 3600 618:
1650 3550 1821 3619 Quum

817 3629 896 3683 sol
923 3629 1161 3681 duodena
1185 3627 1385 3697 peregit
1403 3627 1562 3697 siqua.
1589 3627 1757 3681 Gaou.

892 3710 940 3761 3.
980 3707 1187 3760 Grande
1215 3718 1459 3759 secretum
1489 3708 1664 3779 genio.
1700 3712 1819 3762 Hac

816 3792 988 3843 ironia
1011 3803 1088 3841 est
1116 3788 1467 3840 acerbissima.
1495 3789 1706 3841 Grande
1732 3809 1819 3843 se-

815 3884 1018 3924 eretum
1042 3873 1108 3923 sit
1130 3871 1184 3920 in
1207 3868 1465 3921 honorem
1486 3872 1635 3942 quasi
1651 3873 1819 3941 genii,

816 3954 911 4024 qui
934 3969 1122 4023 praeses
1143 3950 1267 4002 lecti
1286 3963 1340 4002 et
1363 3968 1676 4002 arcanorum
1697 3954 1814 4004 tori.

815 4030 1024 4085 Scilicet
1058 4047 1223 4101 quum
1257 4030 1456 4081 Genius
1494 4026 1577 4081 his
1614 4032 1818 4084 arcanis

813 4108 1125 4171 delectetur,
1147 4107 1303 4158 etism
1330 4104 1472 4157 istud
1499 4107 1704 4160 facinus
1732 4128 1817 4160 se-

813 4198 1018 4240 cretum
1039 4183 1181 4236 illius
1194 4201 1354 4235 causa
1370 4197 1706 4254 susceptum:
1732 4188 1813 4238 vel

817 4275 1152 4316 removentur
1170 4262 1330 4324 servi,
1350 4262 1471 4334 quis
1497 4281 1689 4316 ereans
1711 4268 1815 4317 tori

1897 3317 1989 3369 Est
2003 3331 2178 3368 autem
2190 3315 2388 3368 Genius
2402 3316 2654 3368 naturalis
2668 3316 2749 3367 vel
2765 3314 2884 3368 loci
2894 3355 2918 3384 ,

1898 3397 1980 3449 vel
2004 3399 2104 3461 rei,
2123 3396 2202 3448 vel
2225 3396 2454 3448 hominis
2475 3398 2733 3467 cujusque
2757 3398 2916 3450 Dens

1898 3490 1952 3528 et
1978 3477 2043 3527 ab
2068 3489 2188 3527 ortu
2211 3489 2404 3528 custos.
2426 3475 2557 3526 Vide
2584 3475 2804 3526 Censor.
2840 3475 2919 3529 de

1900 3556 1986 3609 die
2004 3556 2194 3618 natal„
2219 3577 2266 3608 c.
2291 3558 2342 3610 3.

1970 3635 2023 3700 4.
2060 3634 2342 3686 ΒεΙίοαεὶω
2368 3633 2568 3687 scelere.
2603 3632 2919 3690 Delicatum

1896 3713 2068 3765 scelus
2108 3713 2346 3783 explico,
2379 3711 2525 3783 quod
2565 3714 2676 3764 otio
2708 3730 2812 3765 suo
2855 3728 2920 3767 et

1895 3789 2174 3844 commode
2201 3792 2401 3862 peregit
2431 3807 2610 3854 anor,
2633 3803 2688 3841 et
2717 3793 2918 3845 onnia

1896 3874 1967 3923 its
1990 3874 2291 3944 composuit
2311 3885 2364 3925 et
2387 3871 2678 3934 simulavit,
2701 3885 2762 3924 ut
2783 3873 2922 3926 nul—

1894 3953 1977 4005 lus
2001 3954 2283 4018 tumultus,
2306 3953 2451 4006 nulla
2471 3971 2567 4024 per
2583 3952 2724 4005 edes
2739 3953 2920 4007 tur-bn

1895 4031 2191 4097 audiretur,
2214 4031 2309 4084 sed
2331 4033 2403 4083 ita
2425 4032 2481 4082 in
2501 4030 2710 4083 sile-tio
2731 4045 2786 4083 et
2815 4050 2921 4085 se·—

1893 4127 2045 4165 creto
2066 4114 2282 4167 maritus
2303 4115 2539 4177 occisus,
2565 4124 2627 4164 ut
2651 4130 2763 4164 aon
2791 4117 2926 4166 sci-

1893 4205 2012 4242 rent
2031 4192 2333 4258 ‹lo-ostici,
2359 4192 2457 4244 nisi
2480 4209 2645 4262 quun
2668 4189 2928 4244 volun-it

1893 4287 2045 4321 uxor.
