3200 5117
699 546 814 609 188
1197 546 1291 606 M.
1339 544 1589 609 FABII
1636 542 2268 641 QUINT1L1.AN1

690 667 901 766 perit!
949 667 1167 765 Igitur
1207 666 1493 764 quando
1536 692 1885 764 umquam
1926 665 2343 763 peregrinati
2382 686 2545 739 sunt
2590 692 2731 737 una
2758 725 2779 759 ,

687 786 1068 856 militavere
1099 782 1399 883 pariter?
1443 783 1617 881 quid
1656 808 1798 855 non
1832 783 2092 855 diducti
2124 782 2552 881 separatique
2589 784 2780 855 fece-

690 900 900 973 runt?
940 900 1222 999 quando
1266 899 1423 971 illos
1465 899 1805 997 languor,
1849 898 2132 995 quando
2166 924 2490 996 suprema
2532 898 2781 997 junxe—

690 1016 896 1087 runt?
938 1036 1002 1085 et
1042 1014 1465 1113 quandoque
1506 1013 1592 1087 sit
1638 1039 1908 1086 necesse
1952 1033 2052 1083 est
2094 1012 2325 1101 aliter,
2370 1038 2448 1082 ex
2482 1010 2780 1109 geminis

690 1130 879 1228 quod
918 1130 1170 1228 pariter
1196 1129 1658 1226 languerunt,
1705 1154 1848 1201 non
1880 1127 1973 1199 sic
2004 1126 2246 1198 accidit
2268 1126 2624 1224 quomodo
2649 1127 2781 1197 fra·

690 1248 942 1335 tribus,
970 1247 1085 1316 sed
1114 1243 1470 1342 quomodo
1496 1243 1797 1317 duobus.
1822 1246 1981 1315 Non
2013 1243 2257 1315 eodem
2284 1244 2422 1314 fato
2439 1243 2781 1345 ‘languere

692 1363 1037 1459 geminos,
1064 1359 1670 1459 quemadmodum
1696 1358 1902 1431 vultis
1926 1360 2197 1432 brevius
2216 1359 2503 1459 probem
2521 1416 2540 1448 ‚
2567 1386 2780 1457 quam

690 1478 880 1576 quod
906 1506 1033 1549 nec
1066 1499 1355 1576 uterque
1377 1477 1636 1548 occisus
1666 1497 1802 1566 est,
1827 1503 1955 1548 nec
1985 1497 2274 1574 uterque
2306 1474 2633 1552 sanatus?
2661 1474 2782 1548 sed

692 1598 1042 1691 fingamus
1067 1594 1198 1666 hoc
1228 1621 1367 1666 esse
1396 1621 1639 1666 verum
1660 1652 1682 1684 ,
1709 1593 1900 1692 quod
1929 1595 2462 1695 desperaverunt
2489 1592 2779 1665 medici:

693 1709 1006 1807 relinque
1056 1709 1292 1798 nobis,
1333 1729 1545 1807 pater,
1594 1709 2068 1781 innocentiam
2120 1707 2551 1794 calamitatis»,
2599 1708 2784 1781 salva

690 1824 928 1894 solatia
964 1823 1096 1895 sint
1134 1823 1219 1894 de
1255 1823 1519 1911 liberis,
1554 1814 1732 1922 quos
1763 1824 1885 1895 tibi
1918 1824 2163 1895 videris
2195 1851 2337 1894 non
2373 1823 2778 1922 perdidisse,

691 1940 821 2014 nisi
858 1941 1019 2010 fato,
1055 1940 1237 2028 Quis
1278 1968 1359 2012 ex
1391 1940 1795 2039 parentibus
1829 1939 2047 2011 nescit
2084 1940 2213 2011 hac
2246 1966 2316 2011 se
2350 1938 2782 2013 mortalitatis

693 2082 1050 2153 procreare
1101 2054 1316 2153 lege?
1381 2054 1499 2126 sed
1549 2055 1822 2154 indigni
1881 2055 2096 2126 exitus
2148 2081 2357 2152 supra
2410 2054 2779 2127 orbitatem

694 2190 895 2239 sunt:
936 2170 1091 2239 ideo
1127 2170 1347 2267 magis
1395 2169 1646 2243 flemus
1691 2170 1881 2258 illos,
1917 2195 2088 2266 quos
2131 2169 2315 2240 bella
2360 2190 2779 2267 rapuerunt,

694 2283 921 2352 hausit
956 2282 1391 2372 incendium,
1430 2284 1802 2383 naufragia
1841 2306 2248 2354 merserunt.
2295 2284 2569 2355 Fortius
2606 2285 2781 2354 feras

694 2399 869 2468 inter
897 2399 1345 2471 assidentium
1373 2427 1651 2490 manus,
1680 2400 1857 2471 inter
1880 2428 2166 2479 suorum
2193 2401 2422 2472 officia
2447 2400 2779 2490 labentes,

693 2542 916 2611 quum
950 2541 1020 2585 se
1055 2514 1350 2585 invicem
1383 2514 1655 2606 oscula,
1690 2542 1914 2615 quum
1946 2542 2015 2587 se
2046 2517 2368 2587 satiavere
2401 2538 2777 2605 sermones,

692 2656 921 2727 quum
947 2630 1103 2699 data
1128 2657 1454 2727 suprema
1480 2631 1807 2704 mandata
1832 2652 2026 2720 sunt,
2062 2653 2127 2701 et
2153 2659 2222 2703 se
2248 2631 2374 2702 scit
2398 2630 2781 2729 pietasom·

694 2743 815 2813 nia
857 2744 1092 2814 fecisse
1138 2771 1259 2842 pro
1293 2745 1426 2816 vita
1464 2773 1478 2816 :
1515 2745 1731 2844 igitur
1760 2770 2004 2818 verum
2042 2746 2326 2817 dixerim
2351 2803 2369 2836 ,
2406 2744 2561 2817 illos
2600 2745 2777 2817 mori

695 2857 1078 2949 credimus,
1115 2859 1243 2930 hos
1276 2860 1525 2959 perire.

812 2976 999 3047 XIV.
1066 2979 1226 3049 Non
1278 2977 1553 3051 invenio
1605 2978 2207 3077 quemadmodum
2261 2976 2780 3050 excusationem

695 3112 885 3189 pater
926 3093 1014 3164 de
1050 3120 1390 3167 consensu
1422 3092 1639 3195 possit
1668 3095 1977 3192 accipere
2012 3094 2481 3169 medicorum:
2521 3093 2651 3164 hoc
2679 3111 2783 3167 est

693 3209 883 3306 quod
920 3236 1208 3281 omnem
1255 3206 1840 3308 comparationem
1887 3211 2163 3281 feritatis
2206 3209 2505 3281 excedit:
2552 3208 2776 3283 filium

695 3345 887 3422 pater
931 3346 1208 3423 propter
1253 3325 1656 3414 hominem,
1702 3351 1914 3423 quem
1953 3353 2098 3399 non
2139 3325 2404 3424 putavit
2437 3350 2633 3423 posse
2666 3348 2779 3393 sa·-

693 3439 879 3527 nari,
920 3441 1177 3513 occidit
1211 3469 1223 3511 :
1275 3441 1459 3540 quod
1507 3462 1583 3513 tu
1619 3442 1904 3513 monstri
1941 3441 2374 3540 portentique
2410 3466 2634 3538 genus
2665 3438 2782 3510 es?

695 3552 907 3624 habes
932 3552 1749 3656 parricidiipatientiam,
1784 3583 1926 3627 non
1949 3555 2159 3626 habes
2178 3554 2481 3626 orbitatis
2510 3582 2523 3625 :
2557 3554 2650 3625 ita
2667 3553 2782 3623 de-

694 3696 894 3739 mum
932 3691 1121 3766 potes
1155 3673 1331 3742 ferre
1367 3671 1491 3741 filii
1521 3692 1856 3760 mortem,
1900 3672 1954 3743 si
1988 3671 2256 3745 facinus
2285 3668 2621 3769 adjeceris
2646 3667 2673 3738 ?
2700 3687 2776 3741 tu

694 3781 945 3853 occidis
968 3840 987 3871 ,
1022 3784 1188 3882 quia
1217 3785 1656 3885 desperavere
1691 3785 1986 3858 medici?
2020 3787 2364 3877 Quererer
2392 3781 2734 3855 mehercle
2759 3837 2776 3870 ,

695 4042 952 4098 quantum
976 4029 1279 4098 bominum,
1306 4046 1510 4103 quanta
1532 4033 1692 4086 turba
1772 4046 1912 4102 erat,
1930 4047 2182 4108 quantum
2208 4025 2482 4086 homimem
2495 4055 2515 4094 ‚·
2532 4030 2776 4087 utCaml·

694 4108 956 4172 noscitur,
989 4122 1039 4160 et
1078 4110 1216 4178 perit
1254 4111 1409 4165 simul
1434 4113 1573 4163 inter
1601 4111 1693 4164 illa
1773 4134 1929 4167 earm.
1958 4118 2007 4169 3.
2048 4116 2256 4170 Mallem
2290 4132 2443 4181 vero,
2475 4134 2600 4166 eum
2630 4115 2776 4165 Oxo-

692 4202 985 4253 momenta,
1022 4190 1222 4243 scilice·
1258 4194 1411 4264 primi
1453 4194 1692 4251 §neumis
1773 4199 1944 4249 niensi
1983 4197 2242 4250 editione:
2281 4197 2629 4263 «Quantum-0
2669 4203 2772 4253 ἐκ·

693 4287 754 4320 en
776 4285 925 4322 utero
943 4274 1140 4343 matris,
1159 4287 1208 4327 et
1222 4272 1461 4328 secundi.
1484 4272 1692 4328 Plenius
1780 4290 1806 4321 ι·
1824 4279 2072 4345 tuascitor,
2099 4290 2351 4350 quantum
2375 4275 2557 4347 perit-¹·
2581 4272 2752 4325 20⁸¹·
