3200 5117
764 554 877 634 184‘
1120 602 1130 610 .
1259 552 1351 614 M.
1403 552 1650 615 FABII
1699 550 2331 634 QUINTILIANI

757 695 1021 771 partem
1058 675 1329 773 generis
1366 673 1687 761 humani3
1723 695 1791 744 et
1812 674 1864 745 si
1902 700 2015 744 me
2046 674 2456 771 interroges,
2496 672 2691 743 illam
2725 698 2841 744 ro·-

752 791 1175 877 bustiorcm,
1215 788 1405 859 illam
1438 788 1669 858 adhuc
1704 788 1772 858 in
1820 787 2047 886 prima
2086 814 2317 857 rerum
2355 808 2616 857 naturae
2657 787 2840 858 veri-

752 924 885 973 tate
924 904 1299 991 viventem,
1345 902 1572 972 nullos
1611 901 1776 972 artis
1821 901 2029 1000 hujus
2061 900 2248 975 novit
2290 901 2616 972 antistites
2650 929 2663 971 :
2712 928 2839 973 nee

752 1019 987 1089 minus
1012 1040 1246 1089 tamen
1277 1018 1620 1088 bellorum
1652 1017 2085 1088 vulneribus.
2113 1016 2674 1114 morborumque
2700 1044 2842 1086 me·

755 1135 958 1203 detur
996 1131 1420 1219 incursibus,
1458 1158 1599 1202 non
1636 1131 2185 1228 disputationum
2228 1131 2523 1201 vanitate
2573 1129 2839 1219 solerti,

755 1249 873 1320 sed
905 1248 1423 1346 experimentis:
1453 1269 1519 1317 et
1540 1247 1831 1318 invicem
1863 1274 1985 1345 per
2013 1247 2271 1317 similes
2293 1262 2307 1290 ¹
2338 1247 2840 1346 dissimilesque

754 1392 947 1435 casus
989 1363 1463 1435 observatione
1521 1361 1850 1448 ducente,
1887 1362 2131 1432 tradita
2167 1362 2430 1433 ratione
2471 1364 2836 1433 succurrit:

756 1507 899 1549 non
932 1478 1281 1548 medicina
1303 1499 1526 1563 sanat,
1558 1477 1678 1547 sed
1703 1476 2050 1574 quidquid
2074 1477 2345 1548 videtur
2368 1503 2671 1565 sanasse,
2694 1505 2843 1549 me-

758 1596 984 1667 dicina
1020 1619 1138 1666 est.

850 1711 937 1781 X.
992 1712 1156 1801 Quo
1206 1710 1406 1782 vultis
1452 1709 1691 1780 animo
1739 1711 1999 1797 feram,
2050 1711 2238 1806 quod
2288 1737 2439 1797 ars,
2493 1732 2839 1807 quantum

754 1828 1016 1915 dicitis,
1071 1828 1351 1898 inventa
1396 1854 1518 1924 pro
1565 1827 1733 1914 vita,
1783 1827 1837 1897 si
1882 1826 2013 1897 diis
2059 1827 2319 1926 placet,
2367 1828 2838 1898 auctoritatem

750 1945 1191 2042 formamque
1227 1964 1485 2042 captat,
1532 1965 1608 2014 ut
1649 1944 1852 2039 longe
1887 1964 2174 2014 ventura
2209 1970 2531 2041 suprema
2577 1942 2842 2041 prospi-

753 2060 940 2131 ciat?
981 2082 1061 2130 ut
1093 2059 1331 2130 adesse
1364 2060 1502 2131 fata
1548 2059 1948 2147 denuntiet,
1997 2087 2150 2157 quae
2194 2087 2322 2131 nec
2353 2059 2732 2130 timentur?
2776 2080 2843 2130 et

754 2175 1059 2247 maxima
1112 2174 1411 2246 scientiae
1460 2201 1616 2271 pars
1669 2200 1811 2245 esse
1862 2176 2094 2273 coepit,
2144 2202 2381 2249 sanare
2429 2202 2572 2246 non
2625 2201 2838 2273 posse.

756 2290 1249 2386 Quisquamne
1285 2289 1374 2359 ab
1410 2289 1740 2375 homine,
1790 2288 1909 2386 qui
1945 2290 2176 2359 adhuc
2215 2289 2560 2385 loquitur,
2596 2289 2841 2387 spirat,

757 2404 1111 2501 intelligit,
1143 2404 1237 2474 sic
1275 2404 1573 2492 recedet,
1605 2404 2213 2501 quemadmodum
2251 2404 2670 2502 relinquitur
2700 2429 2845 2475 exa·

756 2519 952 2589 nime
1009 2518 1300 2617 corpus?
1348 2539 1414 2589 et
1456 2519 1552 2590 ibi
1611 2519 1826 2588 finem
1871 2519 2021 2587 vitae
2075 2518 2383 2616 putabit,
2443 2517 2844 2614 ubicunque

759 2636 1063 2705 scientiae
1096 2635 1465 2706 substiterit
1495 2634 1900 2705 infirmitas?
1928 2634 1980 2706 si
2016 2635 2454 2731 fragilitatem
2485 2632 2848 2705 mortalita-

760 2749 881 2838 tiS,
929 2749 1362 2848 incertosque
1404 2748 1698 2819 velimus
1743 2748 2074 2821 aestimare
2120 2774 2345 2835 casus,
2405 2746 2841 2818 tantumdem

757 2865 1041 2962 periculi
1081 2865 1293 2936 habet
1328 2865 1558 2935 omnis
1588 2888 1786 2961 aeger.
1832 2862 2359 2958 hiiquissimum
2395 2883 2495 2934 est
2521 2863 2842 2961 despera-

757 2981 978 3052 tiones
1001 2982 1262 3070 vocari,
1289 2982 1553 3079 quoties
1582 2978 1969 3051 remedium
1998 2979 2348 3050 medicina
2378 3006 2518 3050 non
2551 2977 2842 3065 invenit3

761 3117 827 3167 et
859 3098 1210 3193 angustias
1246 3096 1380 3167 sive
1415 3097 1576 3167 artis
1604 3150 1622 3183 ,
1671 3093 1808 3164 sive
1843 3093 2091 3163 mentis
2130 3094 2494 3183 humanae,
2539 3092 2625 3163 ad
2661 3092 2845 3162 invi-

762 3212 949 3284 diam
978 3228 1003 3256 2
1036 3215 1285 3284 referre
1323 3214 1626 3283 fatorum
1661 3238 1673 3278 :
1714 3208 1881 3279 nihil
1915 3210 2133 3307 magis
2166 3211 2489 3280 interesse
2520 3210 2844 3280 omnium

760 3350 931 3424 puto
951 3384 967 3413 ‚
996 3355 1209 3426 quam
1240 3349 1318 3397 ut
1340 3352 1493 3424 spes
1520 3353 1643 3424 pro
1670 3324 1955 3394 homine
1988 3327 2128 3395 tam
2160 3323 2368 3421 longa
2387 3382 2405 3413 ,
2437 3350 2651 3420 quam
2677 3323 2804 3393 vita
2824 3379 2844 3410 ,

760 3443 864 3514 sit.
912 3442 1114 3514 Unde
1151 3444 1406 3541 putatis
1441 3442 1750 3513 inventos
1787 3442 2014 3511 tardos
2057 3443 2386 3512 funerum
2423 3436 2849 3539 apparatus?

763 3558 985 3645 unde,
1021 3558 1209 3656 quod
1245 3558 1595 3657 exsequias
1642 3556 2068 3655 planctibUS,
2109 3558 2374 3654 ploratu
2397 3612 2413 3645 ‚
2448 3579 2846 3655 magnoque

760 3699 1035 3770 semper
1085 3673 1549 3770 inquietamus
1595 3674 1903 3765 ululatu,
1961 3700 2175 3772 quam
2209 3671 2397 3770 quod
2430 3670 2697 3763 faci-nus
2742 3669 2849 3738 vi-

762 3788 960 3858 detur
1002 3789 1273 3860 credere
1310 3812 1452 3860 tam
1487 3789 1683 3861 facile
1716 3792 1819 3862 vel
1857 3789 2106 3861 morti?
2137 3788 2438 3859 vidimus
2473 3785 2681 3884 igitur
2710 3786 2849 3855 fre-

839 3961 879 3995 t.
908 3944 1437 4017 Per-similenposset
1454 3947 1668 4019 quidem
1683 3948 1759 3999 le-
1837 3947 1937 4000 dus
1979 3946 2254 4000 medendi:
2274 3946 2380 3999 vid.
2401 3947 2653 3997 Nostrum
2681 3943 2747 3994 ad
2770 3945 2850 3994 ln-

757 4028 843 4094 gi,
886 4027 1060 4077 addita
1096 4030 1307 4080 mtior're.
1346 4031 1498 4080 Ratio
1529 4032 1668 4082 enim
1706 4045 1758 4083 et
1837 4032 1943 4080 stit.
1973 4029 2063 4079 lib.
2090 4030 2197 4091 xl,
2221 4047 2337 4097 cap.
2361 4027 2413 4077 3.

763 4109 1079 4177 experientia
1110 4104 1373 4160 inedienm
1399 4110 1628 4180 perficit:
1669 4110 1763 4164 sed
1917 4130 1964 4162 2.
2001 4110 2089 4161 Ad
2129 4109 2400 4161 invidiam.
2443 4109 2576 4158 Fata
2615 4107 2671 4156 in
2713 4105 2848 4154 invi-

762 4186 950 4237 tradita
998 4188 1156 4253 mtio,
1210 4201 1288 4239 est
1327 4189 1620 4258 majoribus
1665 4210 1764 4262 per
1843 4192 1983 4245 diam
2016 4205 2068 4244 et
2101 4191 2279 4243 odium
2306 4188 2597 4253 adducere,
2627 4204 2739 4256 que
2774 4186 2849 4236 ita

762 4286 949 4320 manus
969 4267 1165 4320 tradita
1190 4268 1466 4341 disciplina
1486 4283 1539 4323 et
1557 4270 1763 4324 metho-
1843 4271 2159 4327 insanabiles
2188 4270 2450 4323 inducunt
2469 4269 2703 4323 morbos.
