3200 5117
777 564 900 628 326
1274 561 1366 623 M.
1415 560 1665 623 FABII
1710 559 2348 641 QUINTILIAM

773 688 960 776 odit,
1000 688 1083 758 de
1124 713 1357 757 amore
1398 686 1608 756 miser
1638 706 1777 755 est:
1826 712 1967 755 non
2000 685 2203 757 refert
2241 683 2502 773 animi,
2543 684 2715 782 quid
2759 686 2859 755 ni·

775 802 1001 873 mium
1032 800 1198 871 velis
1223 856 1240 886 ‚
1274 822 1341 870 et
1370 801 1545 870 inter
1575 799 1934 871 sanitatem
1965 798 2513 896 languoremque
2542 799 2722 870 nihil
2756 799 2862 869 in-

775 938 1008 1007 terest,
1041 918 1094 986 si
1129 937 1501 1013 utrumque
1531 918 1704 986 ferre
1735 942 1876 986 non
1909 917 2155 1014 possis:
2192 917 2437 984 frustra
2467 915 2643 985 mihi
2676 915 2862 1010 quis-

776 1061 991 1131 quam
1015 1034 1375 1104 blanditur
1395 1033 1733 1121 remedio,
1754 1032 1949 1132 eujus
1970 1034 2189 1129 patior
2202 1054 2574 1121 tormenta,
2601 1032 2863 1103 crucia-

775 1171 904 1220 tus:
921 1149 1113 1221 aliud
1133 1170 1252 1237 est,
1268 1170 1341 1219 ut
1357 1176 1586 1220 amare
1599 1149 1894 1236 desinas,
1914 1149 2127 1237 aliud,
2144 1171 2217 1219 ut
2231 1147 2858 1219 oderiS.Reeessisse

775 1290 966 1335 nunc
1006 1291 1117 1334 me
1152 1285 1419 1334 tantum
1463 1265 1718 1362 putatis
1752 1265 1841 1334 ab
1880 1291 2112 1334 amore
2148 1263 2561 1335 meretricis?
2598 1262 2857 1335 ablatus

777 1402 873 1452 est
919 1380 1094 1450 rnihi
1150 1381 1265 1451 ille
1317 1380 1626 1450 hominis
1675 1379 1917 1451 melior
1962 1380 2282 1468 affectus3
2335 1380 2601 1477 perdidi
2654 1379 2860 1449 miser

779 1495 1122 1594 quidquid
1153 1516 1288 1584 est,
1326 1494 1513 1565 unde
1541 1495 1881 1592 gaudium
1903 1554 1920 1584 ,
1953 1495 2140 1566 unde
2170 1494 2359 1565 venit
2390 1495 2537 1565 vitae
2570 1515 2709 1565 tota
2742 1494 2857 1564 lae-

774 1613 950 1683 titia.
979 1615 1195 1682 Amor
1227 1610 1375 1699 ille,
1405 1638 1525 1709 per
1549 1639 1758 1709 quem
1789 1638 2019 1682 rerum
2051 1633 2310 1681 naturae
2345 1637 2533 1681 sacra
2562 1610 2858 1708 primor-

778 1729 890 1797 dia
914 1786 932 1817 ,
984 1728 1326 1824 totiusque
1370 1727 1617 1797 mundi
1670 1727 2015 1797 elementa
2062 1747 2455 1814 creverunt,
2505 1725 2623 1820 qui
2674 1745 2862 1796 tenet

776 1870 968 1914 nune
1006 1841 1287 1940 figitque
1319 1842 1643 1931 rixantia,
1676 1865 1741 1913 et
1772 1844 1857 1914 de
1888 1843 2242 1914 contrariis
2273 1841 2864 1940 depugnantibus-

777 1985 914 2054 que
957 1959 1339 2028 seminibus
1388 1959 1647 2029 molem
1698 1979 2040 2056 perpetuae
2100 1958 2435 2028 societatis
2488 1956 2858 2045 animavit,

774 2076 1054 2168 fugatus
1097 2074 1490 2174 ejectusque
1536 2091 1702 2146 est¹.
1754 2079 1909 2146 Non
1954 2076 2175 2145 habeo
2219 2074 2460 2145 infelix
2500 2074 2857 2160 affectum,

777 2216 917 2286 quo
949 2188 1369 2283 quandoque
1396 2189 1651 2286 possim
1683 2188 1933 2259 ducere
1958 2215 2241 2260 uxorem
2262 2246 2280 2276 ,
2313 2213 2542 2258 amare
2570 2186 2818 2256 liberos
2841 2244 2859 2275 ‚

779 2324 1095 2400 appetere
1122 2303 1490 2391 amicitiaS,
1515 2330 1780 2400 sperare
1808 2304 2158 2374 convictus
2184 2332 2198 2374 :
2227 2303 2540 2402 quisquis
2567 2302 2708 2373 odii
2733 2328 2863 2372 me·

781 2419 1258 2489 dieamentum
1290 2418 1572 2506 biberit,
1609 2445 1833 2488 unum
1864 2420 2160 2489 fortassis
2191 2419 2446 2504 oderit,
2482 2418 2601 2489 sed
2631 2444 2859 2488 amare

781 2532 1136 2604 neminem
1163 2553 1403 2629 potest.
1430 2533 1548 2602 Dii
1575 2533 2027 2604 immortales!
2060 2534 2229 2629 quid
2251 2560 2377 2630 ego
2398 2532 2595 2603 hausi
2613 2532 2641 2602 ?
2659 2532 2861 2630 quale

776 2647 1146 2718 visceribus
1171 2647 1355 2717 virus
1389 2647 1735 2742 ingestum
1768 2647 1902 2718 est?
1936 2675 2079 2717 non
2114 2649 2249 2719 fuit
2281 2648 2454 2718 illud
2480 2675 2709 2720 unum
2741 2674 2860 2718 ve-

778 2790 1048 2835 nenum
1079 2790 1092 2832 :
1127 2761 1274 2832 bibi
1311 2763 1520 2832 miser
1552 2763 2025 2834 exsecrationis
2060 2762 2405 2861 quidquid
2439 2764 2645 2835 totius
2673 2791 2859 2835 mor-

775 2879 1049 2952 talitatis
1092 2879 1188 2949 ira
1223 2879 1636 2970 contulerat,
1682 2880 1870 2977 quod
1913 2901 2053 2951 erat
2089 2880 2411 2950 omniurn
2448 2880 2861 2951 animalium

775 2999 992 3085 furor,
1020 2995 1341 3066 omnium
1378 2992 1803 3093 serpentium
1829 3016 2145 3092 congesta
2178 2995 2413 3066 rabies.
2442 2994 2609 3065 Odii
2637 2995 2864 3065 medi-
2904 3045 2907 3048 ι

779 3132 1176 3183 camentum
1211 3111 1381 3208 quid
1415 3109 1605 3181 aliud
1632 3132 1763 3199 est,
1794 3138 2005 3206 quam
2040 3110 2354 3183 assiduus
2387 3109 2598 3181 animi
2634 3108 2857 3200 labor,

777 3250 1106 3328 perpetua
1131 3227 1401 3298 tristitia
1421 3284 1438 3316 ‚
1467 3249 1531 3297 et
1553 3226 1764 3299 horno
1791 3229 1877 3298 ab
1904 3228 2231 3298 omnibus
2249 3241 2273 3272 ²
2302 3226 2568 3326 gaudiis
2593 3226 2668 3296 in
2692 3253 2860 3298 con-

776 3345 1181 3416 tubernium
1214 3343 1467 3413 doloris
1497 3343 1878 3414 adductus?
1906 3344 2086 3415 Fieri
2114 3372 2255 3415 non
2288 3364 2505 3443 potest
2526 3400 2543 3431 ‚
2570 3364 2651 3415 ut
2676 3343 2857 3413 virus

859 3505 899 3536 ι.
921 3488 1219 3558 Ejectmque
1243 3496 1326 3536 est.
1345 3488 1436 3537 Est
1463 3486 1611 3538 deest
1634 3486 1776 3538 Leid.

778 3577 830 3616 et
852 3569 1004 3616 Voss.
1041 3582 1182 3616 omn.
1215 3566 1547 3636 Deiectusque
1570 3576 1656 3615 est.
1687 3569 1775 3618 W.

776 3640 919 3692 Leid.
941 3661 1017 3711 pr.
1041 3641 1168 3694 nihi!
1189 3655 1359 3693 tamen
1383 3657 1545 3693 muto.
1565 3646 1774 3696 Terent.

1856 3487 2059 3559 qaudn't’s
2099 3488 2153 3538 in
2188 3507 2277 3538 cor
2310 3487 2358 3537 d.
2391 3486 2666 3546 abductus5
2690 3497 2748 3535 ut
2771 3483 2856 3535 ab·

1857 3571 2040 3622 ductus
2061 3572 2125 3622 sit
2145 3568 2557 3631 substantivum,
2580 3580 2638 3617 ut
2653 3567 2859 3618 antima

1856 3653 1989 3702 Just.
2021 3671 2069 3702 v.
2098 3651 2331 3720 depastus
2355 3650 2601 3721 sequenti
2623 3647 2853 3701 Declam.

777 3721 912 3770 Eun.
941 3721 1017 3784 ΙΙ,
1051 3737 1067 3769 ι
1096 3741 1105 3768 :
1142 3743 1161 3763 u
1186 3719 1446 3788 Ejicienda
1473 3720 1582 3773 haec
1608 3721 1777 3773 molli·

784 3825 805 3846 κ
827 3804 922 3852 ties
938 3803 1113 3852 animi.
1134 3825 1154 3847 υ
1174 3803 1318 3853 Licet
1338 3804 1548 3872 dejicere
1567 3805 1776 3874 elegans

779 3885 870 3948 sit,
894 3896 944 3934 et
972 3885 1026 3933 in
1050 3881 1199 3934 bellis
1226 3902 1360 3954 saepe
1393 3900 1693 3957 usurpetur,
1724 3899 1775 3938 et

777 3961 1074 4032 ‘rej'fuqatus
1097 3980 1201 4013 non
1225 3962 1359 4014 male
1381 3967 1656 4016 conveniat
1676 3986 1687 4014 :
1707 3966 1777 4015 vi-

778 4043 842 4094 de
871 4042 936 4094 ad
962 4042 1154 4094 Phaedr.
1183 4045 1255 4108 11,
1294 4062 1335 4095 ι.
1364 4047 1528 4098 Bonan.

850 4140 896 4174 2.
919 4123 988 4173 Et
1007 4122 1163 4173 homo
1191 4125 1256 4175 ab
1279 4126 1532 4178 omnibus.
1551 4126 1625 4177 Et
1641 4125 1774 4178 bono

774 4217 822 4255 et
843 4205 908 4254 ab
932 4203 1177 4256 omnibus.
1202 4205 1433 4257 Gronov.
1468 4206 1595 4257 cod.
1628 4205 1773 4258 unde

776 4285 851 4336 Gi.
880 4282 1080 4338 Schult.
1119 4304 1149 4334 a
1190 4286 1321 4338 bono
1346 4299 1396 4336 et
1431 4288 1499 4340 ab
1531 4289 1772 4341 omnibus

1855 3731 1949 3782 Vel
1982 3732 2247 3797 tentabat,
2281 3733 2407 3783 Sum
2440 3730 2594 3782 homo
2631 3732 2726 3792 ab,
2756 3743 2854 3780 etc.

1858 3825 1919 3861 ut
1946 3829 2080 3861 nova
2106 3824 2242 3861 esset
2272 3808 2548 3880 periodus,
2573 3808 2753 3859 similis
2778 3806 2854 3857 lo·

1856 3892 2000 3942 cutio
2021 3893 2074 3941 in
2098 3892 2206 3941 fine
2225 3891 2278 3942 h.
2295 3889 2442 3941 Deci.
2464 3907 2624 3960 quum
2646 3909 2679 3939 a
2702 3885 2855 3940 lumi-

1856 3972 2002 4023 nibus
2046 3985 2137 4023 aut
2179 3974 2387 4023 animus
2427 3970 2714 4022 abducitur.
2754 3968 2857 4019 Ad-

1857 4054 2037 4105 ductus
2062 4067 2137 4104 est
2162 4056 2215 4104 in
2245 4053 2385 4105 Leid.
2411 4071 2520 4104 sec.
2543 4054 2673 4118 Quae
2696 4050 2856 4102 verba

1857 4154 1990 4205 saepe
2004 4137 2301 4205 promiscue
2317 4148 2607 4204 ponuntur.
2622 4130 2752 4183 Vide
2767 4131 2858 4181 Gi-

1852 4213 1959 4264 fan.
1988 4212 2149 4266 Indic.
2174 4214 2379 4264 Lucret.
2416 4225 2467 4264 et
2492 4210 2758 4265 Muncker.
2784 4206 2855 4260 ad

1852 4293 2039 4360 Hygin.
2068 4291 2176 4341 fab.
2202 4291 2333 4341 v111.
2364 4283 2531 4341 Bam-t.
