3200 5117
709 511 789 574 28
1206 495 1296 571 M.
1347 507 1596 571 FABII
1645 509 2281 590 QIJINTILIANI

702 654 1191 706 testamentum
1239 634 1441 730 patris
1488 633 1859 703 accesserit.
1897 632 2271 703 Mulierem
2312 656 2523 729 quam
2575 628 2786 701 credit

706 748 991 818 maritus
1020 746 1321 818 noluisse
1351 768 1615 844 partem
1643 747 1985 817 bonorum
2016 748 2323 843 accipere
2352 773 2471 842 pro
2503 744 2780 830 scelere,

708 887 977 931 necesse
1007 879 1105 930 est
1128 860 1221 930 sic
1254 881 1676 946 remuneret,
1703 881 1780 931 ut
1806 862 2007 930 faciat
2033 859 2381 931 heredem.
2430 861 2495 929 Ο
2527 879 2784 956 quanto

708 976 903 1045 aliter
938 976 1341 1072 probaretur
1375 974 1865 1072 parricidium,
1896 974 2082 1071 quod
2108 974 2260 1073 jam
2298 995 2517 1072 potest
2552 973 2787 1070 depre-

708 1090 956 1161 hendi!
990 1091 1266 1179 Mulier,
1298 1119 1447 1187 quae
1483 1119 1552 1160 se
1588 1091 1858 1160 dicebat
1888 1091 1959 1161 in
1992 1091 2484 1162 conscientiam
2518 1089 2815 1185 sceleris⁴

708 1207 1115 1291 admissam,
1148 1232 1289 1274 non
1320 1205 1450 1276 hoe
1484 1205 1793 1302 primum
1826 1205 2046 1301 exegit
2078 1232 2118 1275 a
2149 1226 2336 1302 patre
2358 1262 2376 1292 ,
2411 1225 2488 1274 ut
2520 1230 2784 1299 quaere-

710 1341 807 1391 ret
849 1321 1003 1415 quis
1046 1342 1342 1419 parasset
1378 1323 1574 1390 Caeco
1604 1347 1988 1408 venenum,
2025 1320 2181 1417 quis
2224 1319 2555 1390 dedisset:
2598 1318 2786 1390 unde

708 1436 1093 1506 maximum
1130 1436 1384 1505 sciebat
1420 1462 1613 1533 posse
1644 1437 1789 1505 fieri
1819 1436 2209 1533 quaestionis
2239 1462 2568 1521 errorem,
2602 1433 2788 1504 insti-

709 1549 871 1637 tuit,
895 1569 969 1620 ut
1003 1549 1904 1649 innocentissimusjuvenis
1932 1550 2460 1647 interrogaretur
2486 1569 2786 1645 repente,

710 1665 936 1736 subito
973 1665 1385 1736 infamatura
1410 1665 1594 1735 velut
1620 1665 2026 1762 deprehensi
2068 1666 2635 1763 trepidationem,
2665 1691 2786 1735 seu

711 1781 1033 1850 tacuisset
1066 1783 1340 1870 Caecus,
1378 1809 1496 1851 seu
1534 1801 1861 1876 negasset.
1896 1781 2254 1852 Adductus
2288 1781 2373 1851 ad
2411 1780 2637 1850 filium
2683 1807 2788 1850 se·-

708 1921 840 1967 nex
865 1897 1286 1996 dixitjnveni
1314 1897 1656 1994 quidquid
1678 1898 2005 1968 audierat.
2030 1895 2783 1996 Nunquam¹,judice3,

710 2030 850 2081 tam
883 2012 1216 2108 simplicis
1239 2010 1649 2081 innocentiae
1677 2012 1807 2081 fuit
1834 2011 2101 2082 facinus
2128 2039 2394 2108 negare.
2432 2013 2589 2081 Non
2620 2031 2790 2081 esset

713 2141 960 2196 ausus²
989 2126 1263 2226 juvenis
1299 2152 1524 2194 eoram
1571 2153 1647 2195 ea
1697 2124 1984 2196 muliere
2020 2126 2335 2212 mentiri,
2372 2152 2523 2222 quae
2558 2124 2791 2222 prodi-

714 2239 847 2322 dit,
890 2258 956 2307 et
997 2239 1187 2308 scivit
1234 2239 1351 2308 ubi
1394 2260 1565 2309 esset
1595 2266 1969 2310 venenum.
2003 2243 2095 2310 Ut
2123 2267 2280 2310 vero
2317 2240 2522 2309 sensit
2556 2239 2789 2309 infelix

713 2353 1075 2422 instantem
1111 2356 1483 2424 Novercam
1502 2409 1519 2439 ,
1543 2352 2179 2450 postulantemque,
2207 2375 2283 2423 ut
2305 2353 2495 2424 sinus
2514 2353 2790 2454 juvenis

713 2466 1209 2564 exquireretur;
1247 2487 1408 2537 tunc
1447 2494 1604 2539 vero
1641 2469 1998 2556 attonitus,
2037 2469 2333 2555 haerenS,
2365 2488 2429 2537 et
2464 2488 2602 2537 tota
2634 2481 2788 2537 ma-

712 2579 940 2649 lorum
964 2607 1246 2651 suorum
1270 2581 1676 2677 cogitatione
1699 2582 2024 2652 confusus
2041 2636 2058 2668 ,
2082 2581 2412 2652 intellexit
2436 2580 2563 2650 hoc
2588 2606 2791 2677 argu-

712 2715 1032 2764 mentum
1067 2695 1213 2793 ejus
1240 2721 1377 2765 esse
1397 2753 1413 2783 ,
1447 2721 1598 2793 quae
1627 2717 1962 2792 parasset,
1996 2717 2070 2766 ut
2094 2717 2316 2793 posset
2340 2694 2784 2792 deprehendi.

714 2805 932 2902 Igitur
958 2834 1239 2905 propere
1261 2864 1278 2895 ,
1300 2809 1589 2879 festinan
1602 2831 1699 2878 ter
1724 2808 1965 2878 omnia
1995 2809 2308 2880 membra
2337 2828 2786 2905 pertractanS,

715 2941 781 2990 et
799 2921 1032 3012 mersis
1056 2922 1126 2991 in
1150 2922 1379 2992 sinum
1406 2922 1759 3009 manibus,
1783 2923 1954 2992 dum
1983 2943 2224 2993 cuncta
2246 2921 2786 3021 suspicionibus,

716 3034 887 3105 dum
927 3056 1105 3106 tactu
1142 3037 1418 3134 juvenis
1455 3037 1787 3133 explorat,
1816 3063 2167 3107 venenum
2205 3037 2468 3133 primus
2503 3035 2785 3107 invenit.

810 3154 896 3220 V.
926 3152 1197 3240 Laud0,
1224 3152 1525 3251 judiees,
1562 3151 2026 3222 innocentiam
2059 3152 2349 3240 silentii,
2378 3151 2789 3225 laudofidu-

717 3265 931 3353 ciam,
955 3267 1139 3363 quod
1168 3267 1655 3364 interrogatus,
1683 3268 1793 3337 cui
1829 3290 2162 3365 parasset,
2196 3295 2334 3338 non
2365 3267 2627 3365 putavit
2655 3267 2788 3338 sibi

717 3380 1238 3451 defendendum
1269 3408 1636 3452 venenum.
1661 3386 1837 3452 Rem
1868 3383 2267 3479 quinimmo
2298 3382 2456 3453 fecit
2487 3381 2632 3482 ejus
2665 3382 2787 3480 qui

717 3495 912 3565 sciret
946 3517 1211 3592 patrem
1243 3523 1383 3565 non
1420 3496 1871 3582 crediturum,
1904 3518 2003 3585 et,
2041 3525 2193 3595 quae
2227 3497 2526 3568 maxima
2555 3519 2657 3568 est
2690 3497 2790 3567 in-

718 3609 1049 3681 nocentiae
1082 3610 1552 3698 contumacia,
1587 3610 2103 3707 persuasionem
2140 3612 2320 3682 senis
2356 3610 2547 3682 nulla
2574 3610 2793 3683 voluit

798 3871 837 3904 ι.
877 3855 1182 3925 Nunquam.
1222 3857 1412 3908 Nonne
1444 3861 1713 3927 ‘praestaret
1792 3857 1907 3909 nice
1958 3857 2196 3924 dietum,
2251 3872 2302 3909 et
2349 3855 2493 3928 quod
2538 3859 2789 3928 sequitur.

719 3934 1014 4005 nttmqm’d?
1045 3935 1276 3989 Gnosov.
1313 3937 1501 3989 Badius
1532 3937 1712 3990 deesse
1791 3941 1967 4006 Quare
1993 3958 2154 4010 quum
2177 3959 2316 3991 nunc
2340 3939 2648 4002 confessus,
2669 3937 2790 4010 pla-

721 4013 955 4085 quaedam
971 4015 1126 4067 verba
1146 4016 1335 4082 credit,
1361 4022 1480 4089 quia
1498 4039 1713 4089 negasse
1792 4040 1965 4091 neque
1987 4023 2231 4080 tacuerit,
2252 4034 2471 4092 apparet
2496 4038 2616 4071 eum
2638 4022 2792 4071 inno-

719 4105 871 4161 putat
887 4095 1130 4161 juvenem
1157 4093 1555 4167 deprehensum.
1793 4112 1996 4150 centem
2019 4118 2145 4150 esse.
2164 4097 2449 4168 Schulting.
2471 4097 2694 4169 putabat
2708 4116 2791 4149 ex·

793 4189 838 4220 τε.
878 4172 1019 4224 Esset
1051 4191 1220 4226 ausus.
1246 4176 1438 4226 Totum
1473 4175 1574 4228 hoe
1610 4177 1714 4225 iro-
1793 4176 1981 4230 cidisse
2005 4176 2229 4247 aliquid,
2255 4191 2340 4244 ut,
2363 4178 2605 4230 conscius.
2632 4177 2722 4228 En.
