3200 5117
601 512 1163 580 DECLAMATm
1195 514 1366 580 PRO
1400 515 1791 583 TRIBUNO
1823 519 2239 587 MARIANO.
2380 524 2464 588 65

378 764 665 786 mm
2215 771 2467 793 mv-

1038 964 1800 1048 DECLAMATIO.

760 1213 1379 1293 TRIBUNUS
1433 1214 2076 1297 MARIANUS.

1084 1488 1746 1552 ARGUMENTUM.

370 1653 548 1716 Bello
568 1654 865 1718 cimbrico
886 1654 1060 1717 miles
1078 1657 1399 1718 Marianus
1414 1658 1739 1720 tribunum
1752 1705 1770 1735 ,
1793 1673 2075 1744 stuprum
2094 1663 2213 1722 sibi
2235 1662 2460 1725 inferre

451 1764 778 1811 conantem
792 1795 810 1826 ,
832 1752 1261 1835 propinquum
1281 1755 1497 1832 Marii,
1522 1757 1787 1833 occidit;
1812 1778 1949 1818 reus
1971 1771 2061 1820 est
2081 1760 2266 1820 cedis
2291 1761 2460 1842 apud

453 1847 906 1930 imperatorem.

733 2070 880 2117 rao
925 2070 1273 2117 ‘ruarmo
1321 2073 1634 2120 couras
1681 2058 2093 2123 umrrnu‘.

467 2265 638 2337 CAP.
665 2268 718 2337 Ι.
750 2268 855 2338 Ne
879 2291 1108 2365 quaeso
1134 2266 1311 2339 mihi
1335 2289 1765 2359 succenseat,
1789 2297 1829 2340 o
1854 2268 2143 2367 piissimi
2149 2268 2453 2376 judices,

369 2379 798 2452 sanctissima
854 2381 1269 2480 religionum
1323 2382 1771 2481 publicarum
1824 2382 2224 2481 disciplina,
2271 2403 2455 2454 tam-

369 2520 583 2592 quam
628 2494 950 2569 adversus
992 2495 1375 2568 castitatem
1406 2495 1726 2568 ordinare
1769 2518 1979 2569 castra
2013 2497 2455 2587 tentaverim,

367 2629 729 2710 tamquam
752 2610 1098 2709 pudicitia·
1115 2611 1489 2683 claritatem
1512 2611 1840 2685 intricatis
1854 2640 2257 2686 sermonum
2276 2613 2456 2685 invo-

366 2725 575 2797 lucris
607 2725 1041 2823 aliquatenus
1069 2725 1434 2799 obscurare
1468 2727 1914 2826 susceperim.
1938 2730 2098 2800 Non
2128 2754 2255 2825 ego
2288 2728 2454 2799 reli-

366 2840 649 2940 gionem
694 2868 1103 2942 prosequor,
1150 2868 1293 2912 non
1337 2855 1580 2913 accuso
1605 2841 1921 2930 virtutes;
1960 2840 2078 2911 sed
2119 2841 2456 2938 figmenta

365 2955 602 3027 militis
657 2955 1152 3055 impurissimi,
1209 2976 1558 3056 quantum
1619 2955 1809 3046 licet,
1875 2952 2045 3024 libet
2098 2951 2451 3051 detegere3

364 3092 710 3170 quantum
733 3099 1051 3172 possum,
1077 3072 1289 3173 ipsius
1317 3072 1471 3144 volo
1497 3071 1854 3143 denudare
1879 3067 2267 3141 mendacia.
2299 3070 2452 3139 Hoc

431 3272 455 3290 '
480 3274 665 3325 Visum
698 3274 801 3326 fuit
834 3273 973 3327 hanc
1009 3274 1363 3329 Declamatio·
1416 3267 2451 3344 ·illoe‚quaesuhnomineQuintilianip1-o-

361 3370 483 3404 nem
499 3390 515 3418 ‚
544 3356 771 3424 primum
797 3374 826 3407 a
850 3356 1107 3409 Gibsonio
1136 3355 1363 3424 editam,

360 3450 487 3483 mox
504 3431 838 3486 emendatam
857 3433 924 3485 ab
943 3433 1214 3487 Obrechto
1234 3454 1364 3506 prae·

361 3513 569 3566 cedenti
591 3515 873 3583 subjicere,
897 3515 1019 3569 licet
1042 3516 1210 3569 multo
1228 3517 1367 3570 infe-

358 3593 557 3644 riorem
578 3593 882 3665 eloquentia
900 3607 951 3647 et
977 3598 1147 3649 nitore
1166 3614 1367 3648 sermo-

358 3673 466 3723 nis:
493 3689 613 3723 nam
631 3691 661 3724 a
676 3672 941 3725 monacho
958 3673 1188 3747 quodam
1200 3712 1216 3741 ‚
1237 3675 1366 3727 mul-

356 3751 425 3800 tis
449 3762 571 3820 post
594 3750 748 3803 aliam
770 3752 958 3804 seculis
977 3753 1230 3824 scriptam
1249 3772 1362 3806 esse

359 3828 632 3897 suspicor:
658 3827 792 3881 adeo
816 3830 1008 3902 inepta:
1033 3829 1359 3897 locutiones,

356 3903 517 3957 verba
554 3904 777 3959 barbara
814 3923 866 3960 et
901 3909 1122 3962 ridicula
1158 3913 1360 3964 acumi-

356 4001 427 4035 na
458 4002 671 4037 sensum
701 3985 1023 4040 obscurant:
1060 3990 1361 4059 ignorantia

360 4067 517 4117 etiam
531 4068 855 4139 antiquitatis
875 4071 1068 4142 passim
1089 4070 1260 4124 foedos
1278 4091 1361 4124 er·

357 4164 502 4200 rores
532 4151 839 4215 committit,
863 4153 1168 4222 quicunque
1200 4151 1359 4222 hujus

355 4221 753 4280 declamationis
777 4241 964 4281 auctor
985 4231 1104 4283 fuit.
1129 4229 1233 4284 Sed
1258 4248 1359 4284 nec

1443 3353 1615 3417 diere,
1632 3365 1907 3405 venustate
1927 3369 2110 3403 omnes
2129 3351 2266 3402 inter
2286 3368 2342 3402 se
2357 3368 2454 3421 pa-

1445 3451 1548 3499 res,
1558 3430 1653 3486 sed
1664 3450 1768 3483 una
1779 3431 1937 3502 longe
1946 3430 2045 3482 alia
2057 3430 2367 3502 elegantior,
2380 3428 2452 3481 di·

1444 3533 1622 3567 versos
1642 3525 1886 3566 auctores
1904 3511 2154 3584 produnt.
2181 3514 2452 3564 Bnnusuu.

1442 3622 1516 3632 —
1541 3594 1719 3661 Quum
1749 3591 1861 3645 haec
1893 3590 2218 3644 Declamatio
2252 3608 2360 3644 uon
2393 3592 2451 3642 in

1445 3673 1692 3726 omnibns
1716 3672 2038 3726 editionibus
2060 3674 2377 3734 inveniatur,
2398 3681 2453 3722 et

1442 3752 1511 3804 ab
1530 3766 1749 3804 auctore
1768 3753 1949 3804 infimo
1966 3748 2206 3802 videatur
2224 3751 2448 3820 scripta,

1442 3830 1591 3883 nullo
1617 3849 1839 3883 numero
1859 3827 2077 3901 praefixo
2105 3829 2240 3900 typis
2269 3827 2447 3898 expri-

1439 3911 1686 3964 mendam
1715 3913 2010 3964 curavimus
2027 3932 2044 3974 ;
2063 3922 2116 3961 et
2156 3908 2447 3961 editionem

1437 3990 1777 4061 Bipontinam
1801 3989 1995 4054 secuti,
2014 4006 2126 4040 non
2147 3986 2370 4040 multum
2391 3987 2448 4038 in

1439 4075 1594 4125 variis
1645 4072 1962 4125 lectionibus
2011 4089 2041 4122 e
2085 4070 2441 4137 manuscripto

1436 4152 1677 4205 Gibsonii
1696 4171 1886 4225 parum
1904 4151 2159 4221 castigato
2180 4149 2308 4201 ortis
2339 4147 2449 4197 hoe-

1441 4235 1618 4286 simus.
1648 4235 1740 4285 En.

2132 4315 2163 4368 5
