3200 5117
18 715 44 1111 ΨΠΗΕΊ

27 1771 38 1815 11-
18 1656 38 1699 '-
18 1543 38 1582 ff.
18 1425 34 1466 Γ,
18 1306 38 1348 u
18 1189 34 1230 5⁴-

561 550 768 615 DEC.
808 547 1084 614 xv111.
1125 546 1519 612 INFAMIS
1557 547 1657 610 IN
1696 545 2137 624 MATREM,
2178 547 2231 609 Ι.
2317 546 2449 635 379

347 673 584 749 fundae
603 673 853 746 mentis
878 672 1163 744 consilia
1181 670 1548 770 perspicio,
1567 669 1979 768 respondere
1999 669 2131 742 sibi
2152 669 2446 760 videtur,

348 792 727 892 plusquam
749 809 968 861 mater
993 789 1384 886 interrogat.
1408 787 1733 876 Fallitur,
1758 786 2067 885 quisquis
2089 786 2279 857 hunc
2305 812 2450 858 esse

351 906 565 978 credit
587 903 1092 1003 inexplicabilis
1119 902 1378 975 doloris
1407 924 1688 994 aestum,
1719 923 1787 974 et
1815 901 1993 973 inter
2021 901 2273 976 silentii
2301 928 2454 973 con·

349 1022 811 1120 fessionisque
860 1045 1095 1096 causas
1128 1020 1466 1091 miserum
1500 1020 1871 1118 pudorem.
1912 1018 2155 1091 Alium
2191 1019 2451 1091 exitum

350 1167 493 1212 non
517 1140 756 1227 habet,
783 1164 999 1235 quam
1019 1157 1101 1209 ut
1125 1136 1538 1234 respondere
1561 1136 1750 1209 nolle
1772 1136 2113 1227 videatur,
2136 1135 2454 1235 quisquis

351 1256 582 1330 filium
610 1252 898 1342 occidit,
930 1275 997 1326 et
1030 1252 1326 1353 probare
1357 1280 1502 1326 non
1536 1274 1755 1352 potest
1786 1274 2063 1352 propter
2100 1253 2288 1351 quod
2323 1252 2454 1324 de-

349 1369 582 1441 buerit
611 1367 860 1441 occidi.

446 1485 569 1554 III.
623 1482 1026 1584 Conjungat
1074 1503 1416 1581 quantum
1451 1482 1636 1556 volet
1673 1482 2210 1558 nocentissimus
2248 1508 2455 1554 senex

352 1623 514 1670 cum
548 1624 828 1671 rumore
870 1599 1115 1699 populi
1157 1599 1510 1671 silentium
1552 1625 1799 1686 suum,
1844 1619 1911 1669 et
1942 1597 2240 1669 relatura
2269 1597 2455 1669 ordi-

351 1716 517 1785 nem
546 1712 951 1785 tristissimoe
993 1713 1187 1790 sortis
1216 1712 1462 1789 collata
1491 1711 1926 1809 malignitate
1953 1709 2234 1784 claudat
2272 1726 2415 1782 ¹ora
2435 1768 2453 1801 ,

353 1850 740 1927 compescat
776 1828 1006 1900 aditus
1048 1855 1062 1898 ε
1115 1829 1339 1901 securi
1390 1850 1628 1900 tamen
1665 1846 1911 1917 estote,
1950 1827 2310 1917 mortales,
2354 1829 2455 1898 fas

354 1964 451 2016 est
470 2001 488 2035 ,
517 1946 620 2014 fas
641 1963 742 2014 est
764 1943 1351 2015 innocentissimae
1371 1942 1576 2014 matri
1604 1942 1792 2014 velut
1817 1942 1891 2013 in
1917 1939 2199 2041 templis
2216 1998 2235 2029 ‚
2269 1940 2458 2012 velut

352 2058 539 2157 apud
591 2057 774 2156 ipsos
823 2058 1257 2156 proclamare
1301 2083 1621 2156 superos,
1664 2057 1913 2131 Amavi
1948 2057 2173 2129 filium
2209 2082 2452 2128 meum

353 2193 705 2263 matrona,
743 2172 1049 2273 judices,
1089 2174 1288 2274 cujus
1327 2173 1671 2272 puellares
1703 2199 1958 2264 annos,
1994 2161 2296 2272 primam
2332 2198 2457 2243 ru-

355 2290 660 2388 demque
689 2289 994 2390 conjugii
1024 2311 1337 2363 mentem
1363 2289 1563 2366 nulla
1595 2289 1978 2363 libidinum
2015 2289 2332 2389 respersit
2359 2289 2461 2359 in-

353 2405 605 2494 famia,
655 2404 770 2478 cui
823 2405 1196 2505 impudens
1242 2432 1517 2497 rumor,
1569 2405 1888 2505 suspicax
1934 2405 2224 2478 maritus
2271 2402 2455 2475 nihil

354 2545 673 2615 unquam
721 2521 953 2618 potuit
1005 2522 1347 2622 objicere,
1404 2521 1537 2593 nisi
1584 2521 1856 2594 filium:
1903 2549 2059 2621 quae
2103 2520 2455 2620 pudicitiae

357 2631 584 2730 prima
611 2632 868 2705 fiducia
896 2655 1035 2724 est,
1064 2635 1283 2707 edidit
1311 2656 1592 2733 partum
1611 2693 1629 2725 ‚
1654 2664 1868 2735 quem
1895 2638 2185 2709 maritus
2209 2662 2458 2735 agnos·-

359 2767 587 2834 ceret3
639 2772 784 2819 non
838 2746 1077 2818 timuit
1123 2774 1213 2819 ne
1253 2768 1491 2847 stupra
1534 2750 1960 2849 furtivosque
2006 2750 2453 2840 concubituS,

357 2861 628 2960 parvuli
653 2861 918 2951 vultus,
958 2884 1078 2934 aut
1108 2863 1473 2935 crescentis
1505 2864 1816 2940 infantiae
1854 2865 2236 2940 similitudo
2268 2867 2459 2939 dete-

360 2998 565 3074 geret.
587 2980 857 3051 ,Natum
881 2976 1011 3058 de<²
1047 3000 1112 3050 te
1146 2977 1508 3068 contian
1539 2980 1597 3051 si
1630 2979 1801 3078 quid
1836 2980 1967 3080 ipsi
1995 2979 2302 3070 creditis,
2335 2982 2457 3058 im-

356 3093 729 3191 patientius
762 3094 1162 3193 complexa,
1195 3121 1414 3193 quam
1455 3095 1738 3196 reliquae
1759 3094 1787 3144 3
1816 3115 2171 3198 parentes,
2207 3122 2350 3168 non
2377 3097 2453 3168 in

356 3313 563 3380 Scribe,
584 3315 756 3384 Quum
777 3318 1020 3369 maxime.
1040 3321 1110 3370 Ut
1125 3331 1180 3370 et
1192 3321 1357 3372 infra:
1448 3343 1470 3368 α
1491 3332 1621 3371 nato
1656 3338 1820 3392 supra
1857 3317 2255 3374 callidissimum
2294 3318 2454 3373 silen-

364 3416 386 3440 o«
410 3396 707 3466 lrrumpere
731 3415 814 3448 me
840 3415 1004 3470 quum
1027 3401 1250 3451 maxime
1270 3418 1365 3470 pu·
1449 3422 1470 3444 α
1491 3400 1622 3450 tium
1637 3398 1919 3472 parricida.
1942 3422 1963 3444 n
1985 3397 2149 3451 Gnon.
2166 3396 2245 3450 Cl.
2264 3398 2455 3451 Schul-

364 3499 386 3521 α
406 3488 461 3527 ta
483 3477 538 3527 in
563 3472 701 3527 illud
738 3489 916 3544 tuum,
946 3477 1239 3549 parricida,
1278 3497 1364 3531 se·
1442 3479 1644 3550 tingitis
1660 3477 1919 3549 explicat,
1935 3475 2140 3529 collatis
2160 3476 2455 3547 malignita-

364 3576 386 3598 α
405 3568 623 3608 cretum.
648 3577 669 3600 υ
699 3553 865 3609 Gnou.
892 3554 1026 3608 vide
1051 3555 1118 3610 de
1141 3555 1221 3608 his
1242 3575 1365 3627 par·
1444 3559 1509 3612 tis
1542 3557 1739 3612 viribus
1771 3571 1821 3612 et
1850 3558 2166 3614 artibus-‘ita
2199 3558 2328 3616 Pliu.
2356 3563 2450 3631 Ep.

358 3635 530 3688 ticulis
570 3655 732 3708 quum
775 3637 1021 3688 maxime.
1063 3637 1112 3686 J.
1149 3637 1362 3688 Zinzerl.
1444 3640 1566 3705 vn,
1614 3654 1673 3709 ¹7
1694 3660 1705 3688 ε
1754 3660 1775 3683 κ
1799 3639 1938 3706 Quia
1976 3640 2031 3690 in
2076 3657 2296 3690 numero
2332 3641 2451 3714 ipso
2506 3679 2511 3686 «

358 3715 611 3790 promuls.
654 3717 782 3770 crit.
814 3735 932 3789 cap.
973 3717 1133 3769 xxn.
1163 3720 1362 3772 Anum..
1452 3740 1473 3762 ιι
1493 3729 1573 3769 est
1597 3713 1866 3788 quoddam
1892 3735 2148 3790 magnum
2172 3717 2453 3769 collatum-

363 3796 538 3867 Quum
562 3797 821 3864 maxime,
855 3798 1041 3872 scripti
1059 3795 1147 3848 hic
1166 3795 1367 3850 habent
1452 3819 1474 3844 ιι
1493 3817 1599 3870 que
1646 3798 1961 3854 consilium:
1988 3823 2010 3847 ι
2057 3812 2107 3853 et
2150 3799 2257 3852 hoo
2295 3801 2453 3871 exigit

365 3895 548 3930 omues
563 3899 574 3928 ε
591 3891 642 3929 et
657 3880 729 3929 ita
747 3897 908 3950 supra
916 3882 1028 3950 jam
1044 3879 1366 3930 restituimus
1444 3879 1747 3954 praecedens
1772 3880 1990 3936 verbum
2007 3883 2305 3954 conjungat.

367 3957 665 4028 aliquoties.
1522 3977 1569 4011 2.
1595 3960 1676 4010 De
1708 3969 1773 4011 te.
1802 3958 1946 4011 Leid.
1977 3971 2029 4011 et
2054 3961 2207 4009 Voss.
2247 3977 2448 4011 omnes.

435 4054 479 4090 ι.
526 4036 733 4092 collata
780 4036 1113 4110 maiiqnitate
1153 4038 1367 4092 claudat
1444 4041 1691 4105 Rectius,
1715 4040 1788 4092 sie
1814 4041 1955 4102 euim
1984 4038 2139 4112 docet
2168 4040 2452 4112 pudicam,

360 4135 467 4168 ora.
494 4116 662 4186 Lege:
701 4138 723 4162 οι
744 4114 944 4168 Callida
978 4115 1356 4186 malignitate.»
1443 4132 1504 4170 ut
1538 4117 1784 4170 adulterii
1824 4117 2180 4188 suspicionem
2221 4116 2452 4170 discute-

357 4199 441 4250 Sie
457 4198 626 4250 iufra:
647 4215 682 4245 ἰ
698 4196 750 4252 ai
773 4215 882 4249 non
906 4210 986 4250 est
1005 4195 1198 4252 callida
1213 4235 1231 4263 ‚
1249 4216 1362 4251 non
1439 4214 1552 4264 ret,
1575 4214 1763 4253 natum
1792 4217 1857 4252 ex
1879 4200 2067 4251 marito
2091 4198 2283 4251 dicere.

365 4302 386 4324 ιι
407 4279 635 4351 maligna
676 4278 958 4331 simulatio.
980 4305 1001 4326 υ
1030 4279 1123 4344 Et,
1168 4303 1189 4326 a
1211 4277 1359 4333 ‹lam-
1511 4281 1563 4332 3.
1608 4278 1859 4351 Reliqua.
1904 4277 2124 4349 Reliqui.
2172 4275 2315 4334 Loid.
2362 4294 2445 4348 pr.
