3200 5117
621 525 891 591 DECL.
939 523 1104 590 vll.
1149 524 1687 591 TORMENTA
1734 524 2204 591 PAUPERIS.
2343 526 2456 614 167

372 671 616 727 omnes
647 645 1123 719 humanorum
1162 668 1520 746 pectorum
1562 646 1868 746 rapuisse
1899 673 2173 737 sensus,
2207 668 2287 720 ut
2315 674 2463 720 non

373 764 761 862 intelligam
783 784 1014 863 petere
1036 790 1182 854 me,
1203 764 1392 863 quod
1415 763 1601 836 dives
1618 765 1832 862 possit
1850 763 2133 836 evadere
2146 821 2164 854 ,
2184 786 2250 836 et
2267 791 2464 864 paene

374 881 594 980 magis
618 908 743 982 pro
772 905 1172 980 percussore
1200 879 1526 977 torqueri.
1558 879 1696 952 Sed
1719 879 1892 978 'quid
1925 907 2039 953 me
2062 881 2284 986 facere
2307 879 2465 951 vul-

375 997 499 1069 tis?
534 1024 679 1071 non
719 997 940 1070 debeo
967 997 1189 1070 videri
1231 1023 1426 1095 posse
1458 996 1776 1087 mentiri,
1807 996 2053 1085 homo,
2087 997 2209 1095 qui
2237 1023 2464 1095 quum

378 1113 564 1186 filius
588 1140 786 1187 meus
807 1113 1259 1202 occideretur,
1279 1112 1601 1185 interfui:
1637 1112 1898 1185 veritati
1925 1133 2198 1185 tantum
2225 1134 2467 1212 praesto

378 1230 815 1329 patientiam,
863 1228 1060 1328 exigo
1107 1229 1594 1326 quaestionem‚
1640 1228 1714 1301 in
1765 1256 1903 1327 qua
1938 1229 2112 1329 quid
2158 1229 2470 1302 dicturus

376 1343 513 1414 sim
529 1397 547 1430 ,
569 1343 838 1433 nesci03
866 1342 1042 1441 quid
1065 1342 1368 1416 debeam
1389 1343 1613 1415 dicere
1629 1401 1650 1434 ‚
1672 1344 1847 1435 vidi,
1871 1345 2033 1417 scio.
2061 1344 2294 1416 Vultis
2314 1364 2470 1443 post

374 1455 512 1527 hoc
527 1455 957 1553 argumentis
967 1512 987 1546 ‚
1005 1453 1519 1555 suspicionibus
1534 1456 1777 1556 agam?
1791 1457 2100 1529 breviora
2118 1479 2472 1531 tormenta

374 1593 560 1644 sunt.
593 1575 752 1646 Non
785 1573 1067 1645 invenio
1085 1628 1106 1663 ‚
1125 1573 1436 1675 judices,
1468 1600 1593 1646 cur
1622 1596 1868 1648 renuat
1890 1596 2242 1675 tantopere
2271 1575 2474 1647 dives

376 1687 862 1785 quaestionem,
888 1707 1258 1786 postquam
1286 1708 1655 1786 supersunt
1676 1688 1908 1762 adhuc
1930 1688 2190 1762 incerta
2218 1716 2298 1761 ac
2327 1689 2467 1761 du-

376 1801 533 1873 bia:
574 1802 842 1875 facinus
875 1823 975 1875 est
1008 1824 1245 1897 tamen
1278 1830 1395 1876 me
1428 1828 1573 1876 non
1607 1805 1910 1903 torqueri
1931 1862 1951 1895 ‚
1985 1805 2040 1876 si
2080 1803 2255 1877 mihi
2287 1824 2467 1877 torto

377 1918 614 2017 utique
641 1918 1069 1992 credendum
1095 1940 1212 1992 est.
1231 1919 1621 2019 Quousque
1639 1948 1785 2010 me,
1803 1920 2271 1993 crudelissime
2291 1947 2470 1992 mor·

380 2032 628 2106 talium
645 2089 663 2120 ‚
687 2055 913 2107 metus
932 2035 1376 2108 simulatione
1398 2036 1708 2110 deludis?
1729 2063 1857 2137 ego
1879 2037 2133 2138 magis,
2154 2036 2276 2136 qui
2302 2062 2468 2135 pos-

378 2149 524 2221 tulo
548 2170 926 2240 tormenta,
952 2153 1195 2225 timeo:
1223 2178 1374 2251 ego,
1396 2154 1520 2250 qui
1547 2153 1721 2224 nihil
1739 2154 1972 2226 facere
1981 2152 2182 2255 potui
2198 2210 2218 2242 ‚
2242 2178 2467 2252 quum

379 2265 706 2339 viderem.
736 2270 1061 2367 Suspecta
1088 2270 1210 2341 tibi
1241 2291 1342 2342 est
1369 2292 1593 2343 nostra
1623 2270 1992 2370 patientia:
2031 2269 2217 2340 vides
2241 2266 2468 2357 enim‚'

382 2381 692 2456 hortatur
715 2410 841 2455 nos
859 2398 884 2428 ²
921 2405 1155 2456 contra
1181 2384 1494 2461 dolorem
1517 2384 1620 2483 pri
1631 2410 1760 2457 mae
1791 2384 2005 2457 robur
2027 2383 2273 2472 aetatis,
2300 2382 2470 2455 soli-

384 2497 555 2569 dum
581 2498 1016 2598 plenumque
1037 2525 1285 2597 corpus
1304 2512 1365 2569 ²:
1391 2524 1613 2597 quam
1636 2499 1888 2588 facilis,
1909 2524 2124 2598 quam
2150 2496 2471 2596 expedita

385 2638 487 2683 res
537 2634 638 2684 est
676 2614 977 2712 torqueri
1030 2611 1397 2685 miserum!
1437 2613 1656 2685 affero
1699 2613 1787 2684 ad
1825 2614 2279 2713 quaestionem
2317 2611 2469 2712 jam

384 2726 778 2826 planctibus
821 2728 1136 2800 membra
1170 2729 1487 2800 liventia:
1523 2749 1870 2827 quantum
1914 2730 2204 2819 animae,
2239 2752 2472 2826 quan-

382 2862 535 2913 tum
570 2842 923 2939 sanguinis
955 2844 1206 2915 orbitas
1236 2842 1473 2915 traxit?
1513 2864 1777 2942 quanto
1819 2843 2270 2917 imbecilliora
2306 2865 2473 2917 sunt

383 2956 2475 3057 haecquotidianislamentationibuseverberatavitalia?quid-

386 3096 601 3169 quam
627 3099 789 3172 ergo
819 3074 1077 3173 fingere
1103 3070 1320 3174 potest
1344 3075 1457 3146 hic
1484 3072 1725 3173 pallor,
1752 3073 1898 3160 haejc
1915 3073 2214 3162 macies,
2240 3093 2307 3145 et
2318 3075 2471 3173 jam

386 3206 557 3258 torto
570 3186 812 3259 similis
827 3187 1257 3260 infirmitas3?
1268 3188 1508 3289 Adjice
1522 3187 1715 3287 quod
1735 3185 1908 3258 nihil
1925 3186 2162 3258 minus
2177 3187 2249 3257 in
2266 3214 2453 3284 quaes

388 3302 576 3374 tione
615 3301 737 3375 diu
774 3304 990 3402 possis
1024 3303 1281 3394 dicere,
1312 3305 1369 3376 si
1390 3302 1778 3392 mentiaris,
1809 3326 2022 3400 quam
2050 3300 2241 3400 quod
2262 3301 2474 3374 oculis

467 3562 511 3597 ι.
545 3547 801 3602 Hortatur
830 3565 937 3602 nos.
974 3548 1135 3601 Jubet
1171 3566 1255 3600 me
1290 3547 1387 3599 bo-

388 3644 516 3677 num
540 3628 772 3679 animum
795 3626 1019 3692 habere,
1045 3628 1215 3679 firmat
1232 3665 1248 3693 ‚
1270 3625 1389 3678 vide

388 3707 537 3758 Ber-n.
562 3709 801 3760 etVorst.
823 3707 891 3760 ad
909 3710 1041 3761 Just.
1063 3710 1164 3773 xl,
1184 3726 1243 3777 9:
1268 3721 1391 3760 sunt

388 3802 513 3835 vero
537 3784 646 3837 haec
672 3788 870 3839 ironice
894 3787 1053 3840 dicta.
1083 3789 1250 3839 Bmm.

463 3881 510 3915 2.
535 3863 772 3917 Solidum
802 3866 1135 3939 plenumque.
1166 3866 1392 3918 Imitatio

388 3941 723 3995 Terentiana.
757 3946 891 3996 Eun.
925 3946 1004 4009 ΙΙ,
1038 3947 1100 3998 3:
1145 3947 1392 4014 uCorpus

397 4042 419 4065 α
438 4021 666 4075 solidum
711 4036 763 4075 et
812 4026 957 4075 succi
1000 4022 1249 4095 plenum3
1270 4047 1293 4070 ιι
1341 4033 1392 4072 et

389 4103 554 4156 Lucil.
572 4105 716 4175 apud
734 4106 968 4157 Nonium
983 4105 1038 4155 in
1055 4115 1187 4156 stare
1202 4126 1218 4156 .-
1251 4126 1272 4149 ·
1293 4105 1391 4155 nie

372 4190 417 4227 't
437 4204 634 4258 corpus
681 4185 907 4239 solidum
952 4187 1204 4238 invenies.
1227 4209 1249 4233 ιι
1300 4185 1394 4237 Se·

390 4284 500 4318 ren.
543 4267 814 4321 Sammon.
861 4267 930 4323 35
952 4290 965 4320 ε
1008 4290 1033 4315 ιι
1051 4266 1105 4320 si
1150 4265 1393 4320 modicus

1473 3569 1497 3593 ι
1515 3547 1676 3618 pleno
1690 3558 1872 3599 manat
1885 3544 1952 3598 de
1966 3564 2191 3617 corpore
2206 3548 2437 3617 sanguis.
2447 3571 2468 3594 ιι

1469 3629 1547 3680 Ita
1583 3627 1768 3700 plenus
1803 3646 1903 3700 pro
1937 3630 2149 3700 pingui,
2180 3627 2334 3679 Ovid.
2362 3630 2472 3681 Art.

1469 3707 1548 3773 11,
1581 3706 1678 3758 661
1704 3729 1718 3769 ;
1759 3704 1972 3759 Remed.
2007 3708 2129 3777 327.
2161 3707 2229 3758 Et
2255 3706 2477 3778 plenum

1474 3806 1545 3855 os,
1562 3788 1704 3841 Suet.
1721 3789 1847 3840 Caes.
1866 3788 1932 3855 45
1947 3809 1961 3851 ;
1977 3789 2184 3840 Petron.
2204 3789 2288 3856 87.
2305 3788 2476 3842 Bmm.

1544 3869 1595 3921 3.
1625 3870 1696 3922 Et
1711 3873 1834 3942 jam
1867 3880 2016 3922 torto.
2047 3869 2226 3920 Etiam
2259 3881 2294 3920 ε.
2323 3869 2478 3922 Voss.

1473 3966 1555 4018 pr.
1590 3966 1697 3999 sec.
1728 3949 1939 3999 Dictum
1963 3964 2089 3999 vero
2122 3966 2215 4016 pro
2246 3948 2370 3998 torti
2398 3950 2476 3998 in-

1774 4025 2039 4038 ooooo

1473 4107 1661 4173 modo‚
1683 4120 1741 4157 ut
1765 4125 1793 4157 a
1817 4107 2028 4157 Justino
2049 4106 2138 4169 lv,
2157 4123 2275 4174 cap.
2300 4105 2358 4168 3,
2378 4106 2475 4155 Fa-

1472 4190 1618 4241 cinus
1638 4187 1778 4239 nulli
1802 4186 2053 4255 Tyranno
2071 4185 2479 4258 comparandum

1474 4265 1703 4332 dictum,
1729 4266 1930 4317 notavit
1950 4262 2028 4317 Cl.
2055 4263 2434 4335 Schultingius.
