3200 5117
636 578 909 645 DEcL.
954 577 1118 640 vn.
1166 538 1710 640 'ronMENTA
1755 575 2227 641 PAthnms.
2335 579 2445 645 εει

368 701 753 774 ministeria
783 702 1215 803 jungebant:
1258 720 1325 770 et
1356 698 1717 783 homines,
1761 698 2018 795 quibus
2055 726 2200 771 non
2234 727 2454 775 servos

370 817 734 916 praestabat
750 817 1027 887 fortuna
1048 814 1362 887 custodes
1376 870 1395 901 ,
1416 813 1789 884 tuebamur
1809 840 2191 913 pauperem
2211 837 2457 890 mutua

374 952 621 1029 pietate
638 951 1083 1015 comitatum,
1102 955 1401 1000 invicem
1424 948 1868 1017 sustinentes,
1887 955 2186 1001 invicem
2206 958 2420 1004 tunm
2439 991 2457 1021 ,

372 1072 501 1118 nec
532 1047 664 1117 nisi
696 1071 954 1143 magna
980 1042 1391 1142 percussoris
1411 1041 1776 1138 diligentia
1804 1043 2199 1140 separandi3
2234 1073 2459 1142 quum

372 1160 562 1233 dives
596 1160 831 1232 medio
876 1158 1092 1231 noctis
1140 1158 1418 1228 horrore
1455 1157 1687 1227 stn‘cto
1731 1183 2065 1229 mucrone
2111 1161 2461 1257 prosiluit,

374 1296 441 1347 et
480 1273 920 1373 stupentibus
954 1271 1404 1370 attonitisque
1450 1256 1715 1343 miseris
1745 1272 2050 1343 confodit
2083 1273 2286 1346 illum
2319 1277 2463 1347 for-

370 1390 659 1475 tiorem;
705 1388 955 1474 illumff
984 1386 1105 1482 qui
1144 1385 1444 1456 fortassis
1483 1384 1750 1483 aliquid
1794 1387 1863 1457 in
1901 1414 2059 1458 mea
2103 1411 2321 1461 morte
2353 1391 2463 1462 fe-

377 1506 592 1576 cisset.
622 1501 1301 1602 Confiteor,judices
1322 1556 1339 1588 ‚
1362 1500 1535 1571 nihil
1559 1522 1726 1573 tunc
1752 1503 2112 1574 oculorum
2143 1532 2464 1577 meorum

373 1617 768 1715 diligentia,
808 1615 987 1687 nihil
1018 1615 1157 1714 egit
1196 1642 1363 1686 cura
1396 1614 1626 1685 miseri
1663 1616 1908 1714 patris:
1948 1643 2306 1714 percussor
2340 1646 2467 1691 vo·-

375 1731 506 1803 luit
525 1730 828 1830 agnosci.
848 1734 991 1801 Vos
1008 1756 1198 1801 nunc
1212 1787 1230 1819 ‚
1253 1730 1431 1802 cives
1445 1787 1463 1818 ‚
1484 1756 1602 1801 vos
1622 1755 1867 1802 omnes
1881 1730 2173 1802 humani
2196 1735 2468 1830 generis

376 1849 697 1935 affectus,
729 1846 1164 1918 miserrimus
1197 1846 1546 1945 interrogo
1581 1866 1809 1944 pater:
1843 1847 2124 1919 suadete
2158 1849 2327 1946 quid
2357 1850 2470 1921 fa·

374 1964 580 2035 ciam.
609 1964 821 2053 Hunc
840 2019 860 2052 ‚
890 1988 1103 2059 quem
1132 1961 1372 2035 videtis
1400 1961 1578 2034 circa
1606 1966 1720 2032 me
1745 1961 2159 2060 sanguinem
2180 2021 2198 2052 ‚
2229 1964 2316 2035 de
2343 1964 2470 2036 filii

378 2077 518 2148 mei
536 2076 942 2149 vulneribus
959 2076 1215 2174 excepi:
1242 2074 1350 2146 his
1372 2074 1706 2148 manibus
1725 2076 2019 2149 labentis
2041 2077 2231 2149 unici
2252 2104 2472 2150 mem-

380 2191 502 2262 bra
513 2190 806 2262 sustinui
827 2218 842 2260 :
863 2190 935 2260 iu
954 2189 1174 2260 oculis
1189 2190 1362 2261 meis
1380 2189 1616 2263 adhuc
1632 2191 1864 2262 vultus
1879 2190 2066 2263 illius
2083 2192 2468 2279 morientis,

380 2303 642 2377 haerent
660 2318 677 2348 ¹
714 2304 1000 2375 auribus
1025 2302 1235 2375 verba
1264 2330 1473 2403 super
1498 2305 1791 2376 cadaver
1811 2304 2052 2381 habita
2076 2306 2472 2379 exsultantis

381 2417 672 2490 inimici.
694 2417 939 2489 Fidem
962 2406 1500 2490 tormentorum!
1524 2444 1890 2517 quousque
1912 2421 2324 2516 percussoris
2345 2420 2474 2493 filii

380 2534 522 2606 mei
567 2534 881 2606 conscius
925 2532 1083 2605 ero?
1126 2534 1403 2632 Aperite
1450 2553 1687 2633 pectus
1733 2534 1952 2625 istud,
2003 2555 2067 2606 et
2117 2555 2340 2608 totum
2383 2537 2470 2609 de

379 2650 755 2721 visceribus
789 2649 962 2719 meis
986 2649 1274 2720 latronis
1296 2650 1548 2745 egerite
1575 2669 1944 2721 secretum.
1974 2651 2170 2741 Vidi,
2203 2672 2270 2723 et
2297 2651 2472 2724 mihi

314 2768 323 2775 ’
382 2790 528 2835 non
565 2762 900 2834 creditur:
932 2762 1110 2852 vidi,
1136 2762 1229 2834 ita
1262 2763 1518 2863 possim
1554 2784 1623 2834 et
1654 2764 1724 2834 in
1757 2765 2115 2835 tormentis
2150 2765 2335 2838 idem
2368 2766 2474 2839 di-

382 2903 575 2950 cere:
624 2896 745 2947 aut
780 2877 835 2947 si
880 2902 1263 2974 compono,
1306 2877 1364 2947 si
1410 2878 1636 2975 fingo,
1673 2905 1869 2965 urar,
1907 2879 2197 2969 lacerer,
2231 2902 2296 2951 et
2327 2908 2470 2953 non

384 2993 711 3091 probem:
738 2994 800 3078 nsi
833 2992 1183 3083 videtur2,
1216 2994 1648 3091 torquendus
1675 3020 1869 3081 sum,
1888 2993 2308 3093 judiceS‚ut
2337 2995 2470 3068 hoc

385 3108 695 3181 desinam
726 3105 977 3179 dicere.
1007 3110 1151 3178 Nec
1177 3134 1322 3197 me,
1344 3106 1654 3206 judices,
1683 3107 1901 3198 fallit,
1945 3129 2285 3206 quantam
2324 3137 2474 3182 mo-

385 3221 522 3293 lem
540 3221 991 3294 accusationis
1012 3221 1220 3293 etiam
1241 3222 1315 3294 in
1333 3223 1700 3294 manifesta
1718 3222 1993 3294 veritate
2009 3225 2465 3322 susceperim:

463 3427 505 3462 t.
522 3410 751 3462 Hoerent.
768 3411 958 3463 Hoeret.
977 3413 1065 3463 W.
1084 3411 1385 3477 Morientis,
1468 3428 1546 3465 set
1580 3415 1634 3465 in
1666 3414 1900 3477 auribus,
1922 3425 1983 3463 ut
2008 3414 2060 3463 in
2090 3411 2274 3465 oculis.
2299 3415 2467 3468 nunu.

384 3490 577 3544 hoeoent
614 3493 837 3544 auribus.
880 3490 1082 3564 Grypb.
1124 3491 1293 3543 Colin.
1336 3505 1389 3543 et
1540 3509 1586 3542 a.
1615 3492 1673 3543 Si
1701 3492 1914 3543 videtur.
1950 3489 2094 3543 Idem
2125 3505 2237 3557 est,
2271 3511 2332 3544 ac
2366 3495 2408 3545 si
2441 3514 2472 3546 a

380 3575 457 3624 ita
482 3571 564 3624 ΕΙ.
599 3572 889 3643 Schulting.
926 3590 1037 3623 non
1068 3571 1223 3624 male.
1249 3571 1387 3624 Nam
1465 3588 1590 3621 vero
1627 3588 1737 3621 non
1776 3568 2005 3621 alienum
2038 3567 2191 3621 vobis
2226 3569 2471 3634 videtur-3

383 3652 540 3723 plena
569 3652 769 3705 locutio
798 3666 909 3720 est,
937 3654 991 3704 in
1020 3650 1387 3704 oculis-adhuc
1466 3647 1807 3700 concedentis
1832 3649 1962 3700 etin
1989 3650 2304 3700 sententiam
2327 3651 2471 3720 judi-

383 3733 559 3785 vultus
593 3736 893 3800 morientis,
926 3733 1127 3786 scilicet
1159 3746 1296 3786 sunt.
1327 3734 1386 3785 ln

383 3813 582 3880 oculis,
624 3833 726 3886 pro
774 3829 896 3868 ante
936 3815 1122 3867 oculos
1162 3814 1385 3869 vidimus

387 3913 532 3966 supr.
557 3894 624 3946 ad
647 3894 793 3947 Decl.
820 3898 905 3960 IV,
934 3911 1028 3947 ποι
1055 3897 1267 3949 Hoerent
1289 3916 1387 3947 au-

384 3974 549 4037 ribus,
569 3985 669 4025 etc.
693 3992 810 4044 quae
827 3973 1095 4026 distinctio
1115 3974 1386 4027 confirma·

384 4067 473 4105 tur
495 4053 574 4105 his
597 4053 665 4107 ad
692 4055 853 4105 linem
881 4051 1040 4123 hujus
1064 4051 1349 4105 Declamat.
1369 4075 1383 4105 ι

392 4138 635 4188 «Rursus
666 4148 785 4187 ante
815 4133 998 4187 oculos
1026 4135 1089 4185 sit
1119 4134 1386 4186 morientis

388 4236 415 4263 ι
434 4218 580 4268 unici
610 4215 819 4281 vultus,
852 4214 1052 4266 haerent
1079 4214 1238 4267 verba
1270 4234 1388 4286 per-

390 4319 413 4341 «
436 4299 694 4350 cussoris:
719 4320 740 4343 n
769 4296 918 4347 aliter
944 4295 1227 4348 dicendum
1255 4296 1388 4348 fuis-

602 4385 651 4439 5.

1467 3746 1588 3779 cum
1619 3731 1791 3781 euntis
1820 3728 2073 3791 formula3
2097 3729 2200 3781 vid.
2228 3730 2295 3781 ad
2321 3733 2465 3787 Decl.

1465 3810 1531 3875 V,
1564 3827 1654 3878 ¹9²
1690 3809 1875 3862 alludit
1904 3829 2026 3861 vero
2058 3809 2124 3861 ad
2152 3811 2467 3885 formulam,

1465 3909 1569 3963 qua
1599 3890 1808 3962 judices
1845 3892 2158 3943 sententiam
2195 3894 2469 3961 ferebant,

1466 3985 1518 4023 et
1544 3971 1645 4023 sibi
1674 3972 1869 4038 videri,
1894 3972 1977 4024 vel
2006 3991 2111 4023 non
2147 3974 2310 4026 videri
2338 3997 2472 4047 pro-

1464 4052 1807 4106 nunciabant.
1831 4054 1970 4105 Male
1993 4055 2274 4108 Ascensius
2289 4094 2305 4122 ‚
2327 4061 2371 4111 si
2394 4062 2472 4111 vi·-

1466 4134 1621 4186 detur
1642 4136 2163 4201 rationiconsonum3
2187 4137 2304 4189 vide
2319 4158 2467 4190 com-

1468 4220 1755 4269 mentarios
1775 4215 1843 4268 ad
1866 4215 2142 4269 Phaedrum
2164 4218 2287 4269 Fab.
2307 4219 2399 4271 lib.
2419 4223 2465 4288 l,

1476 4313 1554 4346 to.
1580 4296 1748 4346 Burin.

2157 4398 2214 4433 11
