3200 5117
581 624 789 690 DEC.
826 625 1105 690 XVIII.
1148 623 1540 688 INFAMIS
1579 624 1679 687 IN
1721 622 2159 706 MATREM,
2186 624 2237 688 I.
2331 621 2459 712 393

372 747 648 822 amavit.
701 751 966 820 Excuso
1010 747 1174 837 tibi,
1219 746 1487 846 inquit,
1531 746 1812 847 juvenis
1856 743 2462 835 innocentissime,
2524 779 2529 783 ·

371 865 558 964 quod
604 865 949 964 supremis
995 865 1131 936 tuis
1179 864 1500 936 nondum
1548 862 1824 964 praestiti
1877 863 2128 934 misera
2170 864 2462 935 comita-

372 1001 554 1052 tum:
585 981 808 1053 vivere
834 979 1122 1079 quidem
1139 1035 1157 1066 ,
1183 1000 1251 1050 te
1282 979 1618 1051 defuncto
1635 1034 1654 1067 ,
1685 979 2018 1051 continuo
2042 1006 2187 1051 non
2215 979 2459 1067 debui,

369 1094 488 1167 sed
517 1095 728 1186 mori,
760 1095 1013 1168 marito
1042 1114 1338 1184 tacente,
1370 1121 1514 1166 non
1544 1094 1760 1193 potui.
1787 1097 2145 1195 Rumpam
2174 1095 2460 1168 taedium

373 1211 548 1283 lucis
576 1211 834 1300 invisae,
870 1211 988 1282 sed
1023 1211 1214 1310 prius
1243 1211 1534 1286 licuerit¹
1574 1237 1806 1283 coram
1835 1211 2102 1284 civitate
2135 1212 2462 1283 manibus

371 1327 503 1398 tuis
528 1326 720 1426 justa
748 1327 1164 1426 persolvere,
1202 1354 1427 1426 quum
1460 1326 1830 1400 damnato²
1861 1354 2075 1425 supra
2106 1327 2473 1400 callidissi«

371 1468 575 1513 mum
620 1441 980 1516 silentium
1016 1431 1389 1543 parricida,
1433 1441 1614 1514 nihil
1646 1462 1713 1515 te
1757 1441 2002 1516 dixisse
2036 1443 2458 1516 constiterit:

371 1554 649 1652 ignosce
663 1554 714 1645 ³,
741 1555 931 1654 quod
957 1556 1044 1628 ad
1063 1555 1421 1657 judicium
1447 1555 1640 1627 istud
1669 1554 1907 1628 orbata
1929 1555 2205 1627 duravi:
2227 1556 2459 1645 timui,

372 1695 462 1741 ne
496 1669 553 1740 si
582 1668 670 1739 ad
699 1669 959 1742 exitum
991 1669 1460 1770 impatientia,
1493 1670 1551 1740 si
1587 1668 1918 1769 praecipiti
1946 1671 2201 1769 pietate
2229 1698 2463 1772 prope·

373 1811 665 1876 rassem,
704 1787 962 1859 faceret
991 1786 1215 1860 alium
1254 1785 1595 1886 parricida
1637 1786 1723 1858 de
1762 1794 1921 1859 inea
1957 1807 2180 1858 morte
2215 1812 2460 1859 rumo-

373 1927 541 1972 rem.

448 2087 492 2121 1.
531 2072 636 2123 Sed
666 2073 814 2146 prius
858 2071 1077 2125 licuerit.
1119 2075 1371 2126 Francius
1452 2089 1562 2123 non
1582 2070 1739 2124 facile
1764 2072 1938 2143 possis
1961 2090 2085 2133 eum
2102 2073 2303 2124 emeris
2326 2091 2457 2126 con-

370 2141 599 2194 malebat
620 2143 664 2194 ςί
688 2145 839 2215 prius
867 2142 1096 2208 licuerit,
1128 2159 1228 2197 etc.
1262 2163 1374 2198 non
1453 2164 1674 2203 struere.
1699 2151 1792 2201 En.
2060 2145 2065 2150 ’

370 2225 532 2276 male:
555 2223 685 2276 nihil
699 2226 882 2298 utique
895 2227 1054 2278 refert
1072 2224 1140 2278 ad
1159 2245 1374 2278 sensum
1526 2230 1577 2282 3.
1601 2231 1834 2302 Ignosce.
1852 2233 1942 2284 W.
1968 2234 2171 2303 recepit
2195 2232 2461 2304 ignoscite.

371 2307 588 2355 omnino
599 2318 889 2376 patentem,
901 2319 1283 2379 utrumcunque
1297 2306 1376 2358 fo·
1453 2306 1617 2360 Nullo
1638 2307 1799 2360 modo
1819 2321 1996 2361 tamen
2016 2327 2047 2360 a
2064 2308 2277 2378 vulgata
2296 2309 2461 2361 desci-

370 2401 492 2436 veas
515 2382 814 2436 lectionem.
842 2386 935 2436 Eu.
1452 2390 1647 2451 νοτίαις
1692 2389 1891 2462 quippe
1932 2389 1999 2441 ad
2040 2390 2205 2442 filium
2245 2410 2461 2455 recens,

446 2479 494 2513 2.
537 2462 709 2531 Quum
746 2463 1011 2516 damnato.
1059 2463 1290 2515 Gronov.
1322 2477 1375 2515 et
1454 2470 1744 2522 etiamnum
1763 2472 2024 2524 convertit
2039 2484 2208 2525 mater
2224 2484 2469 2545 apostro-

374 2538 527 2591 Voss.
541 2541 933 2594 sec.damnatus
946 2540 1215 2608 exhibent,
1230 2542 1376 2614 quod
1452 2548 1616 2622 phen.
1641 2551 1736 2602 En.
