3200 5117
1294 551 1381 611 M.
1434 549 1686 612 FABll
1733 548 2372 628 QUINTlLlANl

786 676 1031 750 Cicero
1086 676 1297 744 etiam
1348 674 1434 744 ab
1495 672 1616 743 illo
1681 673 2163 745 crudelissimo
2207 672 2458 744 Siciliae
2515 688 2889 771 'tyrann0,

785 819 970 862 mors
995 791 1080 861 sit
1105 810 1409 861 extrema
1440 788 1793 861 malorum
1815 802 1866 860 ².
1904 789 2118 880 Quod
2155 789 2439 888 quidem
2480 818 2703 888 quum
2739 817 2895 889 per-

786 908 1079 978 missum
1124 933 1264 978 non
1315 928 1528 994 esset,
1565 906 2072 1004 pernoctabant
2104 926 2261 976 ante
2306 905 2564 977 ostium
2605 907 2892 978 carceris

785 1022 1006 1119 pretio
1035 1021 1455 1092 redimentes
1479 1019 1862 1119 sepeliendi
1889 1041 2319 1119 potestatem.
2345 1021 2581 1111 Quid?
2603 1023 2888 1094 tandem

786 1134 915 1205 hoc
951 1138 1227 1206 Marcus
1250 1134 1560 1222 Tullius,
1596 1154 1821 1233 patres
1854 1156 2246 1233 matresque
2267 1194 2284 1224 ,
2317 1136 2787 1235 promeruit3:
2819 1159 2891 1209 tu

784 1252 1006 1321 vende
1030 1250 1271 1320 saltem
1288 1308 1305 1339 ,
1329 1251 1515 1349 quod
1539 1250 1671 1322 sub
1693 1253 1914 1322 Verre
1936 1251 2496 1323 crudelissimum
2522 1254 2690 1324 fuit:
2712 1277 2891 1327 certe

785 1393 912 1464 ego
935 1365 1161 1436 filium
1188 1366 1564 1455 redimam,
1594 1393 1720 1436 nec
1748 1366 1923 1438 mihi
1952 1368 2256 1465 pretium
2282 1368 2405 1438 ‹liu
2435 1370 2890 1464 quaerendum

786 1502 921 1570 est,
958 1480 1183 1553 habeo
1214 1509 1486 1553 manus.
1524 1481 1720 1553 Nihil
1756 1482 2050 1553 moveris
2088 1507 2316 1572 nunc,
2354 1504 2420 1554 et
2457 1484 2889 1556 debilitatem

787 1622 979 1670 tuam
1006 1597 1258 1698 jactas:
1293 1598 1644 1697 singulare
1674 1600 1958 1672 feminis
1996 1599 2398 1699 exemplum
2439 1603 2707 1673 ostendi
2740 1629 2893 1672 nar·

788 1714 1059 1812 rarique
1105 1713 1484 1804 desideraS,
1530 1716 1959 1814 sepulturam
1998 1716 2118 1787 filii
2156 1717 2447 1788 maritus
2488 1744 2526 1787 a
2561 1737 2625 1788 te
2660 1718 2890 1816 impe-

786 1852 962 1902 trare
998 1858 1141 1902 non
1175 1832 1434 1929 potuit:
1476 1832 1649 1903 vade
1691 1833 2013 1922 hercule,
2053 1833 2105 1903 si
2151 1832 2360 1923 libet,
2410 1854 2478 1904 et
2521 1859 2770 1933 corpus
2817 1834 2890 1904 in

786 1946 1037 2018 fluctus
1081 1949 1375 2045 repelle:
1414 1969 1532 2018 aut
1580 1950 1635 2018 si
1686 1975 1937 2047 parum
1985 1949 2239 2021 celebri
2275 1950 2430 2022 loco
2460 1949 2733 2021 videtur
2759 1950 2890 2021 ad-

781 2064 1049 2161 jectum
1073 2122 1092 2154 ,
1127 2064 1333 2164 injice
1374 2091 1707 2153 manum3
1746 2087 1810 2136 et
1844 2093 1933 2137 ne
1981 2068 2220 2138 minus
2260 2089 2322 2138 te
2354 2067 2544 2138 satiet
2581 2066 2888 2138 alienum

786 2179 1296 2270 ministerium,
1337 2181 1482 2279 ipsa
1519 2181 1966 2278 potissimum
2000 2183 2224 2254 trahe:
2265 2184 2548 2254 alteram
2595 2209 2888 2253 manum

786 2294 1095 2364 cadaveri
1128 2295 1448 2392 impone,
1468 2293 1680 2365 altera
1707 2295 1874 2385 duc,
1893 2324 2033 2395 qua
2059 2296 2700 2393 frequentissimum
2730 2297 2890 2368 rotis

789 2410 914 2480 iter
950 2429 1083 2498 est,
1121 2430 1186 2479 et
1219 2411 1417 2507 nigra
1453 2410 1625 2482 limo
1658 2412 1804 2483 via:
1843 2435 2141 2513 proterat
2180 2415 2514 2485 miserum
2556 2433 2887 2484 onustum

783 2522 1221 2609 vehiculum,
1259 2545 1325 2594 et
1359 2526 1871 2596 sanctissimum
1921 2550 2159 2625 pectus
2202 2527 2481 2627 ungulae
2535 2546 2884 2625 rumpant.

786 2642 943 2738 Ipsa
996 2640 1333 2735 quoniam
1383 2640 1701 2712 deficeris
1750 2643 2007 2732 oculis,
2057 2643 2307 2714 elisum
2365 2664 2606 2742 caput,
2648 2665 2714 2714 et
2759 2670 2890 2740 op-

784 2780 1013 2852 pressa
1039 2755 1469 2852 ponderibus
1497 2758 1876 2854 praecordia
1901 2758 2231 2830 manibus
2259 2759 2396 2830 tuis
2421 2778 2752 2858 pertracta
2778 2785 2791 2826 :
2833 2756 2888 2828 si

784 2869 1073 2969 quidem
1111 2870 1369 2942 audeas
1388 2929 1406 2961 ,
1435 2872 1575 2942 istis
1602 2873 1806 2942 etiam
1834 2871 2052 2944 lacera
2079 2873 2427 2947 dentibuS.
2457 2875 2846 2970 Litigamus
2866 2929 2885 2960 ,

788 2985 1229 3056 consistimus
1246 2985 1299 3077 4,
1339 2987 1413 3057 in
1450 2986 1796 3059 diversum
1823 2987 2133 3059 abimus:
2173 3015 2426 3088 nempe
2460 3016 2681 3088 quum
2708 2988 2891 3060 vice-

793 553 910 628 iq'o

771 3162 991 3236 filium,
1018 3179 1112 3215 etc.
1141 3164 1238 3216 Vel
1262 3167 1432 3235 possis
1458 3168 1532 3216 sic
1557 3184 1797 3214 commo-

786 3247 996 3298 dissime
1025 3269 1035 3296 :
1091 3246 1243 3315 Quod
1285 3246 1578 3316 postularet
1625 3249 1796 3296 Cicero

1877 3167 2067 3218 multas
2112 3171 2448 3238 conjecturas
2494 3188 2607 3238 quae
2652 3169 2882 3220 animum

1880 3246 2016 3297 ultro
2050 3247 2291 3319 citroque
2325 3245 2646 3299 distrahunt.
2683 3248 2885 3317 Nempe

786 3327 919 3394 (nec
954 3327 1095 3376 enim
1130 3325 1242 3394 ipse
1278 3323 1604 3395 postulavit)
1636 3324 1796 3374 etiam

785 3422 835 3452 α.
861 3405 894 3452 ι’.
919 3422 964 3452 c.
988 3404 1038 3453 S.
1066 3414 1099 3451 t.
1135 3420 1271 3452 mors
1302 3422 1340 3452 s.
1364 3423 1406 3453 e.
1430 3422 1500 3453 m.
1529 3402 1672 3470 Quid
1690 3414 1798 3453 tcm-

784 3484 940 3532 dem?
963 3484 1079 3533 Hoc
1108 3484 1183 3533 M.
1216 3483 1275 3532 T.
1304 3502 1372 3532 m.
1393 3504 1448 3554 p.
1477 3485 1796 3554 promeruis-

785 3573 873 3614 set.
904 3563 986 3612 Tu
1012 3565 1197 3629 vende,
1224 3577 1324 3614 etc.
1353 3565 1568 3615 Scmfvr.

863 3659 906 3692 1.
943 3643 1302 3695 Gnade-tissima
1328 3644 1522 3696 Sicilia»
1550 3656 1792 3715 tyranno.

786 3723 919 3775 Vide
942 3727 1063 3774 Ver.
1084 3726 1146 3786 V,
1174 3724 1269 3790 44,
1292 3738 1342 3776 et
1368 3726 1463 3791 45,
1490 3727 1579 3778 ubi
1606 3727 1715 3778 haec
1741 3729 1794 3778 in

788 3807 1032 3871 Verrem,
1067 3823 1225 3875 quem
1264 3807 1672 3859 crudelissimum
1713 3821 1795 3878 ty-

784 3906 1009 3939 rannum
1034 3887 1228 3939 Sicilioe
1250 3902 1420 3939 vocat.

859 3982 905 4016 2.
953 3965 1095 4018 Mors
1134 3968 1199 4018 sit
1238 3978 1466 4018 extrema
1507 3967 1789 4018 malorum.

784 4043 899 4096 Nec
921 4045 1107 4097 Cicero
1132 4043 1296 4095 habet
1321 4044 1601 4096 malorum.

856 4125 905 4178 3.
937 4125 1053 4176 Hoc
1078 4126 1158 4176 Μ.
1194 4126 1458 4178 Tullius...
1488 4127 1790 4196 promeruit.

785 4207 957 4257 Locus
984 4206 1271 4258 admodum
1295 4209 1582 4273 obscurus,
1610 4209 1694 4259 cui
1722 4209 1795 4259 fa-

786 4305 897 4338 cem
925 4287 1247 4359 praetendere
1272 4308 1383 4340 non
1401 4289 1635 4342 valemus
1661 4291 1795 4341 inter

1878 3327 2238 3398 qualicunque
2263 3327 2426 3379 modo
2452 3328 2578 3379 talia
2598 3327 2885 3398 intelligas,

1879 3406 2092 3458 difficile
2131 3422 2245 3472 est,
2285 3421 2345 3458 ut
2387 3409 2592 3478 possint
2637 3427 2758 3458 cum
2802 3426 2886 3458 se·-

1880 3487 2163 3556 quentibus
2192 3485 2486 3556 quadrare;
2518 3489 2590 3537 ita
2616 3500 2673 3536 ut
2704 3484 2886 3537 creda-

1877 3583 1992 3615 mus
2024 3565 2281 3616 nonnulla
2310 3564 2392 3616 vel
2421 3563 2779 3628 intercidisse,
2803 3562 2883 3614 vel

1879 3665 1992 3697 esse
2023 3648 2324 3699 interversa.
2349 3645 2577 3697 Videant
2608 3648 2769 3716 igitur
2793 3663 2885 3716 pe-

1878 3729 2105 3779 ritiores.
2131 3729 2225 3778 En.

1950 3806 1998 3872 4.
2027 3806 2370 3858 Consistimus.
2388 3808 2457 3858 Ut
2476 3803 2581 3856 hoc
2603 3806 2763 3858 verbo
2785 3806 2884 3856 uti-

1877 3907 1994 3939 mur
2024 3891 2077 3939 in
2105 3888 2277 3952 bello,
2307 3900 2358 3938 et
2386 3887 2501 3939 aliis
2531 3889 2885 3939 concertatio-

1876 3969 2065 4036 nibus,
2100 3971 2175 4021 ita
2207 3982 2257 4021 et
2293 3973 2344 4019 in
2373 3968 2587 4038 judiciis
2621 3969 2882 4038 litigantes

1875 4051 2156 4104 adversarii
2179 4053 2469 4102 consistere
2493 4049 2758 4101 dicuntur.
2792 4049 2884 4099 Se-

1875 4149 1989 4182 nec.
2012 4131 2079 4181 de
2099 4132 2207 4195 Ira,
2227 4132 2300 4194 11,
2329 4145 2356 4197 7
2378 4151 2388 4179 :
2419 4153 2438 4174 u
2461 4129 2610 4181 Alius
2632 4148 2752 4180 cum
2777 4143 2883 4178 ma-

1882 4231 1903 4256 «
1923 4224 2002 4259 tre
2023 4209 2278 4259 consistit.
2304 4231 2325 4252 υ
2355 4207 2457 4259 Ubi
2476 4210 2681 4278 Lipsius
2701 4206 2884 4278 plura,

1875 4293 2028 4342 etiam
2068 4309 2126 4342 ex
2161 4288 2649 4341 Declamationibus
2681 4287 2795 4350 his;
2826 4289 2882 4340 in
