3200 5117
728 540 995 606 DECL.
1042 538 1250 604 XIII.
1297 537 1523 602 APES
1569 537 2041 604 PAUPERIS.
2301 559 2422 629 297

355 666 542 765 gurii,
578 664 910 736 rusticum
945 660 1226 732 culmen
1268 661 1550 755 aequitas
1586 660 1807 731 animi
1843 674 2095 757 regna¹
2142 661 2427 750 fecerat,

355 783 649 878 satisque
675 778 1074 850 divitiarum
1099 796 1240 847 erat
1256 833 1275 866 ‚
1304 774 1487 845 nihil
1514 773 1816 872 amplius
1839 774 2036 846 velle.
2067 774 2263 864 Quid
2288 803 2437 875 pro-

355 896 545 970 dest?
577 897 673 969 sic
704 920 982 992 quoque
1015 919 1128 963 me
1170 891 1499 962 latentem
1541 890 1806 962 invenit
1847 891 2129 963 invidia.
2161 894 2308 964 Nec
2341 892 2430 963 ab

358 1011 594 1110 initio,
622 1009 926 1110 judices,
953 1006 1221 1079 vicinus
1246 1003 1474 1076 divitis
1500 1004 1642 1075 fui:
1675 1031 1869 1104 pares
1897 1006 2077 1077 circa
2102 1032 2216 1077 me
2239 1005 2433 1077 habi-

355 1145 573 1197 tavere
596 1124 907 1213 domini,
925 1142 989 1193 et
1011 1120 1489 1218 frequentibus
1506 1120 1691 1193 villis
1708 1147 1988 1194 concors
2011 1122 2263 1195 vicinia
2285 1150 2434 1222 par·

356 1269 473 1313 vos
519 1240 770 1311 limites
816 1238 1065 1311 coluit:
1119 1237 1309 1334 quod
1350 1237 1526 1310 cives
1566 1237 1920 1336 pascebat,
1967 1265 2156 1312 nunc
2202 1239 2432 1311 divitis

360 1355 569 1427 unius
609 1353 847 1426 hortus
892 1375 1022 1425 est:
1071 1375 1438 1452 postquam
1479 1353 1824 1453 proximos
1869 1359 2180 1453 quosque
2229 1354 2436 1428 revel-

360 1469 567 1542 lendo
589 1470 918 1542 terminos
942 1496 1102 1568 ager
1128 1468 1489 1568 locupletis
1513 1468 1715 1542 latius
1739 1470 2149 1543 inundavit²
2170 1501 2188 1560 3
2214 1497 2434 1570 aequa-

359 1605 440 1655 tae
472 1585 615 1656 solo
647 1584 853 1674 villae,
886 1605 952 1656 et
978 1585 1199 1656 excisa
1224 1585 1443 1684 patria
1470 1611 1690 1677 sacra,
1725 1606 1792 1658 et
1823 1613 1988 1658 cum
2021 1586 2434 1689 conjugibus

362 1697 721 1797 parvisque
750 1698 1024 1788 liberis,
1061 1718 1509 1796 respectantes
1541 1699 1847 1797 patrium
1880 1699 2129 1790 larem,
2172 1702 2435 1799 migra-

360 1833 604 1885 verunt
618 1833 872 1886 veteres
895 1813 1155 1885 coloni:
1190 1835 1255 1885 et
1281 1811 1441 1885 laetae
1467 1814 1863 1887 solitudinis
1888 1815 2252 1889 indiscreta
2276 1816 2437 1888 uni-

364 1947 460 1998 tas
488 1928 665 1999 facta
692 1948 823 2020 est,
857 1950 1221 2030 postquam
1253 1929 1341 2001 ad
1369 1955 1532 2030 apes
1559 1956 1749 2002 meas
1782 1930 2010 2003 divitis
2037 1928 2297 2003 fundus
2326 1958 2440 2002 ac-

363 2043 575 2114 cessit.
605 2044 927 2143 Namque
951 2065 1077 2144 ego
1097 2101 1116 2134 ,
1136 2044 1408 2147 judices
1423 2102 1444 2136 ,
1474 2044 1648 2116 dum
1670 2046 1912 2118 fortius
1934 2073 2109 2145 opus
2128 2046 2438 2146 permisit

367 2176 558 2247 aetas,
593 2178 843 2231 terram
885 2158 1213 2231 manibus
1254 2157 1536 2257 subegi,
1581 2179 1649 2232 et
1689 2158 2165 2231 difficultatem
2204 2158 2438 2230 labore

363 2273 731 2370 perdomui
753 2273 805 2364 3,
840 2295 910 2346 et
944 2274 1164 2346 invito
1198 2273 1342 2347 solo
1374 2272 1697 2345 nonnihil
1734 2294 1967 2346 tamen
1999 2272 2440 2346 fecunditatis

366 2390 679 2488 expressi.
706 2390 862 2463 Cito
889 2390 1142 2462 labitur
1160 2389 1305 2462 dies
1323 2446 1342 2479 ,
1373 2408 1440 2461 et
1461 2388 1779 2488 proclivis
1804 2389 1879 2461 in
1899 2399 2201 2487 pron'um
2223 2389 2440 2459 fertur

369 2524 554 2575 aetas:
582 2502 814 2576 abiere
836 2505 1010 2576 vires
1027 2561 1048 2593 ,
1074 2530 1317 2578 census
1346 2529 1542 2576 meus
1559 2559 1579 2593 ,
1608 2502 2005 2600 defectaque
2035 2501 2270 2582 labore
2291 2498 2444 2571 4se-·

446 2732 466 2766 1
478 2755 489 2766 .
505 2719 698 2792 Regna.
714 2718 914 2774 Alludit
925 2759 942 2786 ,
957 2735 1016 2774 ut
1032 2740 1167 2792 saepe
1187 2721 1239 2772 in
1259 2719 1359 2773 hac

367 2796 789 2868 Declamatione,
810 2802 879 2854 ad
897 2802 983 2855 illa
997 2805 1139 2873 virg.
1161 2803 1269 2855 Ecl.
1303 2822 1319 2855 ι
1344 2825 1356 2853 =

372 2897 396 2920 α
415 2877 520 2928 Pau
527 2879 665 2947 peris
680 2893 731 2931 et
745 2883 920 2951 tuguri
934 2895 1243 2952 congestum
1257 2899 1364 2934 ces-

376 2979 399 3004 «
416 2961 526 3031 pite
540 2962 769 3032 culmen,
781 2966 923 3031 Post,
938 2963 1139 3037 aliquot
1151 2983 1267 3018 mea
1282 2983 1361 3018 re·

375 3058 518 3110 «gna
567 3041 749 3095 videns
803 3043 1037 3096 mirabor
1086 3046 1312 3097 aristas?
1335 3066 1357 3089 ¹·

367 3120 528 3188 Quod
568 3126 768 3176 notavit
811 3129 921 3196 jam
967 3124 1177 3177 Badius.
1220 3124 1363 3176 Idem

368 3203 749 3276 Maro,Georg.
763 3207 847 3271 111,
863 3205 965 3275 476
984 3228 995 3255 ε
1025 3229 1046 3252 ι
1064 3207 1218 3257 Nunc
1234 3222 1364 3275 quo-

377 3303 399 3326 «
421 3297 524 3349 que
547 3295 671 3351 post
690 3295 838 3335 tamo
856 3282 1031 3335 videat
1053 3283 1366 3355 desertaque

377 3381 401 3404 ι
422 3376 582 3426 regna
635 3361 926 3413 Pastorum.
954 3387 976 3411 ι
1028 3364 1264 3416 Imitatus
1314 3375 1367 3414 et

369 3436 615 3488 Lucanus
637 3435 728 3488 lib.
752 3439 851 3503 lx,
876 3439 1009 3505 458:
1045 3461 1068 3485 οι
1086 3441 1267 3512 Regna
1289 3441 1368 3491 vi-

379 3539 403 3562 ·
421 3515 512 3569 det
554 3536 758 3590 pauper
804 3522 1071 3574 Nasamon
1117 3524 1366 3574 ert-tantia

382 3619 405 3642 ι
424 3612 599 3649 vento.
622 3623 644 3647 n
694 3600 759 3652 Et
797 3601 1052 3654 Martialis
1099 3602 1220 3667 ΧΠ,
1267 3603 1333 3673 57
1353 3620 1367 3649 ²

381 3697 404 3720 a
424 3676 684 3732 Petilianis
717 3678 971 3732 delicatus
1011 3680 1064 3731 in
1109 3682 1310 3750 regnis:
1342 3703 1364 3727 ι

376 3755 447 3805 Ut
473 3754 705 3808 Raderus
732 3757 975 3828 explicat.
1005 3758 1171 3810 Bunu.

450 3850 497 3885 2.
539 3833 844 3888 Inundam't.
881 3835 1149 3889 Audacior
1179 3835 1374 3907 figura,

377 3929 648 3988 tamquam
682 3916 878 3970 diluvio
925 3920 1230 3991 occupavit:
1267 3935 1376 3969 ma-

377 3995 469 4046 lim
497 4012 654 4060 vero,
683 3996 948 4067 prosimos
967 4014 1192 4069 quosque
1219 3998 1372 4047 inun-

379 4075 523 4126 davit
546 4075 893 4144 conjungere,
919 4093 1075 4146 quam
1094 4092 1241 4145 prox.
1270 4093 1369 4126 mv.

380 4154 655 4218 terminos,
677 4151 780 4204 hoc
800 4151 986 4219 modo,
1001 4163 1272 4225 postquam
1289 4171 1370 4224 pr.

380 4254 631 4309 quosque,
657 4236 830 4291 renen„
852 4249 1029 4304 tem„
1053 4251 1152 4291 etc.
1181 4240 1346 4291 Bona.

1512 2719 1560 2770 3.
1577 2716 1961 2790 Difficultatem
1976 2717 2146 2770 labore
2150 2716 2440 2789 perdmnut'.

1439 2795 1516 2846 Eo
1531 2797 1758 2865 pertinet
1768 2833 1784 2861 ,
1802 2793 1948 2865 quod
1962 2794 2225 2866 frequenti
2241 2808 2292 2848 et
2305 2812 2445 2865 quo-

1440 2873 1644 2927 tidiano
1668 2874 1851 2926 labore
1877 2874 2119 2940 efficitur,
2145 2893 2253 2945 quo
2272 2876 2445 2926 minus

1441 2952 1813 3006 difficultatem
1824 2951 2042 3018 laboris,
2058 2967 2109 3004 et
2126 2954 2294 3024 ipsam
2311 2952 2444 3004 adeo

1440 3033 1801 3088 lassitudinem
1840 3034 2123 3086 sentiamus
2143 3070 2161 3098 ,
2193 3036 2265 3084 ita
2304 3031 2446 3084 diffi-

1443 3115 1646 3182 cultas,
1676 3129 1728 3166 et
1759 3112 2015 3167 lassitudo
2043 3115 2196 3185 quasi
2217 3116 2363 3165 victoe
2395 3125 2449 3165 et

1443 3194 1651 3246 domitoe
1676 3193 1934 3245 videntur.
1962 3193 2177 3245 Senum.
2200 3195 2311 3263 Ego
2330 3190 2446 3258 hic,

1444 3293 1568 3328 cum
1588 3273 1780 3342 Badio,
1808 3273 1875 3326 de
1900 3274 2015 3346 ipsa
2040 3286 2178 3325 terra
2205 3269 2447 3344 difficili,

1447 3368 1674 3427 quse,·ut
1696 3367 1816 3407 ante
1837 3353 2204 3429 dixit,jq'uuoe
2217 3352 2380 3426 yleboe
2397 3364 2452 3404 et

1447 3436 1666 3502 sterilis,
1708 3435 1934 3506 negabat
1982 3435 2177 3486 victum
2196 3471 2214 3500 ,
2260 3451 2450 3505 capere

1447 3517 1622 3581 malo,
1669 3535 1828 3589 quam
1867 3514 2231 3574 difficultatem
2267 3513 2451 3567 labore

1446 3597 1748 3670 perdomui.

1522 3679 1573 3745 4.
1593 3679 1912 3751 Defectaque
1927 3678 2099 3731 labore
2112 3687 2356 3730 senectus.
2369 3675 2454 3728 Se-

1453 3770 1628 3820 nectus
1672 3758 1875 3831 defecta
1927 3759 2130 3823 labore,
2181 3770 2260 3811 est
2275 3795 2292 3824 ,
2338 3774 2453 3828 quae

1455 3838 1682 3911 amplius
1718 3838 1888 3891 labori
1921 3858 2030 3892 nou
2073 3839 2301 3903 sufficit,
2338 3855 2454 3909 quae

1454 3931 1677 3989 propter
1706 3920 1997 3989 praeteritos
2019 3915 2227 3969 labores
2251 3929 2328 3969 est
2360 3914 2454 3968 de-

1453 3998 1601 4065 bilis,
1622 3998 1796 4051 deficit
1812 4036 1829 4063 ,
1854 4010 1905 4049 ct
1928 3996 2174 4049 laborare
2197 4015 2305 4049 non
2331 4015 2454 4067 per-

1454 4082 1615 4132 mittit
1651 4078 1904 4149 amplius,
1940 4076 2079 4129 idem
2122 4076 2270 4150 quod
2304 4079 2455 4129 inva-

1455 4159 1589 4226 lida,
1616 4173 1674 4211 ut
1686 4176 1811 4210 mox
1823 4169 1992 4208 vocat.
2010 4156 2171 4209 Gron.
2190 4171 2243 4210 et
2256 4154 2452 4211 Schult.

1456 4240 1721 4294 malebant
1747 4239 2052 4310 defessaque.
