3200 5117
666 528 1296 599 DECLAMATIO
1341 529 1463 592 IV.
1513 526 1699 596 PRO
1742 529 2035 596 FILIO.
2315 533 2397 599 83

309 681 554 733 netur:
591 654 996 756 parentibus
1023 679 1184 725 vero
1219 651 1401 723 circa
1438 649 1687 724 liberos
1727 679 1913 725 unus
1944 655 2236 728 affectus
2268 679 2402 747 est,

308 778 538 856 favere
584 774 766 863 vitae,
822 770 1066 841 timere
1113 788 1461 839 mortem:
1503 792 1650 839 non
1684 765 1951 841 habent
1998 769 2408 868 patientiam·

312 915 441 964 nec
460 889 660 990 justae
693 886 1061 973 orbitatis¹,
1096 903 1163 954 et
1193 881 1376 954 inter
1412 865 1753 979 supplicia
1797 881 1958 954 licet
1993 911 2402 987 poenasque,

313 1030 557 1078 omnes
600 1021 837 1074 tamen
892 999 1023 1071 illis
1074 997 1514 1085 innocentes,
1561 1022 1812 1068 omnes
1856 998 2087 1070 miseri
2135 1027 2404 1075 sumus.

313 1122 495 1218 Ego,
532 1138 758 1218 patres
790 1114 1182 1212 conscripti,
1202 1138 1661 1185 communem
1683 1111 1864 1220 hanc
1894 1113 2407 1214 impatientiam

312 1235 495 1309 senis
521 1232 828 1306 accendo
861 1231 1140 1330 pietate,
1176 1227 1594 1300 reverentia:
1641 1227 1798 1300 fieri
1841 1256 1984 1302 nou
2022 1253 2279 1331 potest,
2329 1255 2416 1306 ut

316 1349 616 1432 seniori
661 1345 909 1430 debere
948 1342 1359 1442 persuadeat
1400 1344 1575 1441 patri
1621 1344 1836 1434 filius,
1883 1367 2160 1445 propter
2190 1375 2410 1446 quem

316 1492 390 1537 se
431 1463 701 1535 videtur
731 1460 1062 1534 occidere.
1108 1459 1468 1534 Hactenus
1517 1459 1736 1557 leges,
1773 1460 2107 1535 hactenus
2164 1466 2411 1538 merita

316 1580 697 1652 virtutum:
729 1575 1092 1648 veniamus
1128 1574 1218 1646 ad
1255 1576 1701 1646 necessitates.

418 1695 609 1764 vlu.
644 1689 825 1763 Mori
859 1690 1053 1779 volo;
1106 1690 1286 1762 mori
1319 1689 1512 1779 volo,
1558 1689 1653 1761 ita
1689 1711 1775 1762 -ut
1805 1693 2112 1764 reddidi²
2149 1721 2408 1768 causas.

320 1814 427 1881 Ita
461 1834 606 1880 non
649 1833 732 1877 ex
764 1805 896 1877 hac
929 1804 1403 1877 destinatione
1427 1806 1689 1877 sentitis
1719 1805 2062 1903 quidquid
2095 1807 2233 1879 dici
2269 1837 2417 1881 non

322 1945 582 2024 potest:
640 1922 941 1998 videritis
987 1920 1159 2019 quid
1206 1948 1335 1993 nos
1380 1921 1748 2020 hucusque
1785 1923 2200 2022 ‘pmtulerit‚
2251 1925 2418 1998 hinc

323 2038 575 2137 incipit.
605 2038 793 2112 ratio.
822 2036 1036 2126 Quod
1065 2034 1252 2124 volo,
1300 2034 1537 2134 fingite
1581 2047 1811 2108 unum
1849 2064 1928 2108 ex
1971 2038 2232 2137 populo
2264 2061 2421 2111 tur-

323 2156 553 2254 baque
591 2174 819 2252 petere
856 2151 975 2253 jus
1014 2151 1459 2250 praemiorum
1494 2180 1512 2226 ε
1565 2179 1711 2226 non
1758 2151 1966 2226 debet
2013 2153 2145 2228 hoc
2174 2157 2380 2228 vetari
2400 2212 2421 2247 ‚

328 2272 598 2371 quoties
628 2270 843 2342 habet
883 2296 1155 2358 causas3
1209 2295 1355 2342 non
1397 2289 1660 2368 potest,
1687 2269 1958 2367 quoties
1997 2298 2144 2344 non
2175 2271 2418 2363 babet3

330 2385 589 2458 scilicet
617 2385 809 2457 enim
837 2384 1218 2458 verendum
1258 2405 1391 2472 est,
1427 2410 1517 2456 ne
1550 2384 1644 2457 ad
1673 2385 1812 2458 hoc
1857 2386 2287 2479 inconsulte,
2331 2415 2424 2461 ne

332 2522 589 2574 temere
624 2499 861 2573 levitas
909 2499 1225 2572 humana
1276 2498 1632 2598 prosiliat:
1667 2521 1754 2572 ¹et
1798 2501 2123 2574 credibile
2166 2525 2294 2594 est,
2345 2525 2427 2575 ut

332 2614 675 2713 quidquid
700 2613 890 2713 apud
920 2612 1305 2686 hominem
1299 2640 1437 2711 pro
1469 2613 1608 2686 vita
1646 2614 1781 2687 dici
1823 2637 2074 2714 potest,
2114 2618 2264 2716 ipsa
2296 2619 2427 2690 sibi

331 2730 470 2805 vita
500 2757 646 2803 non
684 2729 944 2802 dixerit.
991 2729 1194 2801 Abite
1226 2730 1760 2827 gratulationes,
1802 2729 1993 2803 silete
2029 2732 2425 2825 blanditiae,

332 2846 603 2946 quoties
638 2845 791 2946 jam
836 2845 1088 2944 putatis
1131 2845 1436 2917 noluisse
1476 2871 1596 2917 me
1633 2845 1858 2915 mori:
1894 2847 2245 2945 primurn,
2294 2845 2431 2921 ho'c

336 2964 761 3052 maximum,
834 2962 1023 3060 quod
1064 2987 1217 3061 ,pro
1276 2960 1753 3034 incolumitate
1812 2962 2118 3034 hominis
2177 2985 2431 3034 natura

338 3097 738 3176 commenta
764 3097 897 3166 est,
926 3097 1009 3148 ut
1030 3077 1414 3175 periremus
1447 3076 1673 3166 inviti3
1707 3096 1776 3148 et
1806 3096 2040 3148 contra
2068 3098 2167 3149 tot
2192 3077 2431 3151 adver-

336 3221 446 3267 sos
495 3178 731 3284 casus,
777 3194 1125 3293 patientias
1161 3193 1364 3266 nobis
1398 3193 1915 3291 aequanimitate
1952 3219 2428 3271 succurreret:

338 3309 509 3382 inde
540 3331 644 3382 est
672 3309 861 3408 quod
887 3310 1064 3381 inter
1088 3310 1316 3381 luctus
1341 3328 1407 3380 et
1435 3308 1948 3408 desperationes
1970 3309 2150 3381 foeda
2184 3312 2433 3385 vivaci-

340 3424 514 3497 tate3
555 3424 912 3497 duramus,
943 3426 1056 3495 An
1096 3450 1213 3496 vos
1251 3449 1367 3494 me
1402 3422 1667 3496 moveri
1709 3449 1854 3495 non
1896 3423 2205 3515 creditis,
2241 3428 2435 3523 quod

327 3524 613 3642 juvenis
635 3539 834 3613 sum?
861 3541 1052 3639 quod
1078 3541 1293 3613 modo
1320 3540 1469 3612 vitae
1492 3541 1908 3639 voluptates,
1946 3541 2158 3614 modo
2182 3544 2436 3641 gaudia

416 3729 463 3763 ι.
480 3713 642 3763 Justoe
656 3711 902 3764 orbitatis.
929 3713 1058 3780 Quae
1082 3711 1166 3777 fit,
1184 3730 1348 3783 quum
1428 3713 1564 3780 Quia
1581 3730 1772 3782 nempe
1785 3730 1886 3784 pro
1906 3712 2121 3783 pra-mio
2140 3713 2287 3784 quod
2309 3718 2436 3768 satis

341 3805 590 3866 parentes
627 3792 886 3846 orbantur
924 3793 1104 3846 liberis
1143 3812 1349 3846 noceo·
1428 3792 1666 3864 amplum
1681 3805 1868 3865 optare
1882 3806 2287 3866 potersm‚opto
2304 3815 2440 3847 mor-

342 3873 499 3926 tibus·
513 3876 687 3944 justas
719 3893 904 3946 poenas
930 3874 1171 3946 judiciali
1200 3874 1350 3928 dam-
1428 3888 1535 3927 tem
1554 3874 1908 3927 voluntariam
1923 3913 1942 3940 ‚
1963 3875 2237 3948 parricidii
2263 3894 2404 3929 metu
2422 3915 2441 3944 ‚

344 3955 565 4005 natione
618 3953 1010 4006 exsolventibus
1034 3992 1053 4020 ‚
1090 3953 1351 4025 quibusve
1432 3952 1579 4027 quod
1601 3956 1657 4005 in
1678 3955 1912 4026 optionis
1938 3957 2198 4026 regionem
2223 3955 2392 4006 attuli.

342 4053 443 4106 per
487 4033 713 4086 honesta
767 4034 985 4087 vulnera
1025 4055 1126 4107 pro
1172 4037 1354 4106 patriae
1504 4033 1556 4087 3.
1577 4032 1731 4086 Foeda
1750 4032 2039 4086 vivacitate.
2061 4032 2262 4086 Eodem
2282 4054 2450 4087 sensu

346 4117 523 4170 salute¹
543 4117 805 4187 contingit
829 4119 1199 4187 oppetere-Eu.
1433 4114 1628 4168 Fabius
1677 4115 1892 4188 impiam
1941 4115 2269 4168 vivacitatem
2311 4115 2445 4167 dixit

421 4214 471 4249 2.
531 4196 620 4247 Ita
664 4207 725 4247 ut
771 4195 988 4247 oeddida.
1047 4193 1355 4266 Legendum
1433 4198 1660 4250 Prooem.
1689 4193 1781 4247 lib.
1801 4197 1903 4258 Vl,
1933 4193 2026 4245 uhi
2050 4192 2170 4247 vide
2200 4213 2315 4265 quas
2344 4212 2444 4245 no-

348 4275 489 4328 forte
516 4275 595 4327 ita
622 4292 767 4327 nunc
792 4292 900 4327 non
934 4273 1134 4328 reddidi
1158 4291 1351 4328 causas.
1435 4276 1689 4341 tavimm,
1711 4291 1832 4345 pag.
1859 4274 1990 4340 385,
2009 4272 2113 4325 vol.
2139 4275 2204 4323 11.
2229 4275 2319 4324 Eo.

2141 4361 2190 4412 6.
