3200 5117
690 566 772 635 90
1193 548 1283 611 M.
1335 548 1579 611 fAssn
1632 545 2269 628 QmN'rnAAM

690 692 905 743 totam
943 673 1062 742 aevi
1096 674 1200 743 sui
1231 673 1631 744 brevitatem
1669 670 2126 770 compositum
2163 672 2654 769 firmatumque
2680 673 2778 743 sic

687 787 930 885 accipit
957 788 1220 876 futura,
1255 789 1447 886 quasi
1478 788 1714 858 vitam.
1766 789 1929 858 Haec
1971 785 2212 874 cred0‚
2264 807 2489 884 pater,
2538 784 2782 857 terrori

684 903 921 1002 primis
940 904 1146 975 fuisse
1176 906 1610 994 mortalibus,
1629 932 1788 975 mox
1815 903 2342 975 admirationem
2364 925 2776 1001 consumpta

686 1020 986 1091 novitate
1041 1022 1408 1093 meruisse:
1457 1020 1791 1120 paulatim
1846 1020 2096 1091 deinde
2142 1019 2273 1092 hoc
2317 1018 2505 1116 quod
2548 1039 2776 1116 stupe·

685 1164 872 1225 mus,
909 1138 1183 1210 animus
1222 1166 1426 1210 ausus
1461 1139 1827 1236 diligenter
1849 1138 2228 1224 attendere,
2260 1136 2332 1206 in
2366 1162 2619 1206 arcana
2655 1163 2773 1205 na-

681 1272 848 1322 turae
906 1280 1178 1324 sacrum
1237 1255 1420 1326 misit
1458 1254 1860 1350 ingenium3
1909 1274 1976 1323 et
2023 1279 2100 1322 ex
2145 1252 2432 1322 assiduis
2467 1251 2772 1321 observa·

683 1367 989 1440 tionibus
1002 1370 1317 1469 notisque
1329 1367 1779 1441 redeuntibus
1802 1366 2163 1438 latentium
2185 1366 2448 1438 ratione
2465 1365 2769 1454 collecta,

681 1483 988 1580 pervenit
1025 1484 1112 1554 ad
1146 1509 1405 1555 causas.
1445 1483 1717 1553 Miraris
1755 1484 1978 1553 fatum
2027 1482 2331 1553 hominis
2383 1509 2578 1580 posse
2613 1508 2773 1579 prae-

681 1595 856 1667 dici?
893 1597 1311 1669 defectiones
1343 1598 1647 1668 siderum
1692 1597 2098 1694 laboresque
2141 1618 2539 1682 narrantur,
2592 1623 2771 1668 nun-

679 1710 898 1781 ciatur
946 1711 1135 1807 origo
1179 1731 1694 1810 tempestatum,
1745 1709 2075 1783 lassitudo
2114 1731 2522 1798 ventorum,
2581 1711 2767 1809 quod

678 1826 868 1897 sidus
897 1828 1307 1899 immodicos
1351 1828 1509 1898 solis
1556 1826 1864 1916 ardores,
1914 1828 2103 1924 quod
2154 1853 2414 1899 severas
2464 1828 2771 1899 minetur

678 1942 1009 2032 hiemes¹‚
1051 1944 1224 2041 quid
1270 1944 1663 2041 significent
1709 1943 1924 2041 sparsi
1975 1942 2250 2041 longius
2293 1944 2549 2034 crines,
2597 1946 2767 2042 quid

678 2057 1032 2130 ardentius
1061 2060 1254 2130 solito
1276 2059 1520 2158 jubar,
1557 2058 1729 2154 quid
1762 2086 2040 2130 excussa
2084 2061 2366 2131 flamma
2406 2060 2762 2132 sideribus.

675 2177 835 2244 Non
866 2174 1141 2245 invenio
1175 2175 1344 2272 quid
1374 2175 1587 2272 possit
1620 2202 1764 2246 esse
1797 2175 2040 2247 certius
2063 2203 2235 2247 verae
2264 2175 2421 2247 artis
2458 2176 2764 2273 ingenio,

676 2315 887 2384 quam
925 2288 1149 2360 dicere
1183 2288 1351 2384 quid
1381 2289 1697 2359 futurum
1742 2290 1864 2380 sit,
1901 2290 2048 2360 fieri
2083 2289 2334 2362 deinde
2369 2292 2556 2388 quod
2591 2291 2768 2362 dixe·

678 2403 779 2471 rit.
813 2403 1027 2490 Quod
1054 2403 1106 2472 si
1141 2430 1283 2473 esse
1318 2423 1533 2474 artem
1572 2404 2135 2476 mathematicam
2175 2407 2467 2503 probant
2496 2427 2761 2496 natura,

676 2518 886 2605 ratio,
924 2519 1422 2617 experimenta,
1461 2542 1651 2618 pater
1691 2547 2008 2619 quoque,
2044 2523 2164 2620 qui
2199 2521 2487 2593 credidit
2521 2549 2764 2595 consu-

679 2630 1013 2720 lendum3
1079 2655 1419 2730 superest,
1471 2655 1550 2704 ut
1613 2634 2054 2706 ostendamus
2099 2661 2337 2705 verum
2385 2635 2626 2707 dixisse
2677 2635 2762 2707 de

672 2745 957 2836 futuriS,
1017 2774 1226 2845 quem
1289 2749 1374 2821 de
1430 2750 1780 2847 praeteritis
1837 2776 1978 2821 non
2046 2776 2409 2848 possumus
2473 2751 2760 2850 probare

677 2881 1075 2933 menntum.

769 2977 924 3046 XV.
980 2978 1320 3075 Accipite²
1375 2978 1674 3075 primam
1732 2977 2113 3049 certissimae
2168 2978 2466 3051 scientiae
2519 2980 2758 3078 proba·

672 3089 975 3161 tionem:
1015 3091 1226 3162 homo
1262 3092 1492 3188 quide
1524 3111 1720 3188 partu
1757 3092 2265 3182 consulebatur,
2283 3121 2423 3165 uon
2446 3095 2760 3167 confudit

671 3205 1100 3303 turbavitque
1137 3234 1584 3305 responsum,
1623 3234 1749 3279 nec
1786 3234 1909 3306 per
1943 3208 2162 3279 varias
2195 3210 2520 3308 ambages
2566 3211 2762 3282 inde-

671 3322 1205 3419 prehensibilem
1235 3325 1475 3421 sparsit
1504 3351 1806 3395 errorem
1837 3351 1851 3395 ε
1884 3325 2058 3396 nihil
2092 3325 2184 3397 ita
2218 3326 2485 3398 locutus
2516 3350 2644 3418 est,
2681 3350 2760 3401 ut

672 3435 845 3506 illud
866 3436 1299 3508 audientium
1316 3437 1785 3536 interpretatio
1800 3438 2097 3510 traheret
2111 3440 2598 3538 dirigeretque,
2617 3469 2756 3541 quo

670 3630 883 3681 eximios
913 3628 1113 3699 Virgilii
1144 3650 1325 3686 versus
1356 3634 1550 3704 Geor-g.
1583 3635 1672 3700 IV,
1755 3633 1903 3706 quod
1923 3653 2082 3688 soevus
2106 3637 2416 3706 frequenter·
2446 3635 2589 3708 apud
2616 3637 2756 3689 mul-

673 3724 735 3759 22
750 3723 793 3769 ι,
814 3706 967 3757 simili
987 3726 1144 3760 sensu
1167 3722 1216 3760 et
1238 3728 1348 3762 rem
1367 3714 1496 3763 mire
1515 3712 1677 3784 expli·
1754 3727 1837 3764 tos
1876 3729 2138 3767 auctores.
2184 3715 2267 3765 Sic
2305 3716 2510 3768 Lucret.
2547 3717 2612 3782 V,
2651 3718 2718 3769 36
2737 3755 2756 3783 ‚

671 3788 813 3839 canti
833 3808 845 3837 ε
878 3809 899 3832 n
917 3787 1086 3840 Deum
1106 3807 1335 3862 namque
1354 3795 1427 3844 ire
1446 3811 1543 3863 per
1561 3812 1673 3845 om·
1752 3795 1881 3846 dixit
1903 3796 2080 3870 pelagi
2107 3816 2293 3850 severa.
2326 3798 2408 3849 Sic
2435 3799 2618 3850 Furias
2650 3812 2757 3851 tur-

674 3891 697 3911 «
718 3885 811 3917 nes
830 3866 1147 3938 Ten-nsque,
1168 3882 1476 3941 tractusque
1491 3873 1670 3937 maris,
1754 3879 1871 3928 bam
1898 3896 2124 3930 severam
2153 3891 2306 3928 vocat
2337 3880 2576 3950 Propert.
2607 3878 2753 3949 Eleg.

677 3966 700 3989 ι
722 3943 1009 4016 caelumque
1032 3945 1387 4017 profundum,
1411 3951 1547 4000 nine
1570 3968 1670 4019 pe·
1748 3957 1839 4022 lv,
1867 3976 1883 4010 ι
1904 3976 1946 4024 ι,
1975 3977 2037 4010 22
2051 3981 2070 4020 ;
2099 3971 2151 4010 et
2178 3978 2403 4010 severum
2437 3980 2627 4012 uncum
2649 3961 2755 4012 Ho-

675 4047 699 4071 «ι
719 4023 909 4091 eudes,
924 4040 1186 4092 armenta,
1199 4031 1366 4094 viros,
1381 4048 1544 4100 genus
1559 4049 1673 4083 om·
1751 4041 1915 4090 ratius
1940 4037 2044 4090 Od.
2070 4042 2121 4106 Ι,
2140 4039 2226 4092 35.

674 4127 696 4149 “
719 4123 784 4155 ⁰0
799 4105 1057 4169 femma
1078 4106 1356 4179 Quemque
1371 4108 1469 4159 Sibi
1485 4122 1670 4162 ῑθῑὶῦθῦ
1824 4137 1872 4171 2.
1902 4121 2152 4194 Accipite.
2187 4124 2289 4174 Pro
2321 4123 2494 4174 audite
2513 4147 2528 4174 .-
2565 4121 2753 4175 eodem

676 4207 699 4232 a
719 4197 1024 4238 nascentem
1051 4204 1317 4241 arcessere
1345 4191 1496 4243 vitas.
1518 4215 1541 4236 ι»
1574 4194 1667 4244 En.
1751 4215 1907 4250 sensu
1931 4200 2117 4271 virgil.
2145 4202 2259 4252 AEn.
2284 4202 2356 4264 Π,
2380 4201 2480 4254 65ε
2513 4223 2535 4247 ι
2555 4202 2751 4273 Accipe

746 4283 789 4319 ι.
822 4268 1029 4322 severas
1055 4266 1260 4323 hiemes.
1288 4270 1502 4324 Severus
1528 4271 1670 4325 idem
1755 4298 1778 4322 ι
1799 4295 1940 4329 nunc
1964 4279 2204 4330 Danaum
2231 4277 2467 4332 insidias.
2489 4302 2513 4327 n
2541 4280 2634 4331 Eo.
