3200 5117
610 589 881 653 DECL.
930 584 1544 651 vlllqcssmml
1592 584 2259 650 LANGUENTES.
2362 583 2478 649 185

392 732 683 810 quenter
698 711 787 783 ad
806 710 1018 783 vitam
1046 724 1209 808 post·
1221 708 1654 781 conclamata
1679 724 1694 753 ¹
1731 735 2058 807 suprema
2081 708 2476 781 redeuntes:

322 847 328 853 '
394 826 700 925 plerique
730 825 1233 898 convaluerunt
1265 824 1708 924 negligentiae
1742 824 1962 913 bono,
1999 822 2336 921 quosdam
2371 849 2484 893 ex-

394 939 644 1038 plicuit
684 939 1029 1037 quidquid
1080 938 1249 1010 alios
1296 932 1594 1013 fortassis
1641 937 2025 1010 occideret:
2076 938 2200 1009 bos
2240 935 2482 1009 indul—

396 1057 643 1156 gentiae
676 1055 1085 1144 temeritas,-
1105 1054 1260 1126 illos
1289 1054 1556 1153 adjuvit
1583 1054 2080 1154 desperationis
2109 1054 2418 1127 audacia.

493 1174 611 1244 Xl.
667 1174 889 1243 Datur
904 1170 1206 1242 fortassis
1229 1169 1393 1241 huic
1424 1170 2304 1270 arti.perspicere·morboS,
2338 1195 2488 1267 pro·

395 1289 636 1359 futura
654 1285 1014 1374 meditari3
1044 1284 1164 1356 sed
1198 1285 1388 1357 unde
1422 1284 1628 1375 sciet,
1678 1307 2018 1384 quantum
2062 1287 2236 1356 inter
2277 1284 2486 1355 visce-

400 1429 505 1491 ra,
539 1400 964 1497 latentesque
996 1398 1285 1498 pectoris
1308 1399 1534 1489 sinus,
1561 1399 1935 1499 unicuique
1963 1399 2214 1472 animae
2243 1420 2489 1471 natura

403 1513 855 1587 concesserit?
887 1540 1103 1613 quam
1133 1510 1618 1613 proprietatem
1647 1514 2202 1613 spiritus,'quam
2237 1539 2502 1612 corpus·

401 1628 782 1728 acceperit?
837 1655 978 1700 non
1026 1650 1171 1699 tam
1205 1629 1406 1701 variae
1449 1628 1859 1701 mortalibus
1908 1631 2192 1718 formae,
2241 1649 2367 1700 nec
2413 1628 2486 1698 in

398 1744 703 1817 vultibus
744 1746 995 1818 nostris
1033 1745 1225 1817 sedet
1253 1766 1443 1817 tanta
1477 1744 1864 1835 diversitas,
1915 1760 2174 1841 quanta
2206 1742 2373 1816 latet
2412 1744 2488 1814 in

400 1859 564 1960 ipsis
596 1860 1083 1935 dissimilitudo
1112 1859 1474 1932 vitalibus:
1511 1857 2006 1948 inenarrabile,
2037 1858 2492 1956 indeprehen-

400 1975 600 2047 sibile
624 1975 1147 2074 est,·quidquid·
1171 2002 1296 2046 nos
1338 1975 1849 2048 elementorum
1881 1973 2072 2065 varia
2114 1986 2490 2070 ’compago

402 2091 757 2180 formavit3
793 2111 859 2161 et
896 2112 1102 2189 prout
1135 2089 1211 2161 in
1246 2116 1372 2163 nos
1403 2089 1602 2189 plura
1646 2117 1769 2161 seu
1802 2089 2053 2163 rariora
2086 2089 2174 2159 de
2205 2086 2492 2159 terrenis

405 2207 794 2279 seminibus
842 2206 1364 2304 caelestibusque
1424 2207 1739 2278 coierunt
1772 2261 1791 2294 ,
1856 2205 1949 2277 ita
1996 2203 2104 2277 vel
2157 2203 2493 2275 duramur

404 2324 606 2395 tacita
648 2324 908 2396 ratione
937 2379 957 2412 ,
1008 2322 1114 2395 vel
1166 2322 1520 2395 solvimur.
1570 2324 1683 2394 An
1727 2320 2252 2421 desperantibus
2307 2317 2493 2391 credi

402 2438 759 2529 debuerit,
805 2465 922 2510 vos
968 2438 1428 2511 aestimabitis:
1487 2438 1612 2537 qui
1651 2458 2004 2537 negarunt
2048 2460 2259 2534 aegros
2297 2458 2492 2531 posse

404 2555 667 2644 sanari,
698 2582 826 2627 nec
857 2555 929 2627 in
959 2554 1092 2627 hoc
1122 2555 1622 2653 probaverunt,
1650 2554 1772 2653 qui
1799 2555 2040 2644 evasit,
2078 2551 2305 2624 necin
2336 2549 2490 2639 illo,

409 2698 625 2771 quem
672 2697 815 2742 non
863 2669 1157 2769 languor
1201 2670 1452 2742 occidit
1488 2697 1502 2740 ε
1554 2670 1774 2770 justas
1819 2668 2163 2742 mehercle
2208 2666 2496 2738 haberet

409 2786 663 2858 mulier
687 2811 923 2857 causas
947 2783 1423 2883 querelarum,
1449 2784 1501 2855 si
1528 2811 1707 2857 nova
1725 2784 2209 2883 incognitaque
2235 2782 2493 2852 ratione

408 2901 515 2974 vel
550 2922 927 3000 utrumque
960 2926 1309 2973 servasses.
1347 2901 1759 2997 Numquam
1789 2925 1868 2971 ex
1896 2924 2154 2994 magno
2187 2895 2378 2968 venit
2402 2896 2496 2967 af·

488 3133 505 3167 ι
520 3117 662 3183 ,Post
673 3116 1018 3186 conclamata.
1030 3116 1261 3188 Respicit
1275 3114 1419 3186 vulgi

414 3198 719 3268 opiniones,
759 3198 904 3269 quod
940 3198 1083 3250 illam
1110 3196 1415 3249 conclama-

413 3281 611 3330 tionem
631 3280 922 3332 institutam
942 3277 1063 3331 ideo
1084 3278 1334 3350 putabat,
1356 3291 1414 3330 ut

416 3358 587 3409 anima
613 3358 791 3409 exiens
815 3357 1201 3419 retardaretur3
1222 3356 1303 3408 vel
1328 3354 1417 3409 de-

410 3433 659 3488 litescens
674 3448 726 3487 et
744 3433 1011 3488 dormiens
1030 3435 1209 3505 aliqua
1232 3453 1418 3506 corpo-

415 3515 490 3566 ris
513 3527 664 3586 parte
692 3512 1023 3568 excitaretur.
1057 3518 1136 3568 De
1166 3534 1272 3589 φφ
1296 3514 1416 3568 vide

413 3594 654 3647 lna-ehu».
692 3595 758 3648 de
792 3597 985 3649 aner.
1015 3600 1068 3661 1,
1115 3597 1205 3661 13,
1242 3595 1335 3647 ubi
1367 3609 1419 3648 et

418 3674 653 3748 exempla
669 3715 687 3743 ‚
709 3677 776 3728 de
802 3678 893 3743 iis,
919 3678 1014 3749 qui,
1034 3679 1088 3729 in
1113 3678 1238 3747 ipsis
1262 3677 1419 3727 fune-

418 3756 562 3808 ribus
596 3759 922 3823 revixerunt,
954 3757 1200 3811 adducit:
1234 3756 1341 3811 vid.
1367 3769 1419 3809 et

419 3836 555 3890 Cels.
576 3840 623 3889 Π
642 3875 659 3904 ,
682 3840 735 3892 6.
762 3842 928 3892 Bnnu.
1282 3886 1289 3891 .

495 3934 543 3968 2.
574 3904 833 3992 Compaqo
842 3917 1116 3988 formavit.
1145 3916 1422 3981 firmavit,

420 3997 510 4047 W.
556 3996 702 4067 quod
752 4015 813 4048 ex
856 3996 1200 4068 sequentibus
1244 4008 1425 4067 posset

418 4077 665 4149 probari,
690 4079 911 4150 Quisque
927 4074 1295 4151 sibifimamr.
1311 4077 1425 4128 Nisi

423 4172 475 4215 et
500 4158 573 4210 ihi
591 4159 863 4231 sumatur
882 4170 1124 4229 preestat,
1156 4170 1215 4207 ut
1249 4155 1427 4208 mallet

394 4258 399 4265 ⁴
423 4239 502 4292 Cl:
524 4237 723 4292 Schult.
746 4257 809 4289 ex
833 4237 986 4301 sipili
1005 4237 1153 4302 loce,
1171 4236 1424 4299 Decl.1v;

432 4341 455 4365 α
470 4322 600 4389 Quae
620 4321 862 4372 coierunt
882 4317 951 4372 ad
971 4335 1167 4390 eorpus
1189 4329 1426 4370 nostrum

1503 3139 1525 3161 u
1544 3113 1901 3171 formandum.
1919 3138 1940 3161 n
1961 3115 2076 3165 Hoc
2100 3127 2254 3164 sensu
2279 3109 2385 3159 Cic.
2414 3107 2498 3158 Se-

1496 3208 1634 3247 nect.
1650 3211 1719 3258 21,
1730 3210 1998 3265 compaqes
2007 3188 2243 3261 corporis.
2257 3184 2359 3238 Sed
2371 3202 2495 3255 prae-

1494 3289 1598 3327 stat
1622 3294 1869 3349 compage
1888 3272 2179 3346 formavit:
2213 3285 2326 3319 non
2357 3265 2496 3318 enim

1494 3356 1649 3410 video
1665 3395 1683 3421 ,
1729 3375 1834 3427 qua
1877 3356 2081 3406 ratione
2122 3351 2274 3403 aliter
2309 3367 2496 3401 sensus

1497 3450 1739 3498 constet;
1767 3446 1923 3488 nemo
1949 3444 2123 3505 potest
2143 3426 2498 3499 comprehen-

1497 3515 1623 3567 dere
1642 3513 1800 3579 illud,
1832 3509 2089 3586 quidquid
2110 3511 2201 3574 sit,
2233 3505 2377 3578 quod
2398 3523 2497 3557 nos

1498 3595 1745 3647 formavit
1765 3613 1829 3646 ex
1843 3593 1984 3644 varia
2000 3606 2256 3660 compage
2273 3585 2500 3638 elemen-

1500 3685 1677 3724 torum
1707 3694 1719 3723 ε
1762 3673 1884 3743 quia
1916 3688 2039 3721 vero
2079 3685 2200 3718 mox
2235 3665 2501 3736 sequitur,

1498 3764 1547 3803 c.
1567 3753 1693 3803 Xn:
1733 3775 1754 3797 ιι
1774 3752 2071 3820 Corporum
2100 3746 2501 3811 animorumque

1508 3855 1531 3879 ιι
1549 3851 1829 3904 compago.
1847 3857 1868 3879 u
1895 3834 2076 3883 Posset
2098 3842 2150 3880 et
2165 3827 2500 3897 compaqine;

1502 3915 1626 3968 licet
1647 3913 1859 3967 tradant
1880 3907 2239 3980 lexicographi
2263 3920 2314 3958 et
2331 3908 2503 3975 gram-

1502 3994 1684 4044 matici
1703 3991 1937 4063 quidam,
1954 4005 2210 4061 compaqo
2229 4003 2338 4036 non
2363 3983 2503 4035 flecti

1502 4073 1556 4123 in
1574 4090 1728 4123 casus
1744 4070 1989 4139 obliquos
2006 4089 2020 4128 ;
2034 4083 2197 4137 quum
2206 4062 2360 4114 Ovid.
2373 4064 2499 4113 Met.

1503 4155 1554 4221 1,
1571 4171 1600 4223 7
1614 4171 1633 4204 1
1651 4171 1694 4218 ι,
1708 4166 1884 4204 tamen
1897 4148 2111 4200 dixerit:
2137 4168 2159 4191 ι
2179 4143 2505 4214 compagine

1511 4256 1532 4278 a
1553 4250 1685 4286 ceroe
1715 4233 1930 4300 junctos
1961 4226 2207 4279 calamos.
2235 4248 2256 4270 ι·
2295 4220 2414 4274 vid.
2439 4231 2504 4298 'et

1504 4314 1686 4367 Manil.
1718 4315 1766 4379 Ι,
1792 4327 1925 4382 7η,
1956 4308 2085 4380 725,
2116 4306 2249 4372 838,
2271 4317 2323 4356 et
2350 4302 2499 4357 alios.
