3200 5117
1218 555 1309 617 M.
1362 555 1609 618 FABII
1656 554 2294 635 QUINTILIANI

716 702 859 747 non
891 675 1127 748 minus
1145 733 1164 762 ,
1192 676 1246 745 si
1270 674 1665 747 videbatur:
1700 700 1889 746 nunc
1913 675 2229 747 tenebras
2257 676 2499 746 inanes
2517 732 2536 764 ,
2563 696 2633 748 et
2655 675 2798 748 lon-

713 817 833 886 gas
873 789 1083 861 oculis
1124 789 1448 861 flentibus
1484 811 1751 878 nocteS‚
1778 789 1972 889 juxta
2003 791 2596 871 somnum‚mariti
2635 819 2794 889 per-

712 905 915 1001 vigil,
959 925 1024 975 et
1064 926 1335 975 tantum
1373 932 1514 976 non
1561 905 1862 975 deserta¹
1913 904 2210 975 metitur.
2255 908 2413 976 Non
2459 904 2799 975 desiderio

715 1018 913 1089 fi‘ctus
937 1076 954 1105 ,
992 1039 1109 1088 aut
1141 1020 1419 1089 fucatus
1454 1017 1694 1087 habitu
1718 1074 1736 1105 ,
1773 1043 1901 1087 nec
1934 1037 2008 1086 ut
2036 1018 2464 1088 somniorum
2499 1018 2796 1090 vanitate

713 1132 1153 1230 conspicitur,
1184 1134 1300 1203 sed
1336 1151 1610 1230 experta
1641 1157 1782 1201 non
1814 1153 2038 1202 totum
2076 1132 2250 1203 mori
2283 1133 2645 1203 hominem
2667 1189 2686 1223 ,
2721 1132 2797 1203 il·

712 1247 835 1318 lud
855 1305 873 1335 ,
907 1249 1090 1343 quod
1124 1275 1251 1319 nec
1279 1247 1579 1317 flammis
1614 1246 1866 1331 uritur,
1896 1271 2022 1317 nec
2048 1246 2397 1317 cineribus
2421 1247 2796 1343 exstingui-

711 1382 859 1450 tur,
895 1388 1021 1431 nec
1066 1362 1253 1431 urnis
1297 1360 1764 1457 sepulcrisque
1811 1360 1968 1429 satis
2011 1358 2379 1456 premitur,
2421 1381 2798 1458 exspectan

712 1480 915 1548 Nunc
951 1478 1370 1549 istafflcarcere
1402 1477 1781 1547 obseratam
1812 1474 2121 1545 animam
2142 1530 2158 1559 ,
2192 1496 2258 1544 et
2288 1497 2792 1574 repugnantem

712 1592 979 1690 magico
1020 1591 1351 1690 juvenem
1393 1590 1646 1688 cogitat
1681 1592 1903 1660 ferro:
1957 1588 2429 1661 infelicissima
2471 1591 2796 1661 omnium

710 1728 934 1778 mater
964 1705 1121 1804 plus
1156 1705 1423 1810 aliquid
1459 1731 1639 1794 esse,
1669 1731 1879 1801 quam
1915 1704 2239 1774 umbram
2260 1761 2277 1790 ,
2311 1704 2534 1774 filium
2565 1725 2793 1802 putat,

711 1844 1079 1921 postquam
1120 1822 1340 1920 potuit
1372 1821 1672 1891 includi:
1711 1847 1839 1890 nec
1873 1846 1995 1889 sua
2031 1819 2513 1891 tantummodo
2546 1845 2745 1919 poena
2767 1877 2786 1907 ,

710 1937 1129 2037 proprioque
1165 1937 1507 2035 supplicio
1537 1936 1799 2007 deserta
1830 1936 2267 2006 consumitur
2300 1936 2568 2007 rescissa
2601 1935 2789 2017 orbie

714 2065 884 2124 tate:
929 2051 1039 2143 vel
1073 2051 1335 2148 magis²
1378 2051 1747 2138 cruciatur,
1782 2049 1968 2147 quod
2004 2076 2144 2120 non
2185 2048 2344 2121 licet
2385 2049 2527 2120 filio
2562 2049 2792 2121 venire

712 2164 1041 2261 cupienti.
1099 2167 1301 2234 Nunc
1346 2164 1636 2234 barbaro
1682 2162 1987 2233 carmine
2030 2189 2304 2259 gravem
2350 2183 2598 2233 terram
2647 2162 2795 2233 totis

714 2277 1035 2348 noctibus
1079 2276 1345 2374 pulsat3
1394 2298 1458 2347 et
1503 2276 1908 2374 impositum
1951 2276 2079 2347 sibi
2128 2276 2559 2374 sepulcrum,
2609 2276 2795 2375 quod

715 2419 856 2462 non
884 2392 1095 2487 possit
1116 2391 1419 2462 evolvere
1439 2450 1457 2481 ,
1485 2419 1638 2489 quae
1655 2393 1918 2463 solebat
1943 2393 2121 2490 ipsos
2142 2392 2479 2478 discutere
2507 2392 2790 2481 inferos,

717 2506 971 2577 umbra
999 2505 1311 2577 miratur.
1346 2507 1586 2595 Miser,
1625 2534 1837 2603 quem
1872 2534 2016 2578 non
2053 2529 2325 2581 tantum
2359 2508 2562 2581 verba
2601 2507 2793 2579 clau-

716 2641 954 2692 serunt
973 2674 991 2706 ‚
1017 2647 1181 2690 nam
1209 2621 1484 2691 forsitan
1512 2648 1637 2720 per
1655 2621 1773 2692 illa
1803 2620 2146 2692 transisset
2168 2679 2185 2709 ,
2216 2622 2333 2693 sed
2356 2621 2631 2692 vincula
2654 2622 2795 2691 fer-

718 2761 868 2822 rea,
894 2733 1233 2829 solidique
1265 2762 1479 2806 nexus
1505 2736 1593 2806 ad
1625 2735 2385 2829 mortem-reduxerunt.
2418 2735 2795 2824 Quomodo

716 2869 987 2919 tenetur
1031 2848 1301 2938 infelix,
1344 2851 1463 2948 qui
1512 2876 1598 2919 ne
1645 2870 1918 2948 propter
1957 2848 2088 2920 hoc
2127 2850 2411 2947 quidem
2455 2851 2670 2939 venit,
2722 2870 2795 2919 ut

718 2962 1077 3059 queratur?
1109 2967 1437 3042 misereor
1449 2964 1728 3060 feminae
1748 3017 1766 3052 ,
1789 2963 2276 3063 cujusinvidiae
2292 2984 2512 3034 totum
2527 2963 2791 3034 facinus

722 555 844 619 228

792 3150 834 3183 1.
865 3132 1089 3182 Tantum
1111 3132 1319 3183 deserta.
1343 3133 1510 3202 Lege:
1538 3155 1559 3178 ιι
1579 3136 1716 3184 Tan-

720 3236 741 3259 «
764 3228 873 3265 tum
888 3231 995 3263 non
1015 3211 1235 3263 ‹le-serta.
1261 3236 1282 3258 ι·
1302 3214 1715 3283 Quamvisjuxta

716 3294 961 3342 maritum
983 3290 1206 3353 cubans,
1241 3304 1410 3341 tamen
1442 3292 1591 3362 quasi
1621 3290 1715 3341 de-

716 3386 851 3423 serta
867 3408 881 3434 ,
901 3374 1052 3422 anxia
1072 3374 1211 3423 curis
1228 3385 1277 3422 et
1294 3371 1511 3441 pervigil
1530 3387 1714 3425 noctes

716 3454 974 3520 transigit.
1016 3452 1231 3505 Senum.
1275 3453 1606 3516 Rectissime,
1655 3467 1712 3504 ut

714 3544 992 3602 putamus:
1022 3530 1085 3582 de
1111 3530 1191 3582 his
1216 3530 1487 3600 particulis
1500 3536 1612 3604 jam
1631 3528 1711 3585 bis

715 3625 858 3663 terve
898 3631 1057 3682 supra
1088 3624 1277 3662 actum.
1307 3611 1423 3664 vid.
1464 3612 1529 3663 ad
1566 3614 1711 3666 Decl.

716 3694 812 3759 111,
839 3693 888 3743 3.
916 3689 1081 3741 Bun'u.

786 3790 834 3823 2.
864 3770 962 3822 Vel
979 3772 1156 3844 maqt's.
1189 3770 1288 3822 Vel
1306 3771 1450 3825 deest
1470 3776 1559 3825 W.
1583 3775 1714 3828 Obs-

714 3868 869 3901 curus
895 3861 945 3900 et
973 3848 1061 3899 hic
1096 3848 1272 3915 locus,
1299 3869 1453 3922 quem
1478 3872 1576 3905 nec
1612 3856 1713 3905 As-

714 3932 920 3982 censius
940 3931 1107 4001 cepit,
1140 3931 1229 4001 qui
1251 3934 1497 3999 rescissum
1519 3934 1713 3986 orbita-

716 4023 815 4063 tem
855 4008 1075 4080 explicat
1108 4024 1405 4082 exceptam,
1441 4014 1713 4066 rescissam

715 4112 743 4145 a
788 4110 942 4163 poena
983 4089 1103 4168 hac.
1149 4094 1331 4165 Inepte
1374 4108 1426 4145 et
1469 4094 1710 4149 obscure.

716 4173 825 4242 Ego
863 4169 1115 4240 legerem:
1152 4192 1172 4215 α
1195 4172 1410 4224 Deserta
1444 4173 1713 4223 consumi-

719 4272 740 4294 «
761 4262 894 4301 mr.-
913 4246 1024 4309 Vel,
1043 4249 1287 4301 «rescissa
1309 4249 1532 4301 orbitate
1547 4252 1711 4321 magis

1798 3154 1819 3176 κ
1843 3134 2135 3197 cruciatur,
2161 3151 2315 3204 quam
2355 3130 2498 3202 quod
2535 3149 2642 3181 non
2667 3130 2792 3183 licet

1799 3236 1820 3258 a
1843 3211 1949 3262 filio
1971 3215 2147 3266 venire
2164 3216 2411 3286 cupienti.
2436 3238 2457 3259 a
2478 3212 2667 3265 Dolet-e
2683 3234 2791 3268 non

1794 3304 1899 3343 tam
1917 3312 2066 3344 suam
2076 3298 2240 3346 vicem
2250 3292 2375 3346 dicit
2391 3310 2557 3347 mater
2567 3294 2794 3362 deserta,

1795 3388 1846 3424 et
1872 3373 2118 3426 destituta
2154 3376 2260 3427 filio
2297 3394 2425 3441 suo,
2453 3376 2532 3428 vel
2568 3379 2792 3429 cruciari

1794 3458 1987 3524 magis,
2032 3456 2178 3528 quod
2224 3459 2411 3510 iterum
2460 3457 2658 3510 orbitas
2701 3478 2793 3511 sua

1793 3554 1936 3586 nunc
1955 3552 2237 3588 renovetur
2254 3538 2357 3604 (bis
2380 3542 2519 3590 enim
2536 3558 2592 3591 se
2609 3536 2794 3592 orbam

1796 3613 1972 3684 fingit,
1999 3615 2158 3667 semel
2192 3634 2312 3666 vera
2348 3630 2516 3668 morte
2550 3616 2667 3682 filii,
2697 3620 2794 3670 ite-

1796 3711 1909 3744 rum
1935 3696 2107 3746 anima
2133 3700 2243 3767 ejus
2267 3716 2362 3766 per
2383 3698 2587 3767 magica
2613 3700 2796 3750 carmi·

1795 3792 1862 3824 na
1874 3775 2079 3827 inclusa
2093 3780 2292 3827 carceri
2307 3778 2622 3849 inferorum)
2633 3798 2793 3850 quam

1796 3852 1944 3925 quod
1975 3854 2112 3907 filius
2137 3858 2252 3928 ipse
2278 3876 2420 3910 nunc
2456 3861 2793 3913 contineatur

1794 3935 2020 3987 tenebris
2042 3949 2092 3987 et
2117 3956 2326 3989 carcere
2342 3975 2358 4003 ,
2376 3958 2475 3990 nec
2497 3955 2681 4010 posset
2704 3953 2792 3993 ve-

1795 4016 1910 4067 nire
1933 4014 2000 4067 ad
2026 4031 2260 4069 matrem.
2281 4019 2494 4072 Rescissa
2513 4021 2700 4074 orbitas
2716 4020 2792 4072 di·

1795 4097 1948 4157 citur,
1969 4111 2028 4149 ut
2049 4100 2304 4151 rescissum
2327 4099 2538 4166 vulnus,
2558 4101 2722 4167 dolor,
2739 4116 2793 4154 et

1794 4174 2006 4241 similia,
2023 4174 2088 4229 de
2106 4176 2296 4248 quibus
2310 4177 2428 4230 vide
2444 4179 2518 4232 Cl.
2538 4180 2791 4235 Graevimn

1796 4255 1862 4308 ad
1887 4259 2053 4311 Cicer.
2081 4257 2147 4313 ad
2181 4263 2284 4313 Διί.
2311 4262 2408 4326 111,
2435 4260 2512 4315 15.
2541 4261 2712 4319 Burm-
2777 4305 2786 4315 .
