3200 5117
757 509 870 566 152
1244 499 1335 560 M.
1385 496 1632 558 FABII
1681 493 2311 575 QUINTILIANI

748 645 878 712 est,
910 649 1065 720 quae
1100 646 1292 717 spem
1330 616 1747 688 nonhabet:
1788 643 1912 712 ego
1946 617 2188 686 redimi
2219 636 2527 713 poteram
2549 673 2566 705 ,
2598 636 2671 686 tu
2704 641 2818 686 sa·-

744 738 893 809 nari
920 763 1059 807 non
1084 755 1372 831 poteras.
1400 730 1928 826 Qualiscunque
1957 729 2080 800 ista
2102 730 2485 819 calamitaS,
2509 730 2820 800 inemen-

745 852 993 925 dabilis
1029 850 1306 921 cecidit:
1340 874 1481 918 non
1516 848 1902 917 remedium
1938 846 2238 943 accipere
2259 903 2276 933 ,
2310 874 2451 916 non
2482 846 2816 917 vicarium

744 986 960 1067 potest
985 1023 1002 1053 ,
1037 962 1392 1034 assedisset
1435 960 1687 1030 scilicet
1726 959 1974 1030 lectulo
2014 960 2328 1031 inefficax
2360 960 2714 1048 sedulitas,
2752 980 2820 1029 et

744 1080 1039 1177 acceptis
1070 1077 1374 1175 epistolis
1404 1075 1578 1145 meis
1611 1074 1886 1175 juvenis
1923 1073 2103 1144 filius
2139 1073 2311 1145 nihil
2346 1074 2568 1163 aliud,
2605 1100 2820 1170 quam

743 1221 906 1265 cum
938 1213 1154 1263 matre
1187 1191 1492 1260 flevisset.
1526 1189 1713 1277 Quia
1745 1189 2087 1284 profectus
2118 1209 2247 1274 est,
2278 1188 2554 1258 alterius
2582 1208 2820 1257 tamen

742 1309 1045 1408 parentis
1098 1306 1444 1378 calamitas
1498 1304 1863 1376 emendata
1910 1325 2054 1374 est:
2108 1305 2163 1374 si
2221 1303 2693 1391 remansisset,
2756 1322 2823 1373 et

740 1445 1039 1494 matrem
1074 1448 1318 1493 caecam
1358 1419 1670 1504 haberet,
1717 1439 1781 1488 et
1822 1441 2093 1516 patrem
2141 1420 2514 1515 captivum.
2551 1417 2822 1515 Adjicio

745 1539 930 1633 quod
980 1537 1097 1607 tibi
1148 1561 1288 1605 non
1333 1532 1709 1604 necessaria
1743 1533 1868 1604 filii
1909 1532 2267 1629 praesentia
2313 1532 2487 1603 fuit:
2524 1532 2820 1603 assidere

743 1653 967 1742 enim,
1000 1653 1183 1722 cibos
1221 1648 1601 1719 iriinistrare
1625 1705 1642 1735 ,
1675 1675 1965 1718 manum
1999 1649 2345 1746 porrigere
2379 1648 2673 1745 quilibet
2702 1675 2820 1746 po-

741 1788 929 1836 terat.
958 1765 1292 1850 Mentior,
1323 1765 1451 1833 nisi
1480 1765 1735 1833 factum
1771 1783 1904 1851 est,
1934 1791 2044 1833 me
2070 1763 2313 1833 abillis
2338 1783 2649 1860 captum,
2679 1785 2820 1833 tarn

742 1881 915 1951 dura
946 1880 1341 1951 conditione
1376 1878 1729 1963 venalem,
1764 1877 1951 1975 quod
1984 1877 2222 1975 utique
2253 1877 2326 1947 in
2356 1880 2660 1948 confesso
2689 1899 2820 1966 est,

739 2024 949 2067 nemo
994 1994 1173 2065 alius
1214 1992 1645 2079 redemisset,
1682 2019 1896 2088 quam
1940 1992 2123 2063 filius
2164 2020 2382 2063 meus,
2427 1996 2513 2063 Et
2555 2019 2681 2090 ego
2728 1993 2822 2062 sic

741 2139 902 2208 ago,
953 2133 1309 2207 tamquam
1352 2107 1491 2176 haec
1534 2127 1805 2177 tantum
1854 2107 2036 2178 filius
2084 2130 2361 2206 propter
2399 2136 2516 2179 me·
2551 2108 2822 2197 fecerit,

740 2252 1172 2323 quamquam
1215 2224 1287 2293 in
1324 2222 1453 2293 hoc
1489 2221 1754 2321 litigatu
1792 2225 2319 2322 quodammodo
2362 2225 2484 2296 tibi
2527 2226 2670 2322 ipsa
2704 2250 2821 2296 ex-

740 2339 1025 2425 cidisti¹;
1079 2360 1141 2407 et
1189 2363 1621 2433 quamquam
1670 2335 1739 2408 id
1787 2351 2014 2433 agas2,
2065 2361 2141 2408 ut
2189 2338 2432 2407 merita
2482 2359 2604 2408 tna
2647 2336 2824 2434 inju-

741 2451 840 2521 ria
872 2450 1133 2537 vincaS,
1190 2469 1255 2520 et
1296 2476 1555 2519 novum
1593 2449 1872 2519 induisti
1926 2450 2261 2547 rigorem,
2302 2477 2443 2522 non
2490 2449 2828 2547 prohibeo

736 2587 973 2636 tamen
1022 2565 1510 2636 testimonium.
1553 2564 1660 2634 Ad
1708 2564 2262 2662 redemptionem
2303 2591 2536 2634 meam
2589 2563 2826 2633 filium-

740 2679 885 2777 ipsa
916 2679 1194 2766 misisti,
1239 2704 1459 2776 quum
1506 2677 1599 2748 sic
1642 2677 2032 2774 plangereS,
2078 2704 2301 2775 quum
2347 2698 2641 2747 mortem
2677 2701 2832 2773 pre-

740 2793 1031 2881 careris,
1091 2819 1313 2890 quum
1371 2813 1433 2863 te
1490 2791 1687 2863 omni
1745 2791 2094 2863 viduatam
2150 2791 2495 2889 voluptate
2556 2790 2820 2862 clama-

739 2934 843 2977 res
865 2963 884 2996 ,
921 2933 1142 3005 quum
1174 2907 1414 3004 saepius
1444 2932 1752 3002 gemeres
1788 2904 2246 3002 captivitatem
2292 2933 2522 2976 meam
2546 2962 2565 2995 ,
2605 2930 2824 3004 quam

739 3021 1107 3091 caecitatem
1142 3041 1353 3090 tuam.
1394 3022 1549 3089 Non
1594 3039 1736 3088 erat
1760 3019 2198 3091 illiserreum
2233 3041 2464 3117 pectus
2489 3076 2507 3108 ,
2545 3045 2672 3090 nec
2709 3045 2825 3089 cor

739 3134 926 3206 silice
993 3157 1435 3224 concretum,
1511 3154 1587 3204 ut
1639 3133 1782 3204 haec
1837 3134 1976 3231 pati
2022 3155 2246 3232 posset
2307 3161 2502 3230 aequo
2559 3133 2817 3203 animo.

737 3252 851 3319 Tu
908 3249 1133 3320 filium
1193 3248 1419 3346 prima
1476 3248 1769 3318 docuisti
1824 3248 1951 3318 sibi
2015 3274 2155 3318 non
2218 3275 2489 3345 parcere
2543 3247 2820 3344 potiuS,

738 3388 951 3461 quam
990 3363 1143 3460 plus
1177 3360 1377 3449 flere,
1422 3360 1650 3460 potius
1692 3389 1904 3458 quam
1950 3362 2170 3460 ipsam
2215 3360 2593 3432 rescindere
2635 3359 2830 3431 caeci-

738 3499 951 3548 tatem
976 3477 1024 3545 ³.

738 3637 831 3686 be:
863 3659 883 3681 κ
903 3637 968 3688 Et
987 3636 1153 3688 labori
1176 3637 1479 3692 incumbere
1499 3653 1740 3710 oportet,
1823 3642 1918 3692 Vl:
1953 3663 1974 3685 u
1994 3642 2115 3707 Quo
2135 3642 2306 3711 ipsum
2330 3639 2425 3690 sihi
2450 3638 2716 3690 bominem
2736 3655 2836 3687 ex·-

745 3740 767 3764 ω
786 3717 879 3768 ubi
925 3719 1148 3770 effectus
1194 3720 1536 3788 promittitur.
1564 3747 1586 3768 n
1638 3721 1740 3774 Ubi
1829 3743 1849 3767 ιι
1871 3721 2046 3772 cidere
2070 3721 2303 3772 solemne
2328 3734 2422 3771 est.
2447 3746 2468 3767 ι
2499 3723 2662 3771 Burin.

737 3815 917 3864 speres
959 3808 1009 3847 te
1051 3796 1232 3847 labore
1272 3797 1474 3868 aliquid
1516 3801 1756 3852 effectu·
1895 3822 1941 3853 α.
1972 3803 2039 3852 Id
2063 3821 2202 3874 aqas.
2230 3801 2369 3867 Quia
2396 3803 2662 3871 praecessit
2686 3799 2833 3851 cxci--

740 3892 876 3924 rum.
901 3875 1067 3928 Gnou.
1821 3879 1939 3932 disci
1954 3919 1972 3945 ‚
1998 3893 2049 3930 et
2073 3898 2191 3931 mox
2218 3878 2464 3944 induisti,
2489 3878 2696 3931 videtur
2723 3895 2821 3949 po-

816 3972 856 4005 ι.
887 3956 1008 4006 Tibi
1039 3957 1148 4028 ipsa
1181 3958 1425 4010 excidisti.
1456 3957 1635 4010 Oblita
1663 3962 1741 4011 tui
1821 3959 1923 4008 tius
1946 3957 2254 4029 legendum,
2278 3956 2404 4029 aqis-

738 4056 792 4087 es
810 4074 826 4101 ,
856 4036 957 4087 alia
986 4038 1125 4088 facta
1150 4051 1313 4109 atque
1335 4038 1460 4090 olim
1485 4056 1618 4091 era-s.
1647 4039 1741 4090 Se·
1893 4038 1943 4089 3.
1969 4038 2267 4090 Rescindere
2292 4037 2586 4089 caecitatem.
2611 4032 2826 4086 Manem

739 4136 850 4169 nec.
872 4119 1030 4188 Hipp.
1055 4116 1182 4185 590:
1216 4141 1237 4164 a
1254 4121 1429 4187 Quam
1451 4119 1588 4171 bene
1614 4121 1745 4170 exci-
1822 4120 1892 4170 ita
1921 4118 2121 4189 legere:
2155 4144 2175 4165 ι
2198 4117 2304 4171 Sibi
2329 4136 2440 4169 non
2457 4135 2692 4188 parcere.
2719 4115 2832 4164 Po-

741 4198 960 4250 ·dcram
1000 4198 1142 4250 mihi.
1166 4223 1187 4247 ιο
1225 4200 1422 4251 Tertul.
1463 4200 1529 4250 de
1564 4202 1739 4269 Jejun.
1830 4223 1850 4245 ιι
1875 4203 1974 4252 tius
2019 4219 2176 4271 quam
2226 4199 2345 4271 plus
2392 4200 2585 4261 fleres3
2643 4198 2824 4270 potius
