3200 5117
744 505 857 566 156
1227 502 1316 565 Μ.
1368 504 1612 565 FABI!
1660 502 2292 582 QUINTILIANI

728 616 894 686 suit.
940 617 1075 687 Ubi
1125 617 1375 686 virtus?
1407 617 1529 686 ubi
1573 616 1834 714 pietas?
1876 615 2151 713 peristi,
2207 616 2412 685 miser
2434 670 2452 703 ,
2505 636 2571 685 et
2621 616 2798 687 male

730 732 947 801 audis,
981 735 1136 802 Non
1176 732 1494 802 morienti
1527 754 1719 829 pater
1746 730 1999 818 assedi,
2030 758 2171 800 non
2197 729 2353 826 aegri
2385 749 2589 826 caput
2620 731 2800 802 mol-

730 846 875 916 liori
920 847 1075 918 sede
1111 847 1499 945 composui,
1542 874 1681 917 non
1724 848 2084 942 fatigatum
2116 846 2288 915 latus
2324 846 2618 934 mutavi,
2655 872 2795 916 non

727 960 1042 1057 spiritum
1091 964 1322 1059 excepi
1350 991 1364 1031 ;
1411 963 1688 1050 absens,
1743 960 2074 1031 extinctus
2092 1017 2110 1047 ,
2154 987 2453 1049 eversus,
2501 980 2794 1030 mortem

731 1097 922 1147 tuam
954 1076 1206 1146 inveni.
1240 1079 1462 1148 Nemo
1489 1103 1667 1173 aegro
1699 1075 1975 1146 vincula
2003 1075 2274 1164 laxavit,
2311 1101 2517 1143 nemo
2550 1101 2797 1144 manus

727 1190 903 1260 ferro
932 1189 1240 1260 sordidas
1268 1191 1353 1260 ad
1380 1190 1817 1287 accipiendos
1843 1187 2107 1259 remisit
2135 1187 2320 1258 cibos
2346 1215 2358 1257 :
2387 1207 2662 1258 tantum
2689 1214 2799 1257 ca-

726 1325 1041 1374 tenarum
1070 1330 1269 1375 causa
1290 1304 1554 1374 solutus
1580 1331 1680 1393 es,
1702 1303 2087 1399 neglectuS‚
2115 1302 2492 1400 despectus.
2527 1299 2796 1390 Quidni

724 1418 873 1489 vilis
903 1417 1083 1488 senis
1115 1417 1445 1490 vicarius?
1474 1419 1649 1489 inter
1672 1437 1770 1489 tot
1792 1416 2273 1488 ardentissima
2296 1415 2596 1487 febrium
2623 1414 2799 1485 desi-

726 1531 915 1602 deria
936 1589 954 1620 ,
980 1559 1123 1603 non
1148 1533 1440 1603 habuisti
1463 1560 1673 1631 quem
1696 1557 2037 1629 posceres:
2060 1530 2410 1627 quomodo
2431 1551 2494 1599 te
2517 1527 2798 1600 vincula

725 1667 1286 1743 composuerant,
1316 1646 1590 1746 jacuisti
1618 1673 1631 1716 ε
1670 1667 1960 1717 matrem
1985 1702 2004 1733 ,
2034 1665 2296 1743 patrem
2318 1700 2336 1732 ,
2373 1644 2796 1742 propinquos

726 1779 997 1830 tantum
1021 1761 1349 1858 cogitasti.
1375 1759 1741 1856 Numquid
1760 1759 2087 1856 indulgeo
2105 1757 2279 1828 mihi
2297 1815 2314 1845 ,
2336 1756 2523 1855 quod
2545 1778 2608 1827 te
2627 1779 2793 1854 puto

724 1873 1087 1970 exspirasse
1106 1873 1178 1944 in
1196 1900 1455 1944 carcere
1476 1873 1670 1944 meo?
1687 1871 1876 1942 nond
1887 1898 2006 1940 um
2028 1870 2229 1941 matri
2243 1870 2659 1942 satisfactum
2673 1892 2788 1941 est.

818 1988 1067 2058 XXIII.
1120 1987 1481 2076 Quoniam
1516 2013 1748 2084 poenas
1783 2013 1822 2055 a
1860 1984 2299 2055 cadaveribus
2334 1985 2584 2082 exigis,
2628 1984 2790 2054 audi

723 2102 1075 2200 sequentia
1099 2123 1432 2200 tempora.
1460 2104 1650 2171 Mors
1678 2101 1825 2198 ipsa
1853 2099 1978 2169 filii
2006 2099 2104 2168 tui
2131 2099 2570 2195 naufragium
2600 2098 2794 2186 fecit,

722 2245 845 2314 per
867 2239 967 2288 tot
987 2219 1231 2291 fluctus
1260 2219 1642 2290 volutatum
1664 2244 1912 2316 corpus
1950 2217 2287 2288 intumuit
2308 2232 2322 2260 ¹
2348 2274 2366 2306 ,
2401 2237 2500 2288 tot
2531 2215 2792 2287 illisum

723 2331 1047 2428 scopuliS,
1071 2354 1211 2403 tam
1235 2334 1546 2431 spatiosis
1567 2353 1855 2404 tractum
1874 2331 2094 2403 arenis
2110 2389 2127 2422 ,
2152 2358 2541 2430 numquam
2557 2352 2791 2403 tamen

724 2443 1101 2533 infelicius,
1133 2472 1343 2543 quam
1370 2474 1595 2545 quum
1630 2447 1820 2518 venit
1847 2447 1917 2517 in
1953 2468 2226 2517 terram.
2256 2448 2322 2516 O
2354 2473 2565 2544 quam
2595 2472 2792 2544 grave

724 2579 819 2628 est
854 2558 1059 2644 mori,
1096 2579 1350 2655 quanto
1381 2562 1650 2654 gravius
1677 2619 1693 2652 ,
1727 2561 1913 2659 quod
1951 2589 2075 2658 ego
2107 2561 2258 2630 vivo
2301 2581 2637 2657 superstes
2667 2559 2792 2630 filii

722 2673 895 2743 mei!
926 2673 1075 2743 vivo
1102 2672 1427 2744 omnibus
1450 2673 1580 2745 diis
1611 2676 2184 2774 hominibusque,
2211 2676 2325 2745 sed
2361 2695 2520 2745 aute
2550 2699 2792 2744 omnes

721 2785 897 2856 mihi
929 2807 995 2856 et
1029 2786 1320 2876 invisus,
1352 2808 1417 2858 et
1443 2787 1764 2858 infestus:
1798 2811 1863 2857 et
1894 2789 2123 2860 uxoris
2152 2815 2430 2885 quoque
2461 2787 2792 2885 pietatem

718 2902 955 3000 perdo.
976 2903 1310 2975 Infunere
1331 2903 1456 2974 filii
1474 2904 1849 2976 divortium
1866 2904 2054 2974 fecit:
2076 2904 2271 2974 video
2284 2905 2426 2975 haec
2441 2930 2667 2975 rerum
2684 2929 2791 2973 na·

720 3041 884 3090 turae
900 3019 1105 3107 bona,
1125 3047 1276 3119 quae
1295 3020 1434 3091 filio
1451 3020 1698 3090 abstuli
1724 3048 1737 3090 :
1757 3019 1983 3090 omnis
2002 3047 2112 3090 me
2132 3041 2287 3090 aetas
2306 3020 2441 3090 mei
2462 3020 2794 3091 admonet

718 3133 980 3205 luctus:
1019 3155 1366 3222 senectuS,
1398 3133 1487 3205 ad
1520 3160 1731 3229 quam
1766 3160 1909 3204 non
1957 3134 2299 3232 pervenit:
2335 3134 2581 3204 misera
2614 3159 2791 3231 pue-

718 3247 904 3336 ritia,
940 3276 1151 3345 quam
1184 3275 1371 3319 nunc
1398 3247 1742 3319 transivit:
1772 3247 2267 3337 adolescentia,
2300 3249 2369 3318 in
2399 3275 2534 3344 qua
2567 3247 2786 3344 periit.

718 3362 1128 3458 Supersum,
1176 3384 1284 3452 ut,
1333 3363 1387 3433 si
1436 3362 1826 3436 felicissime
1870 3363 2177 3451 cesserit,
2217 3389 2461 3458 rogum
2507 3375 2790 3431 ²meum

632 3510 636 3514 ·
716 3474 1022 3565 videam,
1068 3499 1131 3547 et
1170 3477 1404 3549 edaces
1447 3477 1627 3548 circa
1676 3504 1922 3577 corpus
1966 3476 2091 3548 filii
2131 3477 2267 3547 mei
2312 3476 2633 3546 flammas
2670 3502 2684 3545 ε
2733 3474 2790 3545 si

718 3589 847 3659 'hoc
882 3615 1022 3659 non
1055 3593 1453 3690 contigerit,
1484 3594 1763 3690 nigrum
1797 3593 2114 3682 cadaver,
2146 3612 2212 3663 et
2239 3591 2551 3662 deforme
2579 3590 2790 3661 etiam

717 3702 969 3796 ignotis
999 3705 1484 3801 spectaculum.
1524 3709 1709 3778 Inter
1740 3706 1883 3777 haec
1919 3706 2103 3778 mala
2139 3706 2461 3794 credetiS,
2498 3722 2702 3803 putO,
2734 3703 2789 3774 si

715 3883 790 3920 est
810 3907 824 3930 ,
860 3884 908 3921 te
942 3871 1160 3932 fefellit,
1194 3887 1254 3924 ut
1282 3875 1500 3939 Cicero,
1528 3878 1711 3928 Petro·
1799 3899 1819 3920 a
1843 3875 2105 3927 nientibus
2140 3888 2217 3927 tot
2254 3874 2444 3925 illisum
2478 3872 2740 3944 scopulis;
2763 3895 2786 3919 υ

715 3951 831 4000 nius
855 3963 903 4001 ct
923 3950 1039 4002 alii:
1070 3952 1215 4021 quod
1231 3956 1342 4024 jam
1361 3968 1500 4006 recte
1522 3958 1712 4007 Ascen·
1792 3954 1885 4007 sed
1905 3954 2077 4006 solent
2095 3973 2231 4026 aqua
2251 3972 2541 4006 mersorum
2567 3971 2790 4023 corpora

714 4029 821 4079 sius
846 4030 1060 4080 notavit.
1788 4034 2153 4084 intumescere.
2184 4031 2386 4082 Deinde
2415 4030 2645 4083 malebat
2674 4047 2788 4081 nus—

792 4126 833 4160 ι.
866 4112 1141 4162 Intumuit.
1173 4112 1362 4165 Metuit
1391 4112 1470 4165 Cl.
1505 4113 1706 4165 Schult.
1788 4130 1947 4182 quam
1969 4131 2068 4182 pro
2094 4128 2388 4182 nunquam.

713 4207 779 4241 na
815 4193 881 4242 sit
919 4191 1207 4262 glossema,
1240 4207 1293 4246 et
1329 4191 1538 4261 mallet,
1573 4211 1711 4266 «per
1863 4210 1909 4244 α.
1947 4194 2150 4264 Roqum
2187 4209 2377 4242 metam.
2424 4189 2469 4240 A
2509 4206 2592 4240 me
2629 4189 2791 4243 invita

719 4291 741 4312 κ
762 4283 841 4320 tot
883 4270 1070 4324 fluctus
1108 4271 1398 4325 volutatum
1419 4311 1436 4339 ,
1482 4274 1709 4326 interve·
1790 4291 1954 4327 uxore
1979 4271 2087 4323 filio
2111 4285 2491 4324 constructum.
2518 4270 2726 4322 Ascua.
