<?xml version="1.0" encoding="UTF-8"?>
<!DOCTYPE html PUBLIC "-//W3C//DTD XHTML 1.0 Transitional//EN"
    "http://www.w3.org/TR/xhtml1/DTD/xhtml1-transitional.dtd">
<html xmlns="http://www.w3.org/1999/xhtml" xml:lang="en" lang="en">
 <head>
  <title>
</title>
<meta http-equiv="Content-Type" content="text/html;charset=utf-8" />
  <meta name='ocr-system' content='tesseract 3.04.00' />
  <meta name='ocr-capabilities' content='ocr_page ocr_carea ocr_par ocr_line ocrx_word'/>
</head>
<body>
  <div class='ocr_page' id='page_1' title='image "./deinstitutioneo01flacgoog_0309.png"; bbox 0 0 3200 5117; ppageno 0'>
   <div class='ocr_carea' id='block_1_1' title="bbox 364 547 2449 3525">
    <p class='ocr_par' dir='ltr' id='par_1_1' title="bbox 364 547 2449 3525">
     <span class='ocr_line' id='line_1_1' title="bbox 711 547 2438 616; baseline -0.002 0"><span class='ocrx_word' id='word_1_1' title='bbox 711 550 1193 616; x_wconf 80' lang='lat' dir='ltr'>DEGL..XI1.</span> <span class='ocrx_word' id='word_1_2' title='bbox 1241 548 1498 615; x_wconf 83' lang='lat' dir='ltr'>PASTI</span> <span class='ocrx_word' id='word_1_3' title='bbox 1544 550 2089 616; x_wconf 83' lang='lat' dir='ltr'>GADAVERIS.</span> <span class='ocrx_word' id='word_1_4' title='bbox 2278 547 2438 613; x_wconf 69' lang='lat'><strong>&#39;265</strong></span> 
     </span>
     <span class='ocr_line' id='line_1_2' title="bbox 368 669 2449 772; baseline 0 -28"><span class='ocrx_word' id='word_1_5' title='bbox 368 669 781 772; x_wconf 76' lang='lat' dir='ltr'><strong>bet‚,opinor</strong></span> <span class='ocrx_word' id='word_1_6' title='bbox 796 704 816 762; x_wconf 80' lang='lat'>3</span> <span class='ocrx_word' id='word_1_7' title='bbox 832 700 948 746; x_wconf 89' lang='lat' dir='ltr'><strong>reo</strong></span> <span class='ocrx_word' id='word_1_8' title='bbox 969 672 1339 762; x_wconf 81' lang='lat' dir='ltr'><strong>indicanda</strong></span> <span class='ocrx_word' id='word_1_9' title='bbox 1358 695 1523 745; x_wconf 88' lang='lat' dir='ltr'><strong>sunt</strong></span> <span class='ocrx_word' id='word_1_10' title='bbox 1543 731 1561 763; x_wconf 86' lang='lat'>,</span> <span class='ocrx_word' id='word_1_11' title='bbox 1584 673 1706 770; x_wconf 88' lang='lat' dir='ltr'><strong>qui</strong></span> <span class='ocrx_word' id='word_1_12' title='bbox 1726 701 1766 744; x_wconf 89' lang='lat' dir='ltr'><strong>a</strong></span> <span class='ocrx_word' id='word_1_13' title='bbox 1786 672 1985 745; x_wconf 85' lang='lat' dir='ltr'><strong>malis</strong></span> <span class='ocrx_word' id='word_1_14' title='bbox 2003 669 2301 771; x_wconf 89' lang='lat' dir='ltr'><strong>publicis</strong></span> <span class='ocrx_word' id='word_1_15' title='bbox 2320 672 2449 744; x_wconf 78' lang='lat' dir='ltr'><strong>ab-&#39;</strong></span> 
     </span>
     <span class='ocr_line' id='line_1_3' title="bbox 366 789 2444 889; baseline -0 -29"><span class='ocrx_word' id='word_1_16' title='bbox 366 789 536 877; x_wconf 86' lang='lat' dir='ltr'><strong>fuit,</strong></span> <span class='ocrx_word' id='word_1_17' title='bbox 567 790 686 889; x_wconf 90' lang='lat' dir='ltr'><strong>qui</strong></span> <span class='ocrx_word' id='word_1_18' title='bbox 719 789 851 862; x_wconf 87' lang='lat' dir='ltr'><strong>hoc</strong></span> <span class='ocrx_word' id='word_1_19' title='bbox 879 812 1061 863; x_wconf 88' lang='lat' dir='ltr'><strong>eerte</strong></span> <span class='ocrx_word' id='word_1_20' title='bbox 1095 790 1486 862; x_wconf 82' lang='lat' dir='ltr'><strong>maximum</strong></span> <span class='ocrx_word' id='word_1_21' title='bbox 1524 791 1727 861; x_wconf 85' lang='lat' dir='ltr'><strong>debet</strong></span> <span class='ocrx_word' id='word_1_22' title='bbox 1758 790 1986 889; x_wconf 73' lang='lat' dir='ltr'><strong>patrioe</strong></span> <span class='ocrx_word' id='word_1_23' title='bbox 2008 814 2147 861; x_wconf 66' lang='lat' dir='ltr'><strong>suae</strong></span> <span class='ocrx_word' id='word_1_24' title='bbox 2176 789 2444 861; x_wconf 84' lang='lat' dir='ltr'><strong>benefi-</strong></span> 
     </span>
     <span class='ocr_line' id='line_1_4' title="bbox 369 897 2445 1003; baseline -0 -30"><span class='ocrx_word' id='word_1_25' title='bbox 369 902 553 973; x_wconf 89' lang='lat' dir='ltr'><strong>cium</strong></span> <span class='ocrx_word' id='word_1_26' title='bbox 569 961 588 993; x_wconf 86' lang='lat'>‚</span> <span class='ocrx_word' id='word_1_27' title='bbox 606 905 794 1002; x_wconf 89' lang='lat' dir='ltr'><strong>quod</strong></span> <span class='ocrx_word' id='word_1_28' title='bbox 809 931 850 976; x_wconf 85' lang='lat' dir='ltr'><strong>a</strong></span> <span class='ocrx_word' id='word_1_29' title='bbox 867 904 1054 975; x_wconf 89' lang='lat' dir='ltr'><strong>fame</strong></span> <span class='ocrx_word' id='word_1_30' title='bbox 1074 903 1260 976; x_wconf 88' lang='lat' dir='ltr'><strong>solus</strong></span> <span class='ocrx_word' id='word_1_31' title='bbox 1278 903 1599 975; x_wconf 87' lang='lat' dir='ltr'><strong>dimissus</strong></span> <span class='ocrx_word' id='word_1_32' title='bbox 1616 925 1734 975; x_wconf 86' lang='lat' dir='ltr'><strong>est.</strong></span> <span class='ocrx_word' id='word_1_33' title='bbox 1750 897 1934 978; x_wconf 87' lang='lat' dir='ltr'><strong>Audi</strong></span> <span class='ocrx_word' id='word_1_34' title='bbox 1955 904 2182 1003; x_wconf 89' lang='lat' dir='ltr'><strong>itaque</strong></span> <span class='ocrx_word' id='word_1_35' title='bbox 2197 960 2215 992; x_wconf 90' lang='lat'>‚</span> <span class='ocrx_word' id='word_1_36' title='bbox 2236 900 2400 974; x_wconf 90' lang='lat' dir='ltr'><strong>audi</strong></span> <span class='ocrx_word' id='word_1_37' title='bbox 2422 957 2445 988; x_wconf 90' lang='lat'><strong>‚</strong></span> 
     </span>
     <span class='ocr_line' id='line_1_5' title="bbox 366 1019 2443 1118; baseline -0.001 -29"><span class='ocrx_word' id='word_1_38' title='bbox 366 1019 805 1093; x_wconf 88' lang='lat' dir='ltr'><strong>frumentum</strong></span> <span class='ocrx_word' id='word_1_39' title='bbox 820 1020 1029 1108; x_wconf 87' lang='lat' dir='ltr'><strong>istud,</strong></span> <span class='ocrx_word' id='word_1_40' title='bbox 1043 1020 1232 1118; x_wconf 90' lang='lat' dir='ltr'><strong>quod</strong></span> <span class='ocrx_word' id='word_1_41' title='bbox 1249 1019 1671 1111; x_wconf 84' lang='lat' dir='ltr'><strong>lucrifecisti,</strong></span> <span class='ocrx_word' id='word_1_42' title='bbox 1688 1046 1874 1118; x_wconf 86' lang='lat' dir='ltr'><strong>quan</strong></span> <span class='ocrx_word' id='word_1_43' title='bbox 1882 1019 1930 1091; x_wconf 85' lang='lat' dir='ltr'><strong>ti</strong></span> <span class='ocrx_word' id='word_1_44' title='bbox 1947 1019 2146 1090; x_wconf 88' lang='lat' dir='ltr'><strong>nobis</strong></span> <span class='ocrx_word' id='word_1_45' title='bbox 2163 1037 2443 1091; x_wconf 87' lang='lat' dir='ltr'><strong>constet:</strong></span> 
     </span>
     <span class='ocr_line' id='line_1_6' title="bbox 366 1134 2444 1236; baseline 0 -30"><span class='ocrx_word' id='word_1_46' title='bbox 366 1134 612 1235; x_wconf 83' lang='lat' dir='ltr'><strong>aliquis</strong></span> <span class='ocrx_word' id='word_1_47' title='bbox 640 1139 952 1227; x_wconf 85' lang='lat' dir='ltr'><strong>fortasse,</strong></span> <span class='ocrx_word' id='word_1_48' title='bbox 974 1136 1243 1236; x_wconf 88' lang='lat' dir='ltr'><strong>judices</strong></span> <span class='ocrx_word' id='word_1_49' title='bbox 1266 1194 1284 1226; x_wconf 86' lang='lat'>,</span> <span class='ocrx_word' id='word_1_50' title='bbox 1314 1137 1643 1227; x_wconf 87' lang='lat' dir='ltr'><strong>miratur,</strong></span> <span class='ocrx_word' id='word_1_51' title='bbox 1682 1137 1894 1208; x_wconf 87' lang='lat' dir='ltr'><strong>etiam</strong></span> <span class='ocrx_word' id='word_1_52' title='bbox 1924 1136 1980 1208; x_wconf 85' lang='lat' dir='ltr'><strong>si</strong></span> <span class='ocrx_word' id='word_1_53' title='bbox 2017 1136 2227 1236; x_wconf 85' lang='lat' dir='ltr'><strong>hujus</strong></span> <span class='ocrx_word' id='word_1_54' title='bbox 2262 1136 2444 1207; x_wconf 85' lang='lat' dir='ltr'><strong>fera-</strong></span> 
     </span>
     <span class='ocr_line' id='line_1_7' title="bbox 366 1248 2443 1349; baseline 0.001 -30"><span class='ocrx_word' id='word_1_55' title='bbox 366 1248 451 1321; x_wconf 91' lang='lat' dir='ltr'><strong>lis</strong></span> <span class='ocrx_word' id='word_1_56' title='bbox 477 1251 647 1322; x_wconf 88' lang='lat' dir='ltr'><strong>anni</strong></span> <span class='ocrx_word' id='word_1_57' title='bbox 670 1252 934 1323; x_wconf 86' lang='lat' dir='ltr'><strong>fructus</strong></span> <span class='ocrx_word' id='word_1_58' title='bbox 960 1251 1274 1340; x_wconf 82' lang='lat' dir='ltr'><strong>cessavit,</strong></span> <span class='ocrx_word' id='word_1_59' title='bbox 1304 1249 1491 1348; x_wconf 90' lang='lat' dir='ltr'><strong>quod</strong></span> <span class='ocrx_word' id='word_1_60' title='bbox 1514 1272 1749 1323; x_wconf 85' lang='lat' dir='ltr'><strong>tamen</strong></span> <span class='ocrx_word' id='word_1_61' title='bbox 1776 1250 1891 1323; x_wconf 86' lang='lat' dir='ltr'><strong>illa</strong></span> <span class='ocrx_word' id='word_1_62' title='bbox 1919 1251 2234 1349; x_wconf 80' lang='lat' dir='ltr'><strong>superior</strong></span> <span class='ocrx_word' id='word_1_63' title='bbox 2252 1250 2443 1348; x_wconf 79' lang='lat' dir='ltr'><strong>longi</strong></span> 
     </span>
     <span class='ocr_line' id='line_1_8' title="bbox 367 1363 2444 1461; baseline 0.001 -28"><span class='ocrx_word' id='word_1_64' title='bbox 367 1364 696 1461; x_wconf 83' lang='lat' dir='ltr'><strong>temporis</strong></span> <span class='ocrx_word' id='word_1_65' title='bbox 722 1365 924 1437; x_wconf 84' lang='lat' dir='ltr'><strong>beata</strong></span> <span class='ocrx_word' id='word_1_66' title='bbox 951 1363 1336 1437; x_wconf 77' lang='lat' dir='ltr'><strong>fecunditas</strong></span> <span class='ocrx_word' id='word_1_67' title='bbox 1360 1365 1697 1455; x_wconf 87' lang='lat' dir='ltr'><strong>tabuerit;</strong></span> <span class='ocrx_word' id='word_1_68' title='bbox 1729 1386 1798 1438; x_wconf 90' lang='lat' dir='ltr'><strong>et</strong></span> <span class='ocrx_word' id='word_1_69' title='bbox 1825 1392 2062 1438; x_wconf 86' lang='lat' dir='ltr'><strong>secum</strong></span> <span class='ocrx_word' id='word_1_70' title='bbox 2093 1365 2217 1438; x_wconf 84' lang='lat' dir='ltr'><strong>iste</strong></span> <span class='ocrx_word' id='word_1_71' title='bbox 2248 1363 2444 1436; x_wconf 89' lang='lat' dir='ltr'><strong>dubi·</strong></span> 
     </span>
     <span class='ocr_line' id='line_1_9' title="bbox 367 1478 2443 1579; baseline 0.001 -31"><span class='ocrx_word' id='word_1_72' title='bbox 367 1496 467 1548; x_wconf 87' lang='lat' dir='ltr'><strong>tat</strong></span> <span class='ocrx_word' id='word_1_73' title='bbox 480 1534 499 1566; x_wconf 87' lang='lat'>‚</span> <span class='ocrx_word' id='word_1_74' title='bbox 522 1478 692 1574; x_wconf 87' lang='lat' dir='ltr'><strong>quid</strong></span> <span class='ocrx_word' id='word_1_75' title='bbox 710 1478 886 1551; x_wconf 85' lang='lat' dir='ltr'><strong>sitin</strong></span> <span class='ocrx_word' id='word_1_76' title='bbox 906 1507 1139 1570; x_wconf 84' lang='lat' dir='ltr'><strong>causa,</strong></span> <span class='ocrx_word' id='word_1_77' title='bbox 1161 1506 1286 1552; x_wconf 87' lang='lat' dir='ltr'><strong>cur</strong></span> <span class='ocrx_word' id='word_1_78' title='bbox 1303 1480 1531 1552; x_wconf 84' lang='lat' dir='ltr'><strong>civitas</strong></span> <span class='ocrx_word' id='word_1_79' title='bbox 1546 1480 1873 1579; x_wconf 88' lang='lat' dir='ltr'><strong>opulenta</strong></span> <span class='ocrx_word' id='word_1_80' title='bbox 1888 1479 2245 1577; x_wconf 87' lang='lat' dir='ltr'><strong>quondam</strong></span> <span class='ocrx_word' id='word_1_81' title='bbox 2262 1479 2443 1550; x_wconf 89' lang='lat' dir='ltr'><strong>nihil</strong></span> 
     </span>
     <span class='ocr_line' id='line_1_10' title="bbox 366 1589 2447 1691; baseline 0.002 -32"><span class='ocrx_word' id='word_1_82' title='bbox 366 1589 698 1662; x_wconf 87' lang='lat' dir='ltr'><strong>frumenti</strong></span> <span class='ocrx_word' id='word_1_83' title='bbox 719 1648 738 1679; x_wconf 89' lang='lat'>‚</span> <span class='ocrx_word' id='word_1_84' title='bbox 770 1591 900 1663; x_wconf 86' lang='lat' dir='ltr'><strong>nisi</strong></span> <span class='ocrx_word' id='word_1_85' title='bbox 929 1593 1002 1664; x_wconf 88' lang='lat' dir='ltr'><strong>in</strong></span> <span class='ocrx_word' id='word_1_86' title='bbox 1031 1619 1186 1691; x_wconf 88' lang='lat' dir='ltr'><strong>spe,</strong></span> <span class='ocrx_word' id='word_1_87' title='bbox 1218 1591 1558 1664; x_wconf 87' lang='lat' dir='ltr'><strong>habuerit.</strong></span> <span class='ocrx_word' id='word_1_88' title='bbox 1591 1593 1707 1665; x_wconf 91' lang='lat' dir='ltr'><strong>Sic</strong></span> <span class='ocrx_word' id='word_1_89' title='bbox 1734 1594 1843 1682; x_wconf 85' lang='lat' dir='ltr'><strong>fit;</strong></span> <span class='ocrx_word' id='word_1_90' title='bbox 1876 1592 1999 1665; x_wconf 88' lang='lat' dir='ltr'><strong>ubi</strong></span> <span class='ocrx_word' id='word_1_91' title='bbox 2024 1592 2266 1665; x_wconf 79' lang='lat' dir='ltr'><strong>vicinis</strong></span> <span class='ocrx_word' id='word_1_92' title='bbox 2296 1592 2447 1663; x_wconf 86' lang='lat' dir='ltr'><strong>civi·</strong></span> 
     </span>
     <span class='ocr_line' id='line_1_11' title="bbox 367 1701 2442 1808; baseline 0.002 -36"><span class='ocrx_word' id='word_1_93' title='bbox 367 1701 616 1774; x_wconf 84' lang='lat' dir='ltr'><strong>tatibus</strong></span> <span class='ocrx_word' id='word_1_94' title='bbox 640 1704 1007 1808; x_wconf 76' lang='lat' dir='ltr'><strong>vendimus</strong></span> <span class='ocrx_word' id='word_1_95' title='bbox 1028 1763 1048 1794; x_wconf 82' lang='lat'>,</span> <span class='ocrx_word' id='word_1_96' title='bbox 1075 1726 1143 1777; x_wconf 91' lang='lat' dir='ltr'><strong>et</strong></span> <span class='ocrx_word' id='word_1_97' title='bbox 1165 1706 1635 1803; x_wconf 88' lang='lat' dir='ltr'><strong>undecunque</strong></span> <span class='ocrx_word' id='word_1_98' title='bbox 1664 1706 1926 1778; x_wconf 81' lang='lat' dir='ltr'><strong>offulsit</strong></span> <span class='ocrx_word' id='word_1_99' title='bbox 1948 1706 2222 1777; x_wconf 84' lang='lat' dir='ltr'><strong>lucrum</strong></span> <span class='ocrx_word' id='word_1_100' title='bbox 2245 1762 2264 1793; x_wconf 90' lang='lat'>,</span> <span class='ocrx_word' id='word_1_101' title='bbox 2294 1706 2442 1778; x_wconf 85' lang='lat' dir='ltr'><strong>sine</strong></span> 
     </span>
     <span class='ocr_line' id='line_1_12' title="bbox 367 1817 2446 1917; baseline 0.002 -30"><span class='ocrx_word' id='word_1_102' title='bbox 367 1837 680 1914; x_wconf 86' lang='lat' dir='ltr'><strong>respectu</strong></span> <span class='ocrx_word' id='word_1_103' title='bbox 709 1817 892 1890; x_wconf 83' lang='lat' dir='ltr'><strong>salus</strong></span> <span class='ocrx_word' id='word_1_104' title='bbox 919 1818 1200 1914; x_wconf 80' lang='lat' dir='ltr'><strong>publica</strong></span> <span class='ocrx_word' id='word_1_105' title='bbox 1230 1819 1618 1906; x_wconf 80' lang='lat' dir='ltr'><strong>addicitur,</strong></span> <span class='ocrx_word' id='word_1_106' title='bbox 1654 1820 1729 1888; x_wconf 88' lang='lat' dir='ltr'><strong>in</strong></span> <span class='ocrx_word' id='word_1_107' title='bbox 1762 1847 2050 1889; x_wconf 85' lang='lat' dir='ltr'><strong>vacuam</strong></span> <span class='ocrx_word' id='word_1_108' title='bbox 2085 1820 2446 1917; x_wconf 84' lang='lat' dir='ltr'><strong>possessio-</strong></span> 
     </span>
     <span class='ocr_line' id='line_1_13' title="bbox 367 1931 2444 2037; baseline 0.001 -35"><span class='ocrx_word' id='word_1_109' title='bbox 367 1955 532 2002; x_wconf 79' lang='lat' dir='ltr'><strong>nem</strong></span> <span class='ocrx_word' id='word_1_110' title='bbox 554 1944 572 1974; x_wconf 82' lang='lat'><em>¹</em></span> <span class='ocrx_word' id='word_1_111' title='bbox 604 1931 823 2004; x_wconf 81' lang='lat' dir='ltr'><strong>fames</strong></span> <span class='ocrx_word' id='word_1_112' title='bbox 845 1932 1071 2003; x_wconf 85' lang='lat' dir='ltr'><strong>venit:</strong></span> <span class='ocrx_word' id='word_1_113' title='bbox 1098 1931 1306 2004; x_wconf 88' lang='lat' dir='ltr'><strong>etiam</strong></span> <span class='ocrx_word' id='word_1_114' title='bbox 1325 1989 1345 2022; x_wconf 89' lang='lat'>,</span> <span class='ocrx_word' id='word_1_115' title='bbox 1370 1932 1619 2031; x_wconf 88' lang='lat' dir='ltr'><strong>siquid</strong></span> <span class='ocrx_word' id='word_1_116' title='bbox 1644 1931 1893 2037; x_wconf 84' lang='lat' dir='ltr'><strong>residui</strong></span> <span class='ocrx_word' id='word_1_117' title='bbox 1922 1954 2095 2021; x_wconf 87' lang='lat' dir='ltr'><strong>erat,</strong></span> <span class='ocrx_word' id='word_1_118' title='bbox 2125 1954 2198 2005; x_wconf 87' lang='lat' dir='ltr'><strong>ut</strong></span> <span class='ocrx_word' id='word_1_119' title='bbox 2221 1934 2444 2006; x_wconf 83' lang='lat' dir='ltr'><strong>carius</strong></span> 
     </span>
     <span class='ocr_line' id='line_1_14' title="bbox 367 2044 2443 2145; baseline 0.002 -30"><span class='ocrx_word' id='word_1_120' title='bbox 367 2044 653 2143; x_wconf 90' lang='lat' dir='ltr'><strong>quidam</strong></span> <span class='ocrx_word' id='word_1_121' title='bbox 683 2044 1095 2135; x_wconf 85' lang='lat' dir='ltr'><strong>venderent,</strong></span> <span class='ocrx_word' id='word_1_122' title='bbox 1121 2044 1208 2116; x_wconf 91' lang='lat' dir='ltr'><strong>ad</strong></span> <span class='ocrx_word' id='word_1_123' title='bbox 1237 2072 1534 2117; x_wconf 84' lang='lat' dir='ltr'><strong>annonae</strong></span> <span class='ocrx_word' id='word_1_124' title='bbox 1566 2045 1969 2134; x_wconf 75' lang='lat' dir='ltr'><strong>incendium</strong></span> <span class='ocrx_word' id='word_1_125' title='bbox 1999 2073 2443 2145; x_wconf 82' lang='lat' dir='ltr'><strong>suppressum</strong></span> 
     </span>
     <span class='ocr_line' id='line_1_15' title="bbox 367 2161 2444 2251; baseline 0.001 -20"><span class='ocrx_word' id='word_1_126' title='bbox 367 2181 485 2232; x_wconf 87' lang='lat' dir='ltr'><strong>est.</strong></span> <span class='ocrx_word' id='word_1_127' title='bbox 535 2163 775 2240; x_wconf 81' lang='lat' dir='ltr'><strong>Testor</strong></span> <span class='ocrx_word' id='word_1_128' title='bbox 815 2181 1052 2233; x_wconf 86' lang='lat' dir='ltr'><strong>tamen</strong></span> <span class='ocrx_word' id='word_1_129' title='bbox 1097 2161 1582 2233; x_wconf 81' lang='lat' dir='ltr'><strong>conscientiam</strong></span> <span class='ocrx_word' id='word_1_130' title='bbox 1633 2182 1924 2233; x_wconf 82' lang='lat' dir='ltr'><strong>vestram</strong></span> <span class='ocrx_word' id='word_1_131' title='bbox 1946 2219 1964 2251; x_wconf 86' lang='lat'>,</span> <span class='ocrx_word' id='word_1_132' title='bbox 2014 2189 2157 2234; x_wconf 87' lang='lat' dir='ltr'><strong>non</strong></span> <span class='ocrx_word' id='word_1_133' title='bbox 2204 2189 2444 2234; x_wconf 84' lang='lat' dir='ltr'><strong>sumus</strong></span> 
     </span>
     <span class='ocr_line' id='line_1_16' title="bbox 366 2275 2444 2375; baseline 0 -27"><span class='ocrx_word' id='word_1_134' title='bbox 366 2275 621 2373; x_wconf 71' lang='lat' dir='ltr'><strong>questi,</strong></span> <span class='ocrx_word' id='word_1_135' title='bbox 652 2276 992 2373; x_wconf 87' lang='lat' dir='ltr'><strong>quamdiu</strong></span> <span class='ocrx_word' id='word_1_136' title='bbox 1024 2276 1242 2374; x_wconf 87' lang='lat' dir='ltr'><strong>duplo</strong></span> <span class='ocrx_word' id='word_1_137' title='bbox 1275 2277 1717 2350; x_wconf 82' lang='lat' dir='ltr'><strong>emebamus:</strong></span> <span class='ocrx_word' id='word_1_138' title='bbox 1751 2303 1892 2351; x_wconf 89' lang='lat' dir='ltr'><strong>non</strong></span> <span class='ocrx_word' id='word_1_139' title='bbox 1929 2278 2117 2349; x_wconf 88' lang='lat' dir='ltr'><strong>enim</strong></span> <span class='ocrx_word' id='word_1_140' title='bbox 2145 2277 2444 2375; x_wconf 72' lang='lat' dir='ltr'><strong>vulgaris</strong></span> 
     </span>
     <span class='ocr_line' id='line_1_17' title="bbox 367 2389 2443 2492; baseline 0.001 -32"><span class='ocrx_word' id='word_1_141' title='bbox 367 2389 486 2462; x_wconf 88' lang='lat' dir='ltr'><strong>illa</strong></span> <span class='ocrx_word' id='word_1_142' title='bbox 517 2390 751 2466; x_wconf 83' lang='lat' dir='ltr'><strong>labes²</strong></span> <span class='ocrx_word' id='word_1_143' title='bbox 784 2393 1118 2463; x_wconf 85' lang='lat' dir='ltr'><strong>frumenti</strong></span> <span class='ocrx_word' id='word_1_144' title='bbox 1149 2391 1311 2481; x_wconf 85' lang='lat' dir='ltr'><strong>fuit3</strong></span> <span class='ocrx_word' id='word_1_145' title='bbox 1349 2419 1475 2464; x_wconf 87' lang='lat' dir='ltr'><strong>nec</strong></span> <span class='ocrx_word' id='word_1_146' title='bbox 1497 2450 1516 2480; x_wconf 92' lang='lat'>‚</span> <span class='ocrx_word' id='word_1_147' title='bbox 1552 2392 1773 2492; x_wconf 79' lang='lat' dir='ltr'><strong>qualis</strong></span> <span class='ocrx_word' id='word_1_148' title='bbox 1806 2392 1973 2466; x_wconf 87' lang='lat' dir='ltr'><strong>alias</strong></span> <span class='ocrx_word' id='word_1_149' title='bbox 2003 2393 2092 2464; x_wconf 84' lang='lat' dir='ltr'><strong>ab</strong></span> <span class='ocrx_word' id='word_1_150' title='bbox 2125 2391 2443 2490; x_wconf 73' lang='lat' dir='ltr'><strong>agricolis</strong></span> 
     </span>
     <span class='ocr_line' id='line_1_18' title="bbox 368 2505 2443 2606; baseline 0.001 -31"><span class='ocrx_word' id='word_1_151' title='bbox 368 2506 667 2577; x_wconf 89' lang='lat' dir='ltr'><strong>accusari</strong></span> <span class='ocrx_word' id='word_1_152' title='bbox 695 2505 904 2596; x_wconf 85' lang='lat' dir='ltr'><strong>solet,</strong></span> <span class='ocrx_word' id='word_1_153' title='bbox 936 2506 1225 2603; x_wconf 83' lang='lat' dir='ltr'><strong>perfidia</strong></span> <span class='ocrx_word' id='word_1_154' title='bbox 1253 2517 1588 2579; x_wconf 82' lang='lat' dir='ltr'><strong>terrarum</strong></span> <span class='ocrx_word' id='word_1_155' title='bbox 1614 2565 1633 2597; x_wconf 87' lang='lat'>,</span> <span class='ocrx_word' id='word_1_156' title='bbox 1668 2530 1735 2580; x_wconf 88' lang='lat' dir='ltr'><strong>et</strong></span> <span class='ocrx_word' id='word_1_157' title='bbox 1766 2508 2050 2606; x_wconf 74' lang='lat' dir='ltr'><strong>ingratae</strong></span> <span class='ocrx_word' id='word_1_158' title='bbox 2085 2507 2443 2580; x_wconf 75' lang='lat' dir='ltr'><strong>messis-ir-</strong></span> 
     </span>
     <span class='ocr_line' id='line_1_19' title="bbox 368 2619 2443 2721; baseline 0.004 -33"><span class='ocrx_word' id='word_1_159' title='bbox 368 2619 540 2692; x_wconf 83' lang='lat' dir='ltr'><strong>ritus</strong></span> <span class='ocrx_word' id='word_1_160' title='bbox 571 2620 804 2692; x_wconf 85' lang='lat' dir='ltr'><strong>labor:</strong></span> <span class='ocrx_word' id='word_1_161' title='bbox 842 2648 1015 2704; x_wconf 80' lang='lat' dir='ltr'><strong>nova</strong></span> <span class='ocrx_word' id='word_1_162' title='bbox 1044 2642 1109 2692; x_wconf 89' lang='lat' dir='ltr'><strong>et</strong></span> <span class='ocrx_word' id='word_1_163' title='bbox 1137 2621 1448 2694; x_wconf 79' lang='lat' dir='ltr'><strong>inaudita</strong></span> <span class='ocrx_word' id='word_1_164' title='bbox 1482 2623 2046 2696; x_wconf 80' lang='lat' dir='ltr'><strong>etabominanda</strong></span> <span class='ocrx_word' id='word_1_165' title='bbox 2073 2622 2252 2711; x_wconf 87' lang='lat' dir='ltr'><strong>lues,</strong></span> <span class='ocrx_word' id='word_1_166' title='bbox 2287 2650 2443 2721; x_wconf 76' lang='lat' dir='ltr'><strong>quae</strong></span> 
     </span>
     <span class='ocr_line' id='line_1_20' title="bbox 367 2734 2444 2837; baseline 0.003 -31"><span class='ocrx_word' id='word_1_167' title='bbox 367 2734 541 2806; x_wconf 90' lang='lat' dir='ltr'><strong>nihil</strong></span> <span class='ocrx_word' id='word_1_168' title='bbox 594 2735 864 2815; x_wconf 87' lang='lat' dir='ltr'><strong>homini</strong></span> <span class='ocrx_word' id='word_1_169' title='bbox 913 2735 1188 2834; x_wconf 83' lang='lat' dir='ltr'><strong>reliquit</strong></span> <span class='ocrx_word' id='word_1_170' title='bbox 1235 2757 1477 2837; x_wconf 81' lang='lat' dir='ltr'><strong>praeter</strong></span> <span class='ocrx_word' id='word_1_171' title='bbox 1525 2736 1922 2810; x_wconf 80' lang='lat' dir='ltr'><strong>hominem!</strong></span> <span class='ocrx_word' id='word_1_172' title='bbox 1964 2759 2082 2810; x_wconf 89' lang='lat' dir='ltr'><strong>aut</strong></span> <span class='ocrx_word' id='word_1_173' title='bbox 2127 2739 2444 2812; x_wconf 85' lang='lat' dir='ltr'><strong>adstricta</strong></span> 
     </span>
     <span class='ocr_line' id='line_1_21' title="bbox 367 2851 2445 2956; baseline 0.002 -35"><span class='ocrx_word' id='word_1_174' title='bbox 367 2851 531 2922; x_wconf 82' lang='lat' dir='ltr'><strong>citra</strong></span> <span class='ocrx_word' id='word_1_175' title='bbox 549 2873 880 2956; x_wconf 76' lang='lat' dir='ltr'><strong>conatum</strong></span> <span class='ocrx_word' id='word_1_176' title='bbox 904 2873 1046 2923; x_wconf 87' lang='lat' dir='ltr'><strong>sata</strong></span> <span class='ocrx_word' id='word_1_177' title='bbox 1073 2851 1203 2924; x_wconf 87' lang='lat' dir='ltr'><strong>sub</strong></span> <span class='ocrx_word' id='word_1_178' title='bbox 1227 2851 1390 2951; x_wconf 89' lang='lat' dir='ltr'><strong>ipsis</strong></span> <span class='ocrx_word' id='word_1_179' title='bbox 1419 2852 1700 2926; x_wconf 81' lang='lat' dir='ltr'><strong>tabuere</strong></span> <span class='ocrx_word' id='word_1_180' title='bbox 1729 2852 1968 2940; x_wconf 85' lang='lat' dir='ltr'><strong>sulcis;</strong></span> <span class='ocrx_word' id='word_1_181' title='bbox 1994 2873 2112 2923; x_wconf 91' lang='lat' dir='ltr'><strong>aut</strong></span> <span class='ocrx_word' id='word_1_182' title='bbox 2139 2852 2268 2924; x_wconf 89' lang='lat' dir='ltr'><strong>levi</strong></span> <span class='ocrx_word' id='word_1_183' title='bbox 2294 2880 2445 2925; x_wconf 88' lang='lat' dir='ltr'><strong>rore</strong></span> 
     </span>
     <span class='ocr_line' id='line_1_22' title="bbox 364 2963 2441 3066; baseline 0 -28"><span class='ocrx_word' id='word_1_184' title='bbox 364 2987 632 3039; x_wconf 85' lang='lat' dir='ltr'><strong>evocata</strong></span> <span class='ocrx_word' id='word_1_185' title='bbox 659 2967 846 3039; x_wconf 83' lang='lat' dir='ltr'><strong>radix</strong></span> <span class='ocrx_word' id='word_1_186' title='bbox 873 2967 947 3039; x_wconf 90' lang='lat' dir='ltr'><strong>in</strong></span> <span class='ocrx_word' id='word_1_187' title='bbox 979 2966 1330 3066; x_wconf 87' lang='lat' dir='ltr'><strong>pulverem</strong></span> <span class='ocrx_word' id='word_1_188' title='bbox 1362 2963 1689 3056; x_wconf 72' lang='lat' dir='ltr'><strong>incurrit;</strong></span> <span class='ocrx_word' id='word_1_189' title='bbox 1718 2990 1840 3040; x_wconf 90' lang='lat' dir='ltr'><strong>aut</strong></span> <span class='ocrx_word' id='word_1_190' title='bbox 1862 2968 2153 3066; x_wconf 83' lang='lat' dir='ltr'><strong>perustis</strong></span> <span class='ocrx_word' id='word_1_191' title='bbox 2183 2966 2441 3039; x_wconf 86' lang='lat' dir='ltr'><strong>torrido</strong></span> 
     </span>
     <span class='ocr_line' id='line_1_23' title="bbox 365 3076 2444 3182; baseline -0.001 -29"><span class='ocrx_word' id='word_1_192' title='bbox 365 3082 502 3155; x_wconf 85' lang='lat' dir='ltr'><strong>sole</strong></span> <span class='ocrx_word' id='word_1_193' title='bbox 542 3076 772 3153; x_wconf 86' lang='lat' dir='ltr'><strong>herbis</strong></span> <span class='ocrx_word' id='word_1_194' title='bbox 815 3082 1238 3155; x_wconf 84' lang='lat' dir='ltr'><strong>moribunda</strong></span> <span class='ocrx_word' id='word_1_195' title='bbox 1277 3081 1895 3182; x_wconf 75' lang='lat' dir='ltr'><strong>seges-impalluit:</strong></span> <span class='ocrx_word' id='word_1_196' title='bbox 1942 3080 2177 3153; x_wconf 88' lang='lat' dir='ltr'><strong>nullus</strong></span> <span class='ocrx_word' id='word_1_197' title='bbox 2220 3080 2444 3152; x_wconf 86' lang='lat' dir='ltr'><strong>imber</strong></span> 
     </span>
     <span class='ocr_line' id='line_1_24' title="bbox 366 3197 2443 3296; baseline 0 -29"><span class='ocrx_word' id='word_1_198' title='bbox 366 3197 652 3272; x_wconf 82' lang='lat' dir='ltr'><strong>sitientis</strong></span> <span class='ocrx_word' id='word_1_199' title='bbox 679 3198 804 3274; x_wconf 85' lang='lat' dir='ltr'><strong>soli</strong></span> <span class='ocrx_word' id='word_1_200' title='bbox 829 3199 1186 3296; x_wconf 88' lang='lat' dir='ltr'><strong>pulverem</strong></span> <span class='ocrx_word' id='word_1_201' title='bbox 1220 3199 1414 3271; x_wconf 84' lang='lat' dir='ltr'><strong>tersit</strong></span> <span class='ocrx_word' id='word_1_202' title='bbox 1432 3197 1484 3288; x_wconf 81' lang='lat'><strong>³,</strong></span> <span class='ocrx_word' id='word_1_203' title='bbox 1519 3198 1943 3296; x_wconf 84' lang='lat' dir='ltr'><strong>nullasuper</strong></span> <span class='ocrx_word' id='word_1_204' title='bbox 1970 3216 2236 3268; x_wconf 83' lang='lat' dir='ltr'><strong>arentes</strong></span> <span class='ocrx_word' id='word_1_205' title='bbox 2264 3222 2443 3267; x_wconf 90' lang='lat' dir='ltr'><strong>cam·</strong></span> 
     </span>
     <span class='ocr_line' id='line_1_25' title="bbox 367 3309 2439 3418; baseline 0 -37"><span class='ocrx_word' id='word_1_206' title='bbox 367 3337 489 3409; x_wconf 88' lang='lat' dir='ltr'><strong>pos</strong></span> <span class='ocrx_word' id='word_1_207' title='bbox 520 3312 760 3383; x_wconf 87' lang='lat' dir='ltr'><strong>saltem</strong></span> <span class='ocrx_word' id='word_1_208' title='bbox 794 3311 1046 3385; x_wconf 90' lang='lat' dir='ltr'><strong>umbra</strong></span> <span class='ocrx_word' id='word_1_209' title='bbox 1086 3312 1388 3386; x_wconf 88' lang='lat' dir='ltr'><strong>nubium</strong></span> <span class='ocrx_word' id='word_1_210' title='bbox 1428 3312 1796 3411; x_wconf 80' lang='lat' dir='ltr'><strong>pependit,</strong></span> <span class='ocrx_word' id='word_1_211' title='bbox 1845 3311 2051 3418; x_wconf 76' lang='lat' dir='ltr'><strong>calidi</strong></span> <span class='ocrx_word' id='word_1_212' title='bbox 2100 3309 2439 3409; x_wconf 84' lang='lat' dir='ltr'><strong>spiravere</strong></span> 
     </span>
     <span class='ocr_line' id='line_1_26' title="bbox 367 3413 2439 3525; baseline 0 -31"><span class='ocrx_word' id='word_1_213' title='bbox 367 3413 584 3521; x_wconf 59' lang='lat' dir='ltr'><strong>venti3</strong></span> <span class='ocrx_word' id='word_1_214' title='bbox 614 3426 1082 3499; x_wconf 87' lang='lat' dir='ltr'><strong>maturitatem</strong></span> <span class='ocrx_word' id='word_1_215' title='bbox 1104 3425 1134 3482; x_wconf 75' lang='grc'>4</span> <span class='ocrx_word' id='word_1_216' title='bbox 1163 3427 1485 3525; x_wconf 74' lang='lat' dir='ltr'><strong>praecepit</strong></span> <span class='ocrx_word' id='word_1_217' title='bbox 1512 3448 1746 3514; x_wconf 83' lang='lat' dir='ltr'><strong>aestus;</strong></span> <span class='ocrx_word' id='word_1_218' title='bbox 1784 3425 1987 3497; x_wconf 87' lang='lat' dir='ltr'><strong>etiam</strong></span> <span class='ocrx_word' id='word_1_219' title='bbox 2020 3424 2237 3497; x_wconf 88' lang='lat' dir='ltr'><strong>sicubi</strong></span> <span class='ocrx_word' id='word_1_220' title='bbox 2266 3425 2439 3496; x_wconf 84' lang='lat' dir='ltr'><strong>forte</strong></span> 
     </span>
    </p>
   </div>
   <div class='ocr_carea' id='block_1_2' title="bbox 365 3619 1382 4312">
    <p class='ocr_par' dir='ltr' id='par_1_2' title="bbox 367 3619 1365 4088">
     <span class='ocr_line' id='line_1_27' title="bbox 444 3619 1365 3692; baseline 0.005 -23"><span class='ocrx_word' id='word_1_221' title='bbox 444 3635 485 3669; x_wconf 78' lang='grc' dir='ltr'><strong>ι.</strong></span> <span class='ocrx_word' id='word_1_222' title='bbox 512 3619 578 3669; x_wconf 83' lang='lat' dir='ltr'><strong>In</strong></span> <span class='ocrx_word' id='word_1_223' title='bbox 607 3639 824 3671; x_wconf 69' lang='lat' dir='ltr'><strong>vacuam</strong></span> <span class='ocrx_word' id='word_1_224' title='bbox 854 3623 1230 3692; x_wconf 74' lang='lat' dir='ltr'><strong>possessionem.</strong></span> <span class='ocrx_word' id='word_1_225' title='bbox 1256 3624 1365 3674; x_wconf 88' lang='lat' dir='ltr'><strong>Do·</strong></span> 
     </span>
     <span class='ocr_line' id='line_1_28' title="bbox 367 3698 1360 3769; baseline 0.009 -22"><span class='ocrx_word' id='word_1_226' title='bbox 367 3698 561 3750; x_wconf 85' lang='lat' dir='ltr'><strong>minam</strong></span> <span class='ocrx_word' id='word_1_227' title='bbox 596 3702 731 3769; x_wconf 76' lang='lat' dir='ltr'><strong>agit,</strong></span> <span class='ocrx_word' id='word_1_228' title='bbox 768 3702 859 3753; x_wconf 86' lang='lat' dir='ltr'><strong>ubi</strong></span> <span class='ocrx_word' id='word_1_229' title='bbox 897 3705 1216 3756; x_wconf 81' lang='lat' dir='ltr'><strong>frumentum</strong></span> <span class='ocrx_word' id='word_1_230' title='bbox 1253 3723 1360 3756; x_wconf 87' lang='lat' dir='ltr'><strong>non</strong></span> 
     </span>
     <span class='ocr_line' id='line_1_29' title="bbox 367 3776 1363 3850; baseline 0.009 -24"><span class='ocrx_word' id='word_1_231' title='bbox 367 3789 474 3827; x_wconf 80' lang='lat' dir='ltr'><strong>est:</strong></span> <span class='ocrx_word' id='word_1_232' title='bbox 501 3776 681 3847; x_wconf 82' lang='lat' dir='ltr'><strong>paullo</strong></span> <span class='ocrx_word' id='word_1_233' title='bbox 706 3795 828 3850; x_wconf 83' lang='lat' dir='ltr'><strong>post</strong></span> <span class='ocrx_word' id='word_1_234' title='bbox 851 3780 917 3832; x_wconf 89' lang='lat' dir='ltr'><strong>de</strong></span> <span class='ocrx_word' id='word_1_235' title='bbox 943 3783 1113 3834; x_wconf 79' lang='lat' dir='ltr'><strong>fame:</strong></span> <span class='ocrx_word' id='word_1_236' title='bbox 1141 3806 1163 3829; x_wconf 72' lang='grc' dir='ltr'><strong><em>α</em></strong></span> <span class='ocrx_word' id='word_1_237' title='bbox 1183 3785 1363 3850; x_wconf 86' lang='lat' dir='ltr'><strong>Quum</strong></span> 
     </span>
     <span class='ocr_line' id='line_1_30' title="bbox 375 3857 1362 3933; baseline 0.007 -25"><span class='ocrx_word' id='word_1_238' title='bbox 375 3880 397 3903; x_wconf 71' lang='grc' dir='ltr'>ι</span> <span class='ocrx_word' id='word_1_239' title='bbox 422 3857 582 3910; x_wconf 84' lang='lat' dir='ltr'><strong>semel</strong></span> <span class='ocrx_word' id='word_1_240' title='bbox 605 3861 811 3912; x_wconf 76' lang='lat' dir='ltr'><strong>intrarit</strong></span> <span class='ocrx_word' id='word_1_241' title='bbox 834 3865 1095 3933; x_wconf 84' lang='lat' dir='ltr'><strong>impotens</strong></span> <span class='ocrx_word' id='word_1_242' title='bbox 1118 3863 1328 3918; x_wconf 81' lang='lat' dir='ltr'><strong>domina</strong></span> <span class='ocrx_word' id='word_1_243' title='bbox 1344 3900 1362 3928; x_wconf 87' lang='lat'>‚</span> 
     </span>
     <span class='ocr_line' id='line_1_31' title="bbox 372 3940 1361 4013; baseline 0.007 -23"><span class='ocrx_word' id='word_1_244' title='bbox 372 3962 394 3985; x_wconf 75' lang='grc' dir='ltr'><strong>ιι</strong></span> <span class='ocrx_word' id='word_1_245' title='bbox 416 3940 555 3991; x_wconf 79' lang='lat' dir='ltr'><strong>feras</strong></span> <span class='ocrx_word' id='word_1_246' title='bbox 596 3944 750 3992; x_wconf 82' lang='lat' dir='ltr'><strong>etiam</strong></span> <span class='ocrx_word' id='word_1_247' title='bbox 790 3955 839 3994; x_wconf 82' lang='lat' dir='ltr'><strong>et</strong></span> <span class='ocrx_word' id='word_1_248' title='bbox 875 3946 1112 4013; x_wconf 74' lang='lat' dir='ltr'><strong>ingentes</strong></span> <span class='ocrx_word' id='word_1_249' title='bbox 1154 3943 1361 3997; x_wconf 78' lang='lat' dir='ltr'><strong>belluas</strong></span> 
     </span>
     <span class='ocr_line' id='line_1_32' title="bbox 371 4017 907 4088; baseline 0.004 -19"><span class='ocrx_word' id='word_1_250' title='bbox 371 4039 396 4063; x_wconf 71' lang='grc' dir='ltr'><em>α</em></span> <span class='ocrx_word' id='word_1_251' title='bbox 414 4017 625 4088; x_wconf 69' lang='lat' dir='ltr'><strong>subigit.</strong></span> <span class='ocrx_word' id='word_1_252' title='bbox 642 4043 665 4067; x_wconf 71' lang='grc' dir='ltr'><strong>υ</strong></span> <span class='ocrx_word' id='word_1_253' title='bbox 690 4020 907 4073; x_wconf 72' lang='lat' dir='ltr'><strong>Senum.</strong></span> 
     </span>
    </p>

    <p class='ocr_par' dir='ltr' id='par_1_3' title="bbox 365 4097 1382 4312">
     <span class='ocr_line' id='line_1_33' title="bbox 437 4097 1361 4172; baseline 0.003 -21"><span class='ocrx_word' id='word_1_254' title='bbox 437 4117 486 4151; x_wconf 81' lang='lat'><strong>2.</strong></span> <span class='ocrx_word' id='word_1_255' title='bbox 507 4097 618 4151; x_wconf 79' lang='lat' dir='ltr'><strong>Illa</strong></span> <span class='ocrx_word' id='word_1_256' title='bbox 635 4099 785 4152; x_wconf 76' lang='lat' dir='ltr'><strong>labes.</strong></span> <span class='ocrx_word' id='word_1_257' title='bbox 801 4099 910 4153; x_wconf 74' lang='lat' dir='ltr'><strong>[Ha</strong></span> <span class='ocrx_word' id='word_1_258' title='bbox 930 4101 1076 4154; x_wconf 73' lang='lat' dir='ltr'><strong>tabes.</strong></span> <span class='ocrx_word' id='word_1_259' title='bbox 1098 4103 1166 4153; x_wconf 87' lang='lat' dir='ltr'><strong>Ut</strong></span> <span class='ocrx_word' id='word_1_260' title='bbox 1180 4102 1361 4172; x_wconf 80' lang='lat' dir='ltr'><strong>paullo</strong></span> 
     </span>
     <span class='ocr_line' id='line_1_34' title="bbox 365 4179 1362 4240; baseline 0.004 -12"><span class='ocrx_word' id='word_1_261' title='bbox 365 4190 488 4229; x_wconf 74' lang='lat' dir='ltr'><strong>ante</strong></span> <span class='ocrx_word' id='word_1_262' title='bbox 526 4179 771 4240; x_wconf 66' lang='lat' dir='ltr'><strong>tabuerit,-</strong></span> <span class='ocrx_word' id='word_1_263' title='bbox 812 4192 866 4231; x_wconf 84' lang='lat' dir='ltr'><strong>et</strong></span> <span class='ocrx_word' id='word_1_264' title='bbox 891 4197 1013 4230; x_wconf 81' lang='lat' dir='ltr'><strong>mox</strong></span> <span class='ocrx_word' id='word_1_265' title='bbox 1047 4181 1270 4232; x_wconf 82' lang='lat' dir='ltr'><strong>iterum:</strong></span> <span class='ocrx_word' id='word_1_266' title='bbox 1310 4195 1362 4233; x_wconf 87' lang='lat' dir='ltr'><strong>et</strong></span> 
     </span>
     <span class='ocr_line' id='line_1_35' title="bbox 365 4256 1382 4312; baseline 0.005 -6"><span class='ocrx_word' id='word_1_267' title='bbox 365 4256 693 4309; x_wconf 80' lang='lat' dir='ltr'><strong>confundere</strong></span> <span class='ocrx_word' id='word_1_268' title='bbox 717 4256 812 4310; x_wconf 84' lang='lat' dir='ltr'><strong>has</strong></span> <span class='ocrx_word' id='word_1_269' title='bbox 830 4275 986 4309; x_wconf 74' lang='lat' dir='ltr'><strong>voces</strong></span> <span class='ocrx_word' id='word_1_270' title='bbox 1004 4257 1243 4311; x_wconf 76' lang='lat' dir='ltr'><strong>librarios</strong></span> <span class='ocrx_word' id='word_1_271' title='bbox 1268 4259 1382 4312; x_wconf 89' lang='lat' dir='ltr'><strong>do-.</strong></span> 
     </span>
    </p>
   </div>
   <div class='ocr_carea' id='block_1_3' title="bbox 1442 3619 2442 4332">
    <p class='ocr_par' dir='ltr' id='par_1_4' title="bbox 1442 3619 2441 3848">
     <span class='ocr_line' id='line_1_36' title="bbox 1443 3619 2441 3682; baseline -0.007 -8"><span class='ocrx_word' id='word_1_272' title='bbox 1443 3619 2082 3674; x_wconf 79' lang='lat' dir='ltr'><strong>cetsummusGronov.ad</strong></span> <span class='ocrx_word' id='word_1_273' title='bbox 2094 3619 2441 3682; x_wconf 54' lang='lat' dir='ltr'><strong>Limxxxm,</strong></span> 
     </span>
     <span class='ocr_line' id='line_1_37' title="bbox 1442 3699 2439 3766; baseline -0.005 -10"><span class='ocrx_word' id='word_1_274' title='bbox 1442 3704 1540 3762; x_wconf 69' lang='lat'><strong>383</strong></span> <span class='ocrx_word' id='word_1_275' title='bbox 1583 3716 1634 3756; x_wconf 85' lang='lat' dir='ltr'><strong>et</strong></span> <span class='ocrx_word' id='word_1_276' title='bbox 1675 3701 1939 3756; x_wconf 76' lang='lat' dir='ltr'><strong>Drakenb.</strong></span> <span class='ocrx_word' id='word_1_277' title='bbox 1985 3702 2052 3756; x_wconf 77' lang='lat' dir='ltr'><strong>ad</strong></span> <span class='ocrx_word' id='word_1_278' title='bbox 2098 3701 2305 3766; x_wconf 81' lang='lat' dir='ltr'><strong>Silium,</strong></span> <span class='ocrx_word' id='word_1_279' title='bbox 2345 3699 2439 3752; x_wconf 84' lang='lat' dir='ltr'><strong>lib.</strong></span> 
     </span>
     <span class='ocr_line' id='line_1_38' title="bbox 1442 3784 1891 3848; baseline 0.004 -15"><span class='ocrx_word' id='word_1_280' title='bbox 1442 3784 1586 3848; x_wconf 82' lang='lat' dir='ltr'><strong>vm,</strong></span> <span class='ocrx_word' id='word_1_281' title='bbox 1613 3802 1696 3835; x_wconf 65' lang='grc' dir='ltr'><strong>αι.</strong></span> <span class='ocrx_word' id='word_1_282' title='bbox 1723 3786 1891 3837; x_wconf 72' lang='lat' dir='ltr'><strong>Romu.</strong></span> 
     </span>
    </p>

    <p class='ocr_par' dir='ltr' id='par_1_5' title="bbox 1471 3862 2265 3933">
     <span class='ocr_line' id='line_1_39' title="bbox 1471 3862 2265 3933; baseline 0.001 -21"><span class='ocrx_word' id='word_1_283' title='bbox 1471 3905 1480 3912; x_wconf 90' lang='lat'><strong>.</strong></span> <span class='ocrx_word' id='word_1_284' title='bbox 1512 3863 1561 3914; x_wconf 81' lang='lat'><strong>3.</strong></span> <span class='ocrx_word' id='word_1_285' title='bbox 1593 3862 1773 3914; x_wconf 67' lang='lat' dir='ltr'><strong>Teu-sit.</strong></span> <span class='ocrx_word' id='word_1_286' title='bbox 1804 3862 1997 3927; x_wconf 76' lang='lat' dir='ltr'><strong>Torsit,</strong></span> <span class='ocrx_word' id='word_1_287' title='bbox 2022 3862 2155 3914; x_wconf 77' lang='lat' dir='ltr'><strong>Voss</strong></span> <span class='ocrx_word' id='word_1_288' title='bbox 2184 3881 2265 3933; x_wconf 80' lang='lat' dir='ltr'><strong>pr.</strong></span> 
     </span>
    </p>

    <p class='ocr_par' dir='ltr' id='par_1_6' title="bbox 1442 3938 2442 4332">
     <span class='ocr_line' id='line_1_40' title="bbox 1512 3938 2440 4005; baseline 0 -14"><span class='ocrx_word' id='word_1_289' title='bbox 1512 3938 1565 4005; x_wconf 76' lang='grc'><strong>4.</strong></span> <span class='ocrx_word' id='word_1_290' title='bbox 1589 3940 1976 3992; x_wconf 73' lang='lat' dir='ltr'><strong>Mutuo-itatem.</strong></span> <span class='ocrx_word' id='word_1_291' title='bbox 2002 3941 2203 4004; x_wconf 67' lang='lat' dir='ltr'><strong>Emis,</strong></span> <span class='ocrx_word' id='word_1_292' title='bbox 2225 3942 2332 3992; x_wconf 77' lang='lat' dir='ltr'><strong>sive</strong></span> <span class='ocrx_word' id='word_1_293' title='bbox 2356 3957 2440 3991; x_wconf 81' lang='lat' dir='ltr'><strong>ca-</strong></span> 
     </span>
     <span class='ocr_line' id='line_1_41' title="bbox 1444 4018 2440 4090; baseline 0 -20"><span class='ocrx_word' id='word_1_294' title='bbox 1444 4018 1524 4071; x_wconf 85' lang='lat' dir='ltr'><strong>lor</strong></span> <span class='ocrx_word' id='word_1_295' title='bbox 1548 4022 1741 4074; x_wconf 74' lang='lat' dir='ltr'><strong>nimius</strong></span> <span class='ocrx_word' id='word_1_296' title='bbox 1763 4022 1970 4085; x_wconf 78' lang='lat' dir='ltr'><strong>effecit,</strong></span> <span class='ocrx_word' id='word_1_297' title='bbox 1993 4032 2053 4071; x_wconf 80' lang='lat' dir='ltr'><strong>nt</strong></span> <span class='ocrx_word' id='word_1_298' title='bbox 2080 4033 2202 4072; x_wconf 79' lang='lat' dir='ltr'><strong>anto</strong></span> <span class='ocrx_word' id='word_1_299' title='bbox 2234 4035 2440 4090; x_wconf 74' lang='lat' dir='ltr'><strong>tempus</strong></span> 
     </span>
     <span class='ocr_line' id='line_1_42' title="bbox 1443 4100 2441 4166; baseline -0.001 -14"><span class='ocrx_word' id='word_1_300' title='bbox 1443 4101 1811 4166; x_wconf 71' lang='lat' dir='ltr'><strong>flavescet-ent,</strong></span> <span class='ocrx_word' id='word_1_301' title='bbox 1832 4114 1883 4155; x_wconf 84' lang='lat' dir='ltr'><strong>et</strong></span> <span class='ocrx_word' id='word_1_302' title='bbox 1905 4100 2206 4154; x_wconf 80' lang='lat' dir='ltr'><strong>viderentur</strong></span> <span class='ocrx_word' id='word_1_303' title='bbox 2226 4116 2441 4154; x_wconf 70' lang='lat' dir='ltr'><strong>matum</strong></span> 
     </span>
     <span class='ocr_line' id='line_1_43' title="bbox 1442 4179 2440 4248; baseline -0.001 -19"><span class='ocrx_word' id='word_1_304' title='bbox 1442 4193 1669 4248; x_wconf 73' lang='lat' dir='ltr'><strong>segetes,</strong></span> <span class='ocrx_word' id='word_1_305' title='bbox 1695 4179 1787 4232; x_wconf 88' lang='lat' dir='ltr'><strong>sed</strong></span> <span class='ocrx_word' id='word_1_306' title='bbox 1812 4197 1993 4231; x_wconf 68' lang='lat' dir='ltr'><strong>revera</strong></span> <span class='ocrx_word' id='word_1_307' title='bbox 2016 4181 2273 4234; x_wconf 74' lang='lat' dir='ltr'><strong>inanes-et</strong></span> <span class='ocrx_word' id='word_1_308' title='bbox 2299 4196 2440 4229; x_wconf 77' lang='lat' dir='ltr'><strong>vnnae</strong></span> 
     </span>
     <span class='ocr_line' id='line_1_44' title="bbox 1442 4259 2442 4332; baseline -0.003 -20"><span class='ocrx_word' id='word_1_309' title='bbox 1442 4273 1594 4313; x_wconf 84' lang='lat' dir='ltr'><strong>erant</strong></span> <span class='ocrx_word' id='word_1_310' title='bbox 1607 4264 1790 4315; x_wconf 79' lang='lat' dir='ltr'><strong>aristae.</strong></span> <span class='ocrx_word' id='word_1_311' title='bbox 1807 4263 1898 4314; x_wconf 74' lang='lat' dir='ltr'><strong>Est</strong></span> <span class='ocrx_word' id='word_1_312' title='bbox 1917 4279 1981 4313; x_wconf 80' lang='lat' dir='ltr'><strong>ex</strong></span> <span class='ocrx_word' id='word_1_313' title='bbox 1994 4261 2212 4332; x_wconf 71' lang='lat' dir='ltr'><strong>Virgilio</strong></span> <span class='ocrx_word' id='word_1_314' title='bbox 2232 4259 2442 4311; x_wconf 69' lang='lat' dir='ltr'><strong>desum-</strong></span> 
     </span>
    </p>
   </div>
  </div>
 </body>
</html>
