3200 5117
793 565 917 629 238
1288 562 1380 624 M.
1428 558 1678 624 FABll
1724 556 2370 640 Qum'nmAm

789 688 996 761 deriis
1028 686 1213 783 large
1245 684 1564 782 indulget
1580 738 1611 771 ,.
1633 681 1812 753 nihil
1846 707 2117 780 aspere,
2152 679 2332 751 nihil
2362 702 2596 752 contra
2623 684 2869 754 volunss·

788 800 1038 875 tatem!
1071 801 1289 881 ‚habet
1332 796 1771 898 privilegium
1809 821 2019 866 suum
2053 817 2274 866 mater
2315 794 2592 884 infelix,
2627 796 2870 870 molles

789 946 1042 993 manus
1059 976 1079 1009 ,
1101 937 1168 990 et
1189 917 1384 989 mitia
1407 917 1720 986 fomenta
1745 913 2020 1010 magnis
2042 911 2445 985 vulneribus
2476 915 2865 987 admoveas.

785 1037 967 1126 Quae
1008 1061 1078 1107 se
1121 1033 1350 1104 adhue
1387 1031 1598 1103 secari
1633 1029 1837 1129 plaga
1861 1028 2232 1126 permittit,
2267 1029 2339 1099 in
2369 1055 2650 1101 summo
2691 1046 2710 1075 ¹
2732 1052 2863 1107 est:

785 1152 913 1222 viri
955 1150 1239 1222 forsitan
1275 1146 1630 1246 quomodo
1663 1145 1903 1216 fortior
1934 1170 2129 1215 sexus
2162 1144 2281 1233 sit,
2320 1165 2390 1217 et
2431 1159 2709 1216 contra²
2745 1147 2870 1217 do-

786 1268 1039 1356 lorem,
1066 1293 1278 1365 quam
1308 1262 1676 1336 imbecillis
1703 1261 2016 1348 animus,
2045 1261 2265 1361 magis
2294 1284 2595 1359 pugnat:
2633 1263 2866 1361 itaque

784 1404 1008 1454 totum
1038 1381 1222 1454 istud
1262 1380 1499 1477 lugere
1534 1377 1923 1449 femineum
1956 1396 2093 1447 est:
2125 1396 2192 1447 et
2219 1376 2429 1447 simul
2458 1377 2710 1449 orbitas
2737 1378 2870 1450 im-

784 1499 966 1571 belle
993 1520 1231 1599 pectus
1252 1494 1545 1584 invadit,
1573 1493 1852 1566 animus
1876 1492 2024 1582 ille,
2049 1493 2173 1594 qui
2200 1493 2427 1565 luctus
2452 1520 2611 1569 suos
2634 1495 2869 1599 sequi-

784 1632 932 1699 tur,
982 1610 1229 1709 incipit
1265 1607 1771 1707 indulgentiam
1815 1608 2065 1679 sentire
2106 1606 2573 1685 lacrimarum.
2619 1610 2862 1681 Fidem

784 1746 1014 1815 tuam,
1045 1724 1323 1815 marite,
1351 1722 1631 1824 conjugi
1657 1721 1818 1794 flere
1841 1723 2079 1812 liceat,
2114 1723 2340 1794 satiari
2367 1724 2655 1821 gemitu:
2685 1724 2866 1801 orbi-

783 1841 899 1913 tati
945 1841 1300 1941 permitte,
1343 1838 1685 1938 quamdiu
1721 1838 1920 1928 velit,
1965 1837 2171 1910 flere:
2223 1838 2336 1909 odi
2392 1859 2693 1938 patrem,
2741 1841 2863 1936 qui

779 1983 1007 2054 quum
1042 1956 1269 2028 filium
1302 1974 1369 2026 et
1396 1955 1538 2052 ipse
1568 1953 1975 2052 perdiderit,
2001 1972 2195 2051 putat
2219 1953 2429 2023 nimis
2457 1953 2694 2051 lugere
2723 1981 2865 2024 ma—

784 2091 983 2145 trem.
1904 2066 1908 2070 ’

879 2187 999 2257 XI.
1036 2184 1231 2274 Quid
1254 2211 1413 2282 ergo
1437 2181 1779 2282 queritur,
1808 2181 2087 2281 inquis?
2115 2184 2243 2253 hoc
2263 2183 2569 2281 primum
2589 2241 2608 2272 ,
2635 2182 2861 2261 filium

783 2288 935 2371 non
961 2300 1315 2399 quomodo
1351 2299 1590 2387 debeS,
1626 2297 1976 2388 Scelerate,
2012 2298 2392 2371 desideras:
2425 2324 2680 2397 magno
2710 2299 2863 2369 ani-

783 2443 901 2499 mo
932 2417 1139 2487 orbus
1168 2442 1237 2486 es
1256 2473 1274 2505 ,
1303 2415 1608 2512 loqueris
1636 2414 1847 2486 fuisse
1878 2414 2276 2503 mortalem,
2311 2436 2377 2486 et
2406 2415 2862 2516 interpretaris

784 2530 960 2601 nihil
990 2557 1338 2630 superesse
1367 2552 1520 2630 post
1546 2530 1888 2602 flammas.
1908 2530 2059 2601 Fle't
2074 2529 2270 2630 juxta
2293 2530 2471 2605 latus
2497 2551 2566 2602 et
2591 2529 2862 2633 plangit

782 2671 987 2734 uxor,
1006 2666 1082 2717 tu
1104 2646 1314 2717 siccos
1339 2646 1575 2719 oculos
1596 2645 1842 2718 babes:
1883 2644 2005 2716 illa
2030 2646 2181 2717 totis
2208 2646 2520 2718 noctibus
2539 2646 2859 2717 funebres

780 2781 1042 2832 exercet
1073 2759 1411 2852 ululatus,
1440 2781 1513 2833 tu
1545 2786 1779 2860 graves
1809 2786 2124 2849 somnOS,
2159 2787 2236 2831 ac
2269 2761 2616 2858 placidam
2660 2759 2861 2858 quie·

776 2894 942 2945 tem.
1005 2878 1202 2946 Pater
1247 2875 1540 2950 crudelis
1571 2933 1589 2965 ,
1649 2896 1840 2973 pater
1891 2876 2264 2946 immemor
2283 2887 2319 2964 ’,,
2366 2876 2535 2974 quid
2583 2875 2703 2947 vis*
2728 2873 2856 2944 tibi

772 2987 1078 3088 amplius
1128 2989 1585 3094 objiciamus?
1639 3016 1719 3061 ex
1766 3016 1905 3087 quo
1948 2989 2305 3087 perdidisti
2349 2990 2609 3076 filium,
2661 3014 2854 3058 nun-—

774 3130 994 3204 quam
1039 3105 1134 3176 sic
1170 3104 1563 3178 desiderasti
1602 3125 1682 3176 ut
1722 3105 2022 3177 videres:
2065 3105 2280 3202 quid?
2322 3103 2505 3205 quod
2546 3101 2852 3201 eripuisti

777 3220 982 3292 matri
1023 3220 1384 3310 solatium,
1435 3242 1602 3318 puta
1645 3247 1904 3291 vanum
1948 3240 2018 3291 et
2057 3218 2614 3319 supervacuum?
2675 3216 2852 3293 Nolo

764 3333 1082 3434 judices,
1135 3335 1297 3411 nolo
1344 3335 1699 3434 corripiaS,
1741 3334 1940 3408 scires
1982 3342 2326 3433 quantum
2370 3355 2542 3408 esset
2585 3333 2852 3424 hoc,’si

774 3449 1212 3533 tantumdem
1240 3449 1503 3520 doleres
1531 3477 1545 3520 :
1585 3476 1687 3522 res
1712 3449 2067 3548 indignior
2090 3477 2232 3521 uon
2259 3470 2395 3539 est,
2429 3476 2642 3547 quam
2659 3449 2848 3547 quod

774 3560 903 3635 tibi
952 3562 1037 3634 de
1080 3590 1160 3645 eo
1203 3564 1504 3662 postulas
1547 3564 1779 3658 credi,
1823 3565 2010 3666 quod
2055 3591 2195 3637 non
2244 3563 2469 3636 vidisti
2508 3591 2522 3634 ε
2568 3560 2853 3661 indulge

855 3715 992 3772 1.,Ιη
1013 3732 1214 3768 summo
1238 3726 1325 3769 θεῖ’.
1350 3717 1556 3771 Scilicet
1582 3739 1778 3791 corpo-
1930 3735 1977 3770 2.
2008 3719 2062 3771 V
2059 3719 2125 3770 in·
2135 3717 2365 3789 forsitan
2390 3717 2647 3789 quomodo
2660 3717 2857 3789 fortior

773 3812 836 3845 re
851 3832 867 3858 ,
888 3812 995 3845 non
1017 3794 1084 3846 ad
1106 3812 1225 3846 ossa
1241 3795 1321 3847 vel
1347 3800 1545 3849 viscera
1560 3798 1776 3851 descen-
1857 3817 1999 3852 sexus
2011 3796 2077 3851 sit
2090 3838 2107 3865 ,
2129 3811 2179 3851 et
2197 3811 2391 3852 comm.
2412 3798 2681 3868 Conjicio:
2707 3822 2729 3844 ι
2745 3799 2852 3849 Viri

768 3872 869 3926 dit.
908 3872 1063 3926 Ovid.
1098 3875 1195 3947 Ep.
1236 3874 1389 3942 xvl,
1430 3878 1560 3948 275:
1608 3878 1774 3930 «Non
1861 3880 2156 3943 «forsitan,
2178 3876 2448 3949 quomodo
2469 3878 2660 3930 fortior
2673 3894 2852 3941 sexus,

783 3972 805 3998 ιι
824 3969 939 4003 mea
963 3967 1084 4005 sunt
1105 3970 1307 4006 summa
1327 3954 1513 4008 leviter
1534 3956 1775 4009 districta
1859 3981 1882 4005 α
1901 3960 1977 4012 sic
2006 3974 2058 4013 et
2085 3973 2271 4012 contra
2295 3957 2537 4012 dolorem
2561 3962 2732 4011 minus
2755 3961 2851 4010 im-

776 4050 805 4075 ·
825 4030 1012 4100 sagitta
1033 4031 1568 4087 Pectorazdescendit
1580 4034 1771 4088 vulnus
1859 4062 1881 4086 οι
1901 4038 2101 4091 becillis
2136 4043 2341 4092 animus
2373 4043 2539 4113 magis
2581 4055 2797 4112 pugnat.
2821 4064 2843 4087 n

776 4135 805 4159 ι
825 4110 893 4164 ad
910 4130 1028 4177 ossa
1044 4131 1234 4166 meum.
1252 4139 1273 4162 n
1295 4116 1358 4168 Et
1371 4117 1441 4168 ita
1459 4126 1647 4168 contra
1660 4110 1770 4168 alta
1850 4120 1963 4187 Vel,
1986 4145 2008 4169 ι
2025 4135 2208 4173 contra
2226 4120 2486 4189 dolorem,
2500 4139 2657 4193 quam
2673 4118 2851 4172 mulie-

769 4192 959 4264 xaqitta
972 4210 1279 4263 percussum
1295 4212 1389 4245 cor
1403 4188 1741 4257 dixitMet.V1
1752 4234 1768 4262 ,
1856 4224 1878 4246 ι
1902 4218 2016 4252 rum
2031 4200 2309 4252 imbecillis
2330 4202 2550 4253 animus.
2568 4222 2590 4246 n
2613 4199 2846 4250 Gnonov.

772 4271 897 4337 2⁵66,
914 4268 1160 4323 sicalmm
1172 4289 1241 4324 vu
1249 4269 1364 4325 Inus
1375 4274 1565 4344 passim
1575 4313 1586 4325 .
1601 4273 1767 4327 Bur-n.
1848 4278 1976 4345 Quae
1988 4296 2096 4329 non
2111 4277 2386 4349 displicent
2400 4275 2595 4331 schah.
2611 4288 2657 4325 et
2672 4277 2845 4326 Burm.
