3200 5117
783 579 1055 643 DEGL.
1103 578 1253 641 XV.
1302 576 1513 642 on11
1561 576 1858 643 Po‘rlo
1905 580 1998 644 11.
2212 591 2221 599 ·
2307 584 2430 672 337

348 701 513 774 luit?
537 701 792 774 fecerat
818 721 883 772 te
913 699 1103 799 potio
1139 699 1264 770 ista
1296 697 1572 771 felicem
1591 758 1610 791 ‚
1639 700 1695 770 si
1731 700 2016 773 divitem
2051 702 2306 801 puella.
2335 707 2453 786 Ita,

345 816 451 890 vel
474 817 607 889 hoc
629 843 774 888 non
798 814 1027 886 solum
1046 870 1064 903 ,
1080 814 1358 915 judices
1377 870 1396 903 ,
1425 813 2005 886 innocentissimae
2036 817 2283 914 puellae
2308 844 2433 917 pro

346 932 749 1006 defensione
777 931 1156 1018 sufficeret,
1189 928 1377 1026 quod
1407 928 1590 1000 nihil
1617 930 1784 1002 fecit
1812 958 1936 1002 sua
1969 930 2217 1003 causa?
2249 958 2434 1003 ama-

341 1069 567 1120 torem
581 1046 881 1134 dimisit,
900 1043 1229 1142 explicuit
1244 1042 1362 1114 illa
1374 1099 1393 1134 ,
1412 1070 1562 1142 quae
1579 1065 1846 1143 captare
1864 1045 2142 1135 dicitur,
2160 1067 2238 1118 ut
2248 1074 2432 1120 ame-

342 1186 493 1254 tur,
530 1189 682 1261 quae
729 1160 1085 1249 sollicitat,
1132 1186 1284 1258 quae
1336 1161 1722 1260 corrumpit
1763 1163 2072 1235 affectus,
2115 1166 2427 1263 Ingrate,

342 1298 604 1378 quanta
628 1278 713 1350 de
743 1299 808 1350 te
837 1275 1137 1376 potuerit
1164 1274 1385 1373 gloria
1411 1276 1548 1347 frui
1573 1275 1641 1347 ¹?
1669 1303 1811 1349 non
1842 1278 2133 1375 quidem
2163 1281 2430 1370 confers

339 1396 558 1494 pretia
575 1451 594 1483 ,
623 1420 766 1465 non
792 1394 1032 1492 stipes3
1055 1392 1173 1464 sed
1201 1391 1457 1464 assides
1475 1450 1493 1482 ,
1526 1393 1831 1490 sequeris
1850 1452 1868 1483 ,
1890 1394 2132 1485 haeres,
2155 1419 2429 1495 praestas

339 1510 750 1583 comitatum
765 1569 783 1602 ,
800 1512 1109 1582 favorem
1125 1567 1145 1599 ,
1163 1509 1404 1582 laudas
1417 1509 1687 1609 ubique
1705 1567 1726 1601 ,
1747 1512 2019 1583 miraris
2040 1539 2055 1583 ε
2079 1512 2243 1585 hinc
2265 1541 2427 1612 ergo

339 1624 552 1698 iratus
569 1641 593 1670 ²
618 1625 1128 1714 meretricibus,
1161 1623 1349 1722 quod
1377 1622 1530 1696 illas
1555 1624 1764 1698 etiam
1787 1652 2125 1725 pauperes
2154 1649 2424 1718 ament,

338 1743 524 1840 quod
574 1742 774 1813 facile
822 1742 1264 1840 contingant,
1313 1743 1506 1839 quod
1555 1742 1915 1812 laboribus
1971 1765 2428 1817 exonerentur

334 1856 750 1929 adeuntium
794 1857 1037 1945 facies,
1083 1855 1247 1926 hinc
1294 1875 1589 1945 amator,
1632 1875 1710 1927 ut
1747 1855 1988 1928 divites
2033 1878 2303 1949 ament,
2348 1861 2427 1931 in

334 1971 599 2043 crimen
649 1970 1038 2043 maximum
1100 1989 1332 2067 captas
1397 1970 1759 2041 transferre
1811 1953 2279 2044 beneficium?
2336 1976 2428 2047 Ut
2475 1973 2483 1990 ⁸

329 2085 582 2184 aliquis
615 2112 845 2158 amare
881 2083 1184 2172 desinat,
1216 2109 1358 2155 non
1390 2083 1523 2154 nisi
1557 2084 1648 2154 ab
1681 2106 1956 2158 amante
1990 2107 2362 2185 praestatur.

424 2206 612 2274 VIII.
646 2201 845 2294 Quid
873 2202 1011 2293 ais,
1047 2199 1377 2302 juvenis?
1422 2200 1513 2270 ita
1554 2200 1785 2272 bibisti
1826 2202 2225 2300 potionem,
2269 2231 2421 2302 quar

328 2319 545 2391 finem
580 2318 1084 2418 cupiditatibus
1119 2317 1349 2406 daret,
1386 2338 1726 2414 premeret
1758 2317 2113 2408 ardorem,
2149 2319 2423 2392 deside-

325 2433 427 2504 ria
461 2433 949 2531 restingueret?
986 2433 1138 2523 abi,
1179 2431 1458 2521 recede,
1495 2431 1667 2503 dum
1703 2432 1955 2531 pueIlae
1986 2433 2270 2533 publico
2305 2461 2423 2534 ge—

325 2547 506 2619 neris
548 2547 846 2620 humani
884 2548 1175 2619 nomine
1214 2547 1464 2644 gratias
1506 2546 1813 2644 agimuS,
1859 2548 2045 2647 quod
2090 2548 2221 2620 hoc
2267 2550 2417 2621 fieri

324 2686 524 2759 posse
549 2661 975 2733 monstravit.
1003 2664 1223 2731 Furor
1247 2660 1366 2731 ille
1386 2717 1403 2748 ‚
1436 2659 1594 2757 qui,
1620 2663 1675 2733 si
1707 2662 2057 2735 credimus
2075 2721 2093 2753 ,
2116 2665 2419 2737 numina

326 2801 606 2873 quoque
637 2775 933 2847 detracta
956 2772 1296 2845 sideribus
1329 2773 1515 2844 misit
1547 2774 1620 2844 in
1653 2795 1900 2864 terraS,
1933 2778 2054 2873 qui
2090 2777 2178 2849 de
2211 2781 2415 2851 sacris

319 2888 868 2985 venerandisque
894 2887 1305 2987 pignoribus
1335 2907 1644 2959 monstra
1671 2911 2109 2964 commentus
2137 2913 2272 2982 est,
2303 2921 2416 2966 ar-

322 3005 478 3097 dor,
502 3006 625 3103 qui
647 3004 932 3078 miscuit
945 3004 1321 3077 hominum
1341 3005 1791 3101 ferarumque
1813 3007 2217 3077 concubitus
2236 3064 2254 3097 ,
2275 3011 2415 3079 fer-

321 3148 478 3193 rum
504 3179 523 3212 ,
559 3122 789 3221 ignes,
825 3121 1120 3194 claustra
1152 3120 1458 3210 laxabat,
1493 3148 1617 3220 per
1646 3119 1998 3221 interjecta
2032 3121 2161 3194 late
2191 3123 2413 3195 maria

318 3233 666 3330 fugiebat,
702 3256 998 3326 vetatur,
1033 3236 1234 3335 perit.
1269 3235 1582 3334 Accipite
1616 3235 1804 3334 quod
1846 3236 2071 3335 magis
2105 3237 2409 3309 debeatis

320 3367 595 3446 stupere
614 3405 632 3437 ,
659 3348 895 3421 mirari
923 3377 938 3421 ε
971 3352 1367 3424 remedium
1394 3350 1649 3423 amoris
1677 3352 1934 3424 mulier
1963 3352 2266 3424 invenit:
2295 3353 2408 3425 de-

316 3459 527 3532 sinite
572 3489 763 3534 nunc
808 3464 1148 3537 incestum
1195 3466 1480 3556 timere,
1530 3466 1893 3556 mortaleS,
1942 3467 2139 3539 nulla
2190 3468 2406 3567 pietas

316 3573 590 3647 horreat
616 3577 935 3650 nefandae
969 3579 1364 3679 cupiditatis
1399 3582 1846 3653 instinctum:
1882 3583 2232 3680 quidquid
2260 3611 2404 3657 non

317 3709 684 3787 parentum
737 3692 979 3783 minae,
1024 3695 1543 3795 castigationes,
1589 3724 1733 3769 non
1777 3697 1936 3770 serii
1986 3700 2402 3800 propinqui,

394 3893 412 3928 1
425 3916 438 3929 .
464 3878 701 3950 Inqmte,
727 3891 925 3952 quanta
945 3882 1008 3934 de
1026 3893 1075 3934 te
1090 3885 1323 3954 potuerit
1402 3882 1527 3935 hinc
1541 3886 1786 3957 eryojam
1807 3887 2183 3950 meretricibus,
2204 3886 2407 3940 scilicet

308 3957 481 4028 qratia
493 3956 631 4027 frui.
648 3961 813 4011 Immo
837 3970 1105 4030 potuerat,
1129 3959 1213 4012 vel
1231 3979 1323 4031 po-
1400 3982 1517 4016 mos
1541 3977 1652 4030 est,
1678 3967 1929 4018 usitatum
1951 3978 2060 4029 est,
2083 3966 2164 4017 vel
2189 3971 2404 4021 contin-

314 4049 471 4104 temt,
505 4037 678 4110 puella
707 4059 897 4112 nempe
929 4055 1020 4093 aut
1056 4042 1317 4094 meretrix.
1399 4045 1493 4115 git,
1515 4044 1597 4096 vel
1617 4044 1785 4098 simile
1806 4044 1950 4114 quid.
1977 4043 2079 4096 Sed
2101 4044 2235 4098 illud
2257 4047 2401 4100 labo-

312 4119 477 4172 Gnou.
489 4120 808 4190 legendum,
818 4135 1016 4194 quanta
1026 4123 1328 4192 detepomit
1400 4125 1537 4178 ribus
1549 4143 1799 4177 exoneren
1806 4136 1889 4176 tur
1897 4125 2291 4178 incommodum
2307 4126 2401 4179 ha-

313 4199 414 4268 (veI
431 4202 693 4274 potuemt)
710 4202 1031 4276 qlort’afmi.
1052 4205 1271 4258 Senum.
1399 4204 1492 4259 bet
1520 4224 1759 4270 sensum,
1801 4223 1901 4256 nec
1935 4202 2110 4257 adhuc
2137 4205 2271 4258 mihi
2308 4225 2404 4278 pa-

387 4297 434 4332 2.
463 4280 609 4334 Hine
639 4300 755 4355 erqo
790 4282 966 4337 iratus.
991 4284 1322 4352 Proeferrem,
1403 4296 1614 4337 tentem.
1641 4285 1809 4335 Burm.

491 4367 539 4420 5.
2086 4385 2148 4424 22
