3200 5117
716 537 1351 617 DECLAMAT'm
1398 551 1517 614 w.
1568 550 1754 616 pao
1797 551 2089 619 mmo.
2367 549 2447 637 ⁸7

362 693 632 747 atatem
678 676 947 750 trahere
992 698 1400 777 pereuntem
1438 704 1454 749 :
1505 674 1735 747 nullos
1786 701 1913 773 ego
1958 696 2156 748 senes
2206 671 2453 772 degere

360 792 632 890 turpius
664 814 864 893 puto,
915 822 1128 893 quam
1159 795 1284 894 qui
1324 793 1684 867 fortissimi
1721 794 2026 865 fuerunt.
2066 788 2296 862 Vultis
2341 815 2456 861 ex-

360 929 705 1005 spectem,
763 934 843 983 ut
894 932 1127 1011 putres
1172 932 1356 984 artus
1393 910 1607 982 foedet
1639 907 1970 1008 pudenda
2011 903 2342 980 canities?
2379 926 2457 978 ut

362 1026 699 1124 sanguine
732 1027 1052 1100 membra
1082 1047 1372 1101 vacuata
1404 1026 1519 1098 vix
1560 1025 1870 1098 nitantur
1906 1024 1992 1096 ad
2042 1020 2350 1122 gressus?
2377 1041 2458 1094 ut

362 1139 466 1210 hae
498 1139 788 1214 laudatae
820 1169 1108 1233 manus,
1139 1170 1267 1215 nec
1301 1142 1390 1213 ad
1423 1142 1849 1243 quotidianae
1876 1141 2031 1214 vitae
2063 1137 2454 1212 ministeria

360 1254 756 1328 sufficiant?
791 1259 1031 1347 Quam
1070 1257 1439 1344 miserum,
1473 1282 1690 1354 quam
1726 1256 2038 1328 deforme
2068 1274 2168 1327 est
2191 1252 2454 1325 memi-

360 1369 543 1442 nisse
572 1371 761 1468 quod
786 1371 1035 1443 fueris!
1073 1374 1321 1445 referre
1355 1372 1752 1446 cicatricum
1786 1393 2070 1445 tuarum
2100 1368 2457 1443 redunda-

358 1484 623 1576 tioneS,
666 1509 735 1559 et
766 1487 1095 1586 frigidam
1135 1489 1630 1587 praeteritornm
1665 1488 2085 1560 memoriam
2113 1499 2130 1530 ¹
2165 1485 2180 1555 Ξ
2228 1509 2454 1586 quum

352 1597 505 1698 jam
540 1599 755 1672 fidem
786 1603 1107 1674 membra
1140 1629 1283 1675 non
1316 1601 1666 1694 habeant,
1714 1629 1919 1702 supra
1961 1628 2087 1673 sua
2126 1601 2304 1673 facta
2355 1599 2464 1671 ri-

360 1712 508 1786 deri
529 1728 593 1784 ἐ
624 1717 944 1789 festinato
979 1717 1156 1790 exire
1186 1718 1273 1790 de
1294 1719 1530 1807 seculo
1560 1719 1819 1808 debeo,
1853 1718 2028 1789 dum
2057 1717 2276 1789 alacre
2310 1743 2458 1787 cor·
2534 1711 2540 1722 ’

358 1853 524 1926 puS,
559 1827 733 1901 dum
766 1831 1045 1929 spiritus
1074 1832 1295 1931 viget,
1328 1833 1504 1905 dum
1545 1854 1818 1922 teneor,
1852 1829 2028 1904 dum
2069 1830 2458 1919 desideror3

362 1965 430 2015 et
462 1943 594 2017 boc
619 1945 776 2018 volo
806 1947 1044 2020 deberi
1087 1948 1418 2021 manibus
1457 1949 1671 2038 meis,
1721 1948 1963 2020 animo
1999 1971 2198 2020 meo:
2237 1947 2456 2051 favete

362 2056 462 2129 dii
507 2061 760 2159 pariter
809 2083 1016 2161 atque
1054 2063 1417 2135 homines:
1453 2085 1753 2137 mortem
1801 2063 1908 2134 vir
1949 2062 2148 2134 fortis
2193 2062 2454 2134 inveni.

362 2175 480 2245 Est
506 2173 653 2247 haec
678 2177 1079 2249 communis
1101 2177 1282 2249 mihi
1307 2203 1470 2251 eum
1494 2177 1737 2251 multis
1761 2179 2044 2251 fortasse
2069 2203 2306 2265 causa,
2337 2176 2459 2248 sed

360 2289 724 2364 veniamus
756 2292 844 2362 ad
879 2315 1137 2365 meam.

458 2407 613 2477 XII.
669 2407 744 2480 Si
800 2407 975 2479 mihi
1044 2406 1581 2480 mathematicus
1637 2403 2125 2478 denunciasset
2196 2406 2474 2478 damna·

358 2521 880 2610 membrorum,
915 2549 1191 2621 gravem
1224 2520 1523 2622 corporis
1571 2541 2129 2622 perpetuumque
2159 2519 2486 2620 languo--

360 2661 545 2724 rem,
593 2638 978 2735 ignosceres
1012 2658 1205 2711 tanta
1244 2638 1429 2710 mala
1468 2635 1578 2711 vel
1627 2637 1890 2710 incerta
1941 2636 2258 2736 fugienti.
2296 2637 2474 2710 Plus-

363 2773 465 2824 est
489 2754 681 2852 quod
709 2780 1112 2854 expavesco,
1136 2754 1331 2853 quod
1351 2753 1564 2825 timeo
1589 2781 1618 2824 :·
1643 2753 1960 2826 minatus
1994 2774 2094 2824 est
2124 2753 2460 2826 mihi-ma·-

362 2895 495 2940 nns
554 2895 779 2961 meas,
836 2895 1030 2944 meos
1080 2871 1395 2960 animos3
1424 2868 1852 2969 nullumque
1880 2868 2102 2941 voluit
2135 2896 2277 2942 esse
2308 2897 2462 2944 mo-

359 3004 681 3056 mentum
698 3042 718 3076 ,
753 3012 896 3084 quo
923 3012 1203 3058 securus
1232 2984 1763 3085 intrepidusque
1789 2984 2252 3081 requiscerem
2281 3011 2296 3056 :
2315 2983 2468 3085 jus-

362 3123 475 3170 sus
502 3125 660 3171 sum
675 3100 889 3173 vitam
911 3125 1034 3202 per
1057 3101 1406 3173 anhelitus
1423 3121 1794 3198 metusque
1818 3125 2249 3172 consumere.
2275 3100 2476 3191 Quis,

363 3213 542 3288 inter
571 3215 719 3292 haec
739 3218 922 3316 spei,
956 3219 1110 3320 quis
1129 3215 1620 3291 consolationis
1651 3238 1750 3290 est
1774 3214 2008 3290 locus?
2039 3215 2221 3287 mori
2243 3215 2461 3289 debeo

360 3351 727 3433 tamquam
760 3362 1056 3426 nocens,
1098 3336 1155 3409 si
1189 3334 1724 3408 mathematicus
1754 3359 1997 3408 verum
2032 3333 2237 3423 dixit3
2269 3353 2442 3405 tarn-

364 3475 583 3546 quam
618 3451 857 3542 miser,
892 3453 947 3526 si
985 3454 1321 3525 mentitus
1358 3473 1478 3525 est.
1509 3449 1743 3542 Quid,
1778 3451 1966 3549 quod
1998 3475 2113 3521 me
2141 3448 2460 3522 futurum

365 3562 535 3637 dixit
561 3567 1014 3667 parricidam?
1031 3594 1324 3668 ecquem
1356 3567 1722 3641 mittamus
1738 3566 1815 3638 in
1836 3564 2479 3665 ³experimentum,

363 3722 543 3794 gredi,
568 3740 620 3778 et
643 3746 790 3780 coeco
815 3730 1017 3801 impetu
1042 3746 1251 3802 semper
1272 3727 1375 3782 alia
1456 3726 1712 3782 excedant
1731 3740 1785 3781 et
1803 3727 2091 3781 veritatem.
2118 3725 2285 3800 Supra
2306 3741 2357 3778 et
2383 3729 2465 3779 in-

360 3815 589 3858 tentare.
626 3805 757 3859 Vide
798 3807 909 3861 Liv.
953 3809 1100 3862 XXX
1123 3846 1140 3876 ‚
1177 3809 1248 3862 30
1265 3845 1283 3875 ‚
1323 3821 1375 3862 et
1444 3809 1541 3881 fra
1560 3806 1794 3880 elliptice
1813 3818 1954 3858 amat
1973 3824 2192 3876 ponere.
2219 3807 2338 3857 Haec
2359 3825 2467 3857 om-

359 3882 497 3934 Just.
524 3882 644 3949 xn,
670 3884 719 3936 8.
1456 3892 1550 3943 nia
1589 3889 1657 3942 de
1698 3891 1985 3943 senectutis
2022 3888 2372 3941 incommodis
2407 3892 2465 3943 in

440 3978 486 4015 1.
539 3965 803 4038 ffiqt'dam
850 3971 1174 4022 memoriam.
1227 3966 1375 4021 Nihil
1457 3988 1653 4042 genere
1702 3969 1869 4040 magis
1914 3966 2257 4040 hyperbolice
2304 3987 2465 4041 quam

362 4048 541 4117 gratim
563 4047 881 4116 habentem,
907 4049 1022 4103 aliis
1047 4052 1371 4102 minuentem
1454 4062 1597 4101 recte
1635 4046 1778 4099 dicta
1818 4059 1958 4098 sunt.
1999 4047 2075 4097 Ea
2111 4044 2318 4100 indoles
2353 4066 2480 4099 non.

362 4127 601 4181 studium
625 4129 971 4203 ardoremque
997 4129 1264 4183 audiendi.
1454 4132 1687 4182 occurrit
1701 4130 1757 4182 in
1770 4128 2026 4193 Nestore,
2041 4127 2317 4196 Evaudm,
2334 4129 2468 4181 aliis-

439 4224 486 4260 2.
517 4209 684 4282 Supra
708 4209 862 4280 facta
900 4209 1070 4261 rideri.
1108 4210 1276 4276 Quasi
1311 4226 1376 4261 ea
1456 4228 1561 4282 que
1588 4208 1801 4261 senibus
1827 4207 2171 4277 antiquitatis.
2199 4207 2295 4257 Eu.

363 4287 627 4359 loquare,
673 4310 788 4362 quse
836 4289 1058 4343 modum
1104 4291 1371 4344 factorum
1526 4290 1576 4341 3.
1618 4289 1846 4356 Ecquem
1881 4285 2148 4338 mittamus
2182 4285 2236 4335 in
2270 4284 2467 4355 experi-
