3200 5117
576 575 853 641 DECL.
899 572 1143 638 XVII«
1187 567 1669 635 VENENUM
1714 567 2191 635 EFFUSUM.
2301 567 2427 636 365

340 692 458 769 illa
504 697 589 769 de
637 694 1205 770 dissimilitudine
1257 692 1853 793 pronunciationis
1905 691 2309 780 auctoritas,
2368 711 2433 762 et

342 813 634 884 severior
659 812 929 884 videtur
957 809 1218 882 diversa
1246 809 1608 881 sententia.
2338 813 2341 820 ’

436 930 556 999 ΙΧ.
605 928 837 1000 Tertia
866 953 1024 998 vero
1065 925 1451 1013 abdicatio,
1489 924 1583 995 dii
1622 923 2044 995 immortales
2078 948 2292 1021 quem
2319 948 2429 1021 ap-

340 1065 659 1142 paratum
679 1100 696 1131 ‚
733 1068 944 1141 quem
973 1039 1192 1111 movit
1224 1038 1606 1111 ambitum!
1639 1064 1767 1136 ego
1800 1036 2015 1111 miror
2037 1035 2228 1136 quod
2258 1036 2435 1108 mihi

339 1157 535 1229 licuit
566 1156 794 1228 audiri
816 1213 835 1245 ,
871 1153 1060 1254 quod
1090 1179 1204 1225 me
1237 1181 1382 1225 non
1410 1154 1649 1226 statim
1683 1154 1954 1253 primus
1987 1154 2434 1252 querelarum

340 1271 687 1342 tumultus
728 1267 1088 1367 oppressit.
1125 1266 1322 1355 Quid
1358 1288 1512 1364 post
1554 1267 1679 1337 ista
1718 1267 1916 1358 novi,
1962 1289 2186 1366 pater,
2231 1266 2436 1367 objici

344 1385 610 1484 potest?
643 1384 821 1455 inter
859 1383 1081 1481 leges,
1116 1382 1292 1452 inter
1321 1381 1483 1482 jura
1514 1381 1894 1472 consenui3
1929 1409 2072 1453 non
2108 1382 2331 1454 habeo
2363 1382 2436 1452 in

343 1501 656 1572 moribus
679 1500 889 1589 meiS,
926 1497 1115 1597 quod
1145 1524 1285 1569 non
1317 1496 1570 1569 melius
1587 1497 1864 1599 judices
1892 1498 2129 1570 sciant.
2165 1498 2440 1570 Scilicet

344 1617 531 1716 capit
563 1637 806 1687 natura
835 1642 1068 1687 rerum
1089 1670 1108 1703 ‚
1138 1635 1215 1685 ut
1240 1614 1513 1687 futurus
1544 1613 1887 1713 parricida
1915 1640 2056 1686 non
2091 1615 2441 1714 praemise-

346 1731 432 1802 rit
461 1750 694 1820 notas,
729 1729 936 1802 nullis
976 1750 1135 1800 ante
1164 1729 1251 1800 sit
1276 1728 1563 1800 maximi
1592 1726 1864 1800 sceleris
1896 1727 2292 1799 immanitas
2321 1750 2438 1800 tu·

344 1844 685 1917 multuata
709 1843 1022 1944 flagitiis;
1048 1866 1114 1915 et
1141 1843 1565 1942 quandoque
1591 1842 1818 1931 culeo,
1855 1841 2290 1942 serpentibus
2317 1869 2439 1914 ex-

343 1959 607 2058 pianda
651 1958 923 2047 feritaS,
965 1957 1095 2030 sub
1143 1959 1407 2057 placida
1448 1980 1685 2030 mente
1730 1959 2035 2056 primam
2084 1956 2443 2056 pertulerit

346 2075 664 2146 aetatem?
694 2074 908 2146 Aliud
936 2095 1036 2147 est
1061 2074 1477 2147 miserorum
1509 2101 1729 2172 genus
1748 2131 1767 2165 ,
1803 2074 1994 2173 quod
2027 2073 2437 2164 clementia,

346 2190 535 2288 quod
581 2189 1027 2263 succurrendi
1071 2190 1301 2263 favore
1350 2189 1754 2261 dimittitur:
1802 2189 2261 2261 absolverunt
2286 2215 2438 2278 me,

348 2309 470 2406 qui
501 2308 808 2380 sciebant
840 2335 983 2380 non
1013 2308 1460 2406 profuturum
1496 2306 1677 2377 inihi
1698 2363 1717 2396 ‚
1751 2306 1939 2405 quod
1977 2331 2120 2376 non
2154 2304 2440 2376 abdica-

351 2448 478 2494 rer.
501 2423 888 2495 Proclames
910 2423 1121 2522 igitur
1144 2424 1330 2513 licet;
1360 2421 1660 2494 subinde
1681 2421 1929 2510 detuli,
1953 2447 2127 2519 saepe
2157 2442 2441 2519 questus

354 2564 508 2608 sum
522 2594 541 2627 ‚
563 2559 663 2610 ter
682 2539 996 2610 abdicare
1017 2540 1201 2611 volui
1224 2567 1238 2609 :
1263 2539 1392 2610 hoc
1407 2561 1643 2611 tamen
1663 2565 1766 2611 res
1783 2539 1904 2610 ista
1920 2537 2124 2609 debet
2137 2537 2441 2626 efficere,

356 2671 434 2720 ut
477 2651 600 2720 tibi
641 2678 782 2722 non
826 2674 1132 2751 oporteat
1172 2653 1398 2742 credi,
1446 2652 1792 2750 quidquid
1836 2652 2027 2724 aliud
2072 2652 2439 2754 objeceris:

357 2789 499 2836 non
521 2765 711 2836 enim
732 2766 1060 2863 sequitur,
1085 2785 1295 2863 pater,
1317 2786 1395 2837 ut
1415 2793 1527 2838 me
1547 2767 1681 2837 tuis
1698 2766 2108 2837 criminibus
2128 2793 2405 2838 accuses
2422 2821 2442 2858 ,

355 2879 545 2977 quod
572 2900 940 2951 nocentem
969 2879 1103 2951 tuis
1134 2879 1440 2951 moribus
1466 2879 1714 2978 probes
1738 2879 1963 2950 filium
1987 2907 2001 2950 :
2029 2881 2442 2979 parricidam

355 3021 498 3066 non
542 2994 708 3066 facit
747 2994 1058 3066 severitas
1101 3015 1351 3084 vestra,
1386 3022 1529 3067 non
1565 2994 1852 3083 saevitia,
1886 3020 2029 3065 non
2068 3015 2315 3066 terror:
2356 2994 2445 3064 ad

355 3130 496 3183 tam
526 3110 789 3209 grande
817 3111 1088 3183 facinus
1114 3138 1257 3182 non
1287 3111 1387 3182 ira
1410 3138 1586 3210 opus
1619 3132 1749 3201 est,
1778 3111 1896 3183 sed
1929 3110 2273 3200 moribus;
2298 3136 2442 3181 non

359 3225 626 3315 dolore,
674 3226 793 3298 sed
836 3248 1106 3299 mente:
1153 3254 1397 3299 omues
1441 3226 1708 3327 injuriae
1751 3225 1969 3299 levius
2011 3246 2441 3325 exasperant,

358 3336 575 3409 levius
605 3338 941 3413 oderunt:
970 3341 1352 3414 innocentis
1382 3340 1507 3412 filii
1538 3341 1707 3412 ultio
1739 3362 1870 3430 est,
1901 3340 2104 3412 mori.

458 3453 544 3523 X.
599 3453 812 3543 Quod
855 3456 911 3526 si
952 3457 1400 3528 manifestum
1448 3477 1546 3528 est
1586 3456 1763 3526 nihil
1815 3459 1980 3527 tunc
2021 3455 2093 3525 in
2135 3454 2445 3526 moribus

361 3566 570 3639 fuisse
612 3567 820 3658 meis,
864 3569 1051 3667 quod
1096 3592 1318 3670 posset
1359 3597 1499 3643 esse
1545 3592 1979 3670 suspectum,
2028 3571 2445 3644 aestimemus

364 3681 553 3752 unde
585 3703 816 3780 postea
838 3684 1152 3755 traxerim
1183 3685 1527 3783 parricidii
1564 3712 1819 3757 causas,
1848 3688 1990 3758 Vos
2018 3684 2194 3757 libet
2227 3686 2445 3757 inter-—
2476 3685 2481 3690 ⁴

365 3823 601 3894 rogare
625 3797 756 3869 hoc
782 3798 932 3870 loco
951 3857 970 3890 ‚
987 3799 1256 3899 judices
1272 3857 1292 3887 ‚
1319 3801 1475 3899 quis
1501 3802 1721 3900 magis
1747 3802 1953 3873 debet
1975 3801 2445 3873 innocentiam

362 3909 638 3980 amare?
680 3910 807 3983 vici
856 3932 1116 4010 patrem
1143 3943 1161 4000 ;
1211 3913 1408 3982 omni
1459 3939 1650 3984 nunc
1697 3913 2200 4004 sollicitudine,
2254 3914 2446 3986 omni

363 4022 597 4095 labore
618 4024 997 4096 custodiam
1016 4025 1205 4097 illam
1230 4027 1514 4125 gratiam
1532 4085 1551 4118 ‚
1579 4028 1783 4099 illum
1805 4028 2149 4101 ambitum
2169 4058 2409 4101 meum
2425 4087 2443 4119 ‚

365 4165 505 4238 quo
528 4166 931 4213 remuneror
954 4141 1313 4213 advocatos
1330 4201 1348 4233 ,
1376 4170 1513 4240 quo
1540 4143 1850 4241 persolvo
1859 4143 2218 4244 judicibus
2235 4144 2407 4215 illud
2424 4202 2443 4236 ,

363 4276 642 4355 propter
670 4256 859 4355 quod
886 4256 1110 4330 audeo
1135 4257 1428 4329 domum
1465 4257 1742 4347 reverti,
1777 4278 2054 4358 propter
2085 4257 2275 4357 quod
2300 4284 2443 4331 non
