3200 5117
697 567 1113 634 DECLAM.
1154 565 1234 630 V.
1283 565 1559 632 AEGER
1607 565 2214 635 REDEMPTUS.
2382 594 2493 660 ¹²7

418 693 642 763 moria
688 691 912 763 fratris
932 748 952 781 ,
1008 715 1152 763 non
1203 690 1416 789 patris
1465 689 2048 789 contemplatione
2094 692 2495 766 deflectitur.

516 806 766 877 XXIII.
798 804 1225 876 Exclamaret
1250 803 1431 876 alius
1458 801 1592 878 hoc
1621 804 1805 894 loeo3
1832 827 1912 876 ex
1936 825 2058 878 tua
2080 806 2218 878 fide
2246 808 2501 907 dignus

419 921 712 1019 quidem
754 945 935 1011 eras,
982 918 1560 1020 impotentissime
1601 920 1872 1017 generis
1911 919 2243 1013 humani,
2287 949 2499 1022 quem

422 1036 496 1107 in
532 1056 875 1108 tormenta
904 1059 1063 1107 mea
1093 1034 1541 1133 doloremque
1574 1033 2015 1125 redeuntem,
2051 1036 2322 1108 vincula
2355 1061 2506 1109 rur—

414 1175 536 1223 sus
562 1177 641 1223 ac
672 1177 874 1250 poena
904 1150 1189 1223 carceris
1216 1148 1572 1248 exciperet.
1602 1151 1691 1221 Et
1723 1148 2009 1223 insultes
2035 1149 2198 1223 huic
2230 1154 2503 1225 confes·-

424 1267 603 1340 sioni
634 1268 826 1357 licet,
874 1267 1164 1364 allegare
1198 1292 1342 1337 non
1376 1280 1742 1364 possum¹t
1786 1266 1962 1363 quid
2004 1263 2179 1340 mihi
2221 1270 2505 1341 miseras

425 1380 757 1471 ultiones,
791 1380 964 1479 quid
998 1380 1183 1452 triste
1216 1378 1609 1451 monstratis
1651 1380 2042 1452 auxilium?
2079 1383 2332 1456 faceret
2373 1385 2504 1457 hoc

426 1513 621 1592 pater
656 1495 775 1593 qui
809 1494 1145 1568 redimere
1186 1493 1536 1566 noluisset.
1581 1496 1727 1593 Age
1763 1507 2036 1587 nunc²‚
2080 1498 2505 1571 vivacissima

426 1631 737 1683 senectus
750 1607 805 1702 ³,
832 1610 1196 1683 redeamus
1218 1610 1308 1682 ad
1330 1631 1597 1709 preces;
1623 1610 1814 1708 quod
1837 1611 2065 1683 solum
2086 1614 2186 1685 vis
2207 1634 2504 1714 paternae

426 1724 695 1822 pietatis
723 1726 1067 1824 agnoscit,
1102 1723 1219 1797 hic
1250 1749 1531 1825 quoque
1565 1751 1909 1824 rogemus.
1945 1729 2072 1797 Per
2102 1753 2229 1827 ego
2257 1747 2355 1820 te,
2381 1730 2506 1830 ju—

425 1841 647 1930 venis,
679 1840 830 1913 illos
854 1867 1080 1931 meos,
1115 1840 1203 1912 de
1231 1838 1490 1938 quibus
1522 1865 1712 1911 nunc
1740 1842 2081 1938 quereris,
2108 1869 2362 1934 annos,
2388 1871 2509 1942 per

430 1975 735 2055 expertos
764 1956 891 2029 tibi
920 1977 1260 2055 notosque
1289 1956 1762 2028 humanorum
1788 1957 2251 2029 accidentium
2280 1985 2506 2050 casus,

432 2099 553 2172 per
580 2071 873 2146 infelicis
905 2072 1096 2145 illius
1127 2098 1400 2163 manes,
1437 2072 1549 2142 cui
1583 2097 1714 2143 nec
1749 2070 1882 2143 hoc
1907 2069 2152 2150 saltem
2184 2074 2507 2171 contigit,

436 2208 511 2259 ut
529 2208 594 2261 te
615 2211 881 2261 reverso
900 2244 920 2279 ‚
944 2205 1009 2259 te
1037 2205 1368 2294 praesente
1394 2205 1813 2276 moreretur3
1841 2213 2040 2285 pasce
2066 2211 2289 2279 nunc,
2319 2189 2512 2288 quod

430 2323 498 2374 te
535 2303 871 2376 redimere
896 2302 1117 2392 volui3
1153 2329 1389 2401 pasce,
1424 2301 1615 2400 quod
1650 2302 1929 2374 fratrem
1963 2324 2166 2374 tuum
2207 2304 2507 2375 redemi:

435 2446 578 2491 non
626 2446 752 2519 ego
795 2419 1281 2492 lassitudinem
1324 2440 1516 2491 tuam
1564 2444 1804 2516 poscO,
1846 2445 2242 2518 numquam
2263 2420 2510 2497 *otium

437 2561 676 2608 meum
698 2563 713 2607 :
739 2562 867 2609 nec
887 2556 962 2607 ut
984 2536 1131 2635 ipse
1153 2560 1430 2609 securus
1452 2534 1865 2634 quietusque
1887 2536 2263 2634 transigam
2290 2536 2477 2608 diem
2491 2595 2510 2628 ,

438 2667 589 2720 tuas
630 2648 1002 2748 operibus‘*
1038 2677 1318 2739 manus,
1358 2671 1561 2722 tuum
1599 2649 1957 2722 laboribus
1986 2652 2261 2749 assigno
2296 2654 2514 2724 sudo-

440 2789 623 2835 rem:
645 2764 1025 2865 jungamus
1054 2787 1311 2838 mutuae
1345 2765 1611 2864 pietatis
1633 2765 1898 2853 officia,
1935 2793 2058 2863 par
2089 2766 2361 2856 flebile,
2393 2795 2516 2866 par

440 2877 769 2949 omnibus
784 2880 1090 2951 aetatibus
1105 2877 1653 2976 nominibusque
1674 2878 2125 2950 reverendum
2147 2906 2161 2950 :
2192 2899 2290 2951 est
2312 2881 2515 2952 nobis

439 2991 798 3091 negotium
823 3020 987 3066 cum
1013 2995 1279 3067 civitate
1310 2993 1699 3066 mitissima.
1734 2992 2017 3083 Quanto
2045 2992 2377 3066 libentius
2403 2994 2517 3066 da-

516 3182 561 3215 ι.
594 3163 842 3238 Alleyare
873 3183 978 3217 non
1011 3185 1237 3239 possum.
1270 3168 1438 3237 Lege-

442 3244 819 3319 rem,alliqare
832 3267 848 3296 .·
869 3247 925 3298 id
944 3262 1048 3313 est,
1069 3250 1271 3314 facere,
1292 3245 1438 3318 quod

444 3319 571 3373 mihi
592 3322 770 3378 licebit
798 3345 860 3378 ex
887 3324 1035 3398 lege,
1063 3330 1106 3381 si
1129 3330 1304 3380 vinco.
1330 3328 1438 3379 Lex

444 3401 616 3466 enim,
651 3412 749 3454 aut
780 3403 959 3472 alant,
997 3418 1091 3459 aut
1125 3408 1436 3459 vinciantur.

443 3479 704 3534 Credibile
732 3495 811 3535 est
838 3497 1014 3540 autem
1040 3486 1260 3557 impium
1286 3488 1440 3555 juve-

446 3575 598 3628 nem,
625 3563 670 3614 si
697 3564 827 3616 sciat
850 3563 951 3617 hos
974 3566 1137 3637 patris
1160 3579 1268 3618 tam
1289 3567 1440 3618 mites

449 3653 660 3708 sensus,
686 3643 997 3696 ferociorem
1028 3646 1264 3697 futurum
1279 3682 1298 3711 ,
1324 3663 1440 3696 ma-

445 3724 630 3793 gisque
653 3726 767 3776 seni
787 3725 1172 3779 insultaturum.
1202 3727 1439 3780 Gnonov.

444 3799 593 3872 Legit
630 3802 708 3855 Cl.
747 3802 946 3856 Schult.
982 3804 1229 3879 Alleqare
1270 3817 1443 3858 tamen

442 3900 664 3953 possum.
681 3884 835 3955 Quid,
852 3899 974 3951 etc„
991 3886 1214 3958 allegare
1226 3905 1444 3959 possum

447 3962 761 4032 negantibus
767 3964 1117 4035 stipem,quod
1129 3965 1272 4036 apud
1280 3964 1447 4018 filium

449 4060 557 4095 non
582 4043 829 4096 solatium
850 4044 1143 4114 reperiam,
1169 4043 1264 4097 sed
1290 4046 1446 4097 miae-

447 4143 534 4177 ras
576 4124 837 4191 ultiones,
881 4138 979 4175 etc.
995 4161 1012 4189 ‚
1057 4125 1146 4195 qni
1182 4136 1358 4177 tamen
1396 4138 1448 4176 et

449 4202 703 4256 Gronovii
725 4205 1084 4274 conjecturam
1108 4221 1218 4253 non
1246 4203 1448 4273 impro-

453 4283 573 4352 bat,
599 4304 713 4357 quse
735 4289 888 4338 Voss.
917 4302 1019 4337 seo.
1051 4296 1103 4336 et
1129 4283 1264 4335 Edit.
1296 4284 1449 4338 Luca·

1516 3164 1880 3229 confirmatur,
1917 3180 2139 3234 eamque
2175 3165 2373 3235 recepit
2402 3163 2517 3218 ob-

1518 3241 1751 3295 rechtus.

1590 3337 1638 3371 2.
1669 3319 1781 3393 Age
1812 3335 1969 3371 nunc.
2006 3320 2102 3371 Hic
2134 3319 2189 3369 in
2219 3321 2372 3371 Voss.
2411 3338 2513 3372 see.

1518 3410 1629 3450 erat
1651 3396 1914 3471 (Epiloqa
1933 3416 2031 3469 per
2044 3397 2389 3471 questionem)
2407 3398 2519 3472 Age

1519 3496 1680 3531 nunc.

1590 3560 1641 3611 3.
1674 3559 1729 3614 V
1726 3559 2010 3612 ivacissima
2041 3570 2280 3612 senectus.
2314 3559 2519 3631 Nempe

1521 3660 1637 3713 qne
1659 3643 1838 3713 potnit
1856 3641 2047 3694 durare
2065 3659 2161 3712 per
2179 3653 2258 3693 tot
2277 3655 2331 3693 et
2347 3653 2521 3693 tantas

1521 3725 1753 3776 miserias
1765 3761 1783 3789 ,
1797 3723 1994 3775 seilicet
2013 3724 2367 3795 captivitatem
2386 3723 2521 3775 filio·

1523 3821 1667 3866 rum,
1686 3803 1806 3872 aeffi
1824 3803 2036 3867 funera,
2061 3800 2448 3853 mendicitatem
2470 3816 2524 3853 et

1525 3883 1739 3935 alterius
1765 3881 1855 3934 filii
1888 3900 2012 3956 erga
2040 3894 2314 3954 parentem
2337 3901 2524 3935 sevam

1521 3960 1785 4013 duritiem.
1811 3962 1905 4013 En.

1597 4041 1650 4108 4.
1669 4040 1809 4093 Tuas
1831 4039 2081 4112 operibus.
2101 4039 2273 4092 Tuum
2295 4041 2525 4112 operibus

1524 4137 1713 4171 manus
1729 4155 1748 4183 ,
1793 4117 1891 4171 tuis
1932 4116 2204 4172 laboribus.
2246 4119 2524 4171 Ascensius

1525 4198 1789 4267 malebat,
1824 4211 1885 4250 ut
1923 4217 1979 4251 se
2014 4212 2168 4270 pater
2203 4201 2524 4251 sociaturum

1528 4302 1745 4356 opernm
1765 4282 1876 4339 filio
1896 4283 2226 4355 polliceatur.
