3200 5117
1115 542 1633 608 ExcERPTA.
2284 547 2408 626 433

333 689 589 742 stanter
633 666 888 754 odisse,
931 691 1074 736 non
1119 665 1369 764 poterit
1413 663 1697 736 ulterius
1740 689 1990 735 amare.
2018 666 2217 738 -F.
2265 665 2414 756 Qui

331 801 593 882 poterat
653 780 944 853 unicum
1007 779 1238 850 filium
1303 778 1621 852 obsidem
1675 777 1881 864 dare,
1934 803 2076 849 non
2130 781 2413 876 poterit,

330 896 524 996 quod
551 896 647 967 sic
679 895 887 986 emit,
917 919 1062 966 non
1090 919 1344 965 amare.
1365 894 1564 966 -P.
1614 891 1687 963 Si
1720 892 2065 981 durasscs„
2112 918 2241 990 ego
2290 921 2415 966 ve-

329 1013 730 1084 nissem.—-
753 1012 832 1081 F.
871 1010 942 1082 Si
973 1033 1167 1108 aeque
1199 1033 1530 1098 amasses,
1563 1034 1710 1080 non
1743 1008 1915 1080 adeo
1942 1007 2171 1082 lentus
2200 1034 2416 1084 esses:

329 1129 441 1199 fac
489 1126 798 1211 venisse3
844 1125 962 1196 sed
1009 1150 1138 1196 nec
1177 1123 1276 1196 sic
1319 1122 1564 1208 redimi
1592 1121 2010 1222 potuissem.
2044 1125 2253 1194 -—-P.
2303 1125 2420 1196 Tu

331 1241 477 1339 ipse
533 1238 864 1326 subisses,
899 1238 1190 1311 forsitan
1241 1237 1577 1311 evasisses.
1608 1279 1705 1293 -—
1727 1238 1808 1308 F.
1845 1236 2112 1310 Fortior
2152 1263 2267 1311 me
2310 1237 2423 1310 in-

329 1355 654 1427 terfectus
699 1375 843 1425 est:
893 1355 1108 1426 fateor
1156 1374 1388 1425 tamen
1435 1379 1550 1424 me
1602 1350 1929 1441 voluisse,
1983 1353 2105 1425 sed
2151 1352 2426 1440 dicebat

331 1497 562 1542 unum
635 1470 956 1541 interesse
985 1528 1005 1559 ,
1073 1489 1315 1542 utrum
1379 1469 1621 1540 mortis
1690 1466 2024 1542 vicariurn
2085 1469 2371 1542 mallem
2403 1525 2424 1557 ,

332 1614 428 1659 an
469 1586 840 1660 comitem:
893 1612 1107 1657 nemo
1151 1612 1469 1684 unquam
1518 1611 1643 1683 pro
1683 1583 2008 1656 missione
2056 1584 2275 1682 magis
2318 1613 2426 1655 ro-

334 1702 548 1801 gavit3
585 1702 703 1774 sed
756 1722 821 1773 et
865 1702 941 1773 in
984 1702 1133 1800 ipso
1176 1701 1571 1774 discrimine
1616 1700 1854 1773 omnia
1899 1699 2187 1772 vulnera
2232 1726 2429 1799 aeque

333 1817 536 1890 tulit:
589 1817 719 1890 h'oc
766 1843 907 1889 uno
955 1816 1289 1906 moritur,
1331 1816 1522 1913 quod
1566 1815 1870 1914 amplius
1911 1815 2227 1888 amicum
2280 1843 2427 1892 non

333 1933 621 2006 videbit.
643 1936 996 2005 Postremo
1015 1932 1194 2006 mihi
1224 1953 1493 2031 patrem
1528 1930 1824 2012 dimisit:
1857 1957 1984 2030 ego
2019 1957 2162 2004 non
2190 1931 2430 2014 alam?

333 2048 692 2137 Viderint,
752 2069 979 2146 patres
1039 2048 1403 2148 conscripti
1429 2104 1449 2137 ,
1505 2075 1633 2146 ego
1694 2047 2192 2145 redemptionis
2250 2072 2427 2120 meae

331 2163 645 2264 pretium
687 2184 846 2263 peto
888 2191 902 2235 ε
955 2163 1008 2236 si
1051 2164 1382 2263 impetro,
1429 2163 1593 2236 fecit
1640 2183 1830 2263 pater
1885 2190 2035 2240 non
2078 2161 2429 2260 quidquid

333 2280 616 2353 debuit:
647 2279 705 2351 si
734 2279 1006 2371 minus,
1050 2306 1195 2352 non
1224 2278 1571 2377 intelligo,
1607 2279 1965 2377 quomodo
1993 2305 2036 2349 a
2062 2277 2427 2377 parricidio

335 2420 411 2467 se
435 2393 739 2483 solverit,
775 2394 898 2467 sed
923 2421 1053 2467 nec
1086 2421 1213 2495 ego
1246 2422 1361 2468 me
1391 2420 1434 2468 a
1461 2392 1730 2484 debito,
1754 2392 1887 2466 nisi
1919 2413 1987 2466 et
2011 2392 2427 2475 admortem

340 2531 656 2582 revertar.

335 2790 2428 2826 ”mmmmm-mmm

596 3019 1301 3101 SEPULCRUM
1356 3019 2170 3150 INCANTATUM.

1037 3290 1738 3374 ARGUMENTUM.

343 3451 503 3530 Quae
539 3445 899 3510 defunctum
937 3461 1119 3509 nocte
1153 3450 1437 3527 videbat,
1468 3454 1697 3513 marito
1729 3454 2051 3514 indicavit.
2068 3407 2219 3530 -me’
2248 3471 2432 3534 mago

425 3545 715 3609 adhibito
733 3590 751 3621 ,
775 3544 1124 3629 sepulcrum
1149 3548 1511 3610 incantavit.
1535 3551 1735 3642 Mater
1758 3549 1965 3622 fllium
1983 3549 2193 3622 videre
2217 3550 2430 3612 desiit:

426 3646 726 3705 maritum
747 3643 928 3704 malae
951 3647 1337 3706 tractationis
1362 3661 1620 3710 accusat.
1643 3648 1834 3730 (vide
1858 3671 2049 3733 supra
2067 3648 2238 3710 Decl.
2264 3650 2361 3723 X.)

443 3883 700 3954 Mater.
730 3885 960 3973 Nova,
991 3904 1215 3982 patres
1239 3885 1637 3985 conscripti,
1664 3886 2070 3959 calamitatis
2101 3884 2436 3960 differen-

345 3996 475 4087 tia,
522 4017 668 4070 tam
700 4024 827 4098 pro
868 4025 993 4098 pro
1038 3999 1214 4090 filio,
1253 4027 1468 4099 quam
1501 4028 1626 4101 pro
1674 4022 1939 4073 matre:
1986 4001 2057 4072 in
2108 4002 2435 4073 maritum

348 4110 552 4183 malae
586 4112 1004 4187 tractationis
1043 4115 1360 4189 lacrimas
1401 4118 1713 4190 effundo.
1743 4159 1840 4172 -—-
1867 4120 2091 4189 Pater.
2131 4118 2434 4205 Fictum,

350 4247 417 4299 et
471 4226 813 4301 muliebre
866 4246 1360 4329 argumentum
1412 4252 1533 4304 est.
1574 4277 1670 4287 —
1714 4234 1817 4303 M.
1874 4233 2257 4331 Nunquam
2310 4231 2443 4304 fic-

347 4360 351 4363 ⁴
569 4343 618 4396 5.
2092 4349 2157 4398 28
