3200 5117
673 480 1090 573 DecLAM.
1139 506 1217 570 v,
1265 506 1543 575 AEGER
1588 507 2201 574 REDEMPTns.
2358 532 2479 598 119

400 632 563 722 bns;
589 632 911 730 squalent
926 629 1358 732 circumjecta
1378 631 1796 731 naufragiis;
1816 631 2052 706 nullus
2071 632 2206 706 nisi
2227 632 2302 704 in
2323 660 2485 732 sup-

400 748 610 848 plicia
637 767 1030 845 mortesque
1063 766 1467 845 prospectus
1486 804 1507 839 ‚
1539 767 1605 818 et
1633 747 1722 820 ad
1753 747 2143 822 infelicium
2177 749 2484 847 captivo-

402 891 563 935 rum
609 884 875 936 metum
915 861 1305 962 praemissus
1339 861 1426 934 de
1458 862 1676 935 simili
1717 862 1901 934 exitu
1939 862 2154 940 dolor.
2191 864 2485 962 Spiritus

401 978 586 1051 solus
620 978 805 1050 intus
831 976 1029 1068 vivit,
1060 1003 1271 1074 quem
1302 976 1697 1050 vinctorum
1729 975 2016 1052 trahunt
2049 979 2484 1076 redduntque

402 1092 738 1190 gemitus,
769 1117 982 1189 quem
1004 1111 1106 1162 tot
1133 1088 1485 1164 contulere
1514 1090 1943 1190 languentes.
1975 1093 2127 1168 Hoc
2155 1115 2331 1184 erat,
2362 1095 2487 1166 ubi

394 1206 673 1308 jacebat
711 1231 887 1303 aeger
926 1203 1107 1276 illud
1147 1224 1245 1282 tot
1282 1230 1670 1298 annorum,
1716 1232 1796 1278 ex
1838 1233 1977 1304 quo
2025 1208 2225 1312 coepit
2266 1208 2489 1307 pirata

402 1322 694 1422 grassari
720 1335 769 1412 ¹,
811 1320 1003 1396 idem
1035 1319 1306 1396 cubile:
1346 1347 1628 1419 corpus,
1674 1322 1862 1419 quod
1894 1346 2283 1426 gravaretur
2317 1326 2491 1398 assi-

402 1437 730 1509 dentium
774 1431 1044 1511 sedulas
1093 1460 1383 1524 manus,
1423 1434 1612 1535 jacet
1650 1435 1827 1509 inter
1868 1437 2184 1529 vincula,
2235 1433 2494 1537 quibus

412 1551 776 1650 instringat
798 1549 1030 1628 adbuc
1053 1570 1397 1624 recentem
1424 1549 1647 1648 pirata
1673 1553 2057 1651 captivum;
2087 1575 2164 1627 et
2177 1554 2511 1651 quamvis-

412 1686 691 1738 tenuata
712 1665 795 1738 (le
811 1663 1104 1738 nexibus
1124 1663 1445 1736 membra
1463 1662 1787 1738 labantur
1801 1720 1823 1755 ,
1849 1691 2081 1740 rursus
2100 1667 2173 1740 in
2197 1669 2504 1742 modum*

411 1778 901 1878 stringentium
941 1797 1214 1868 tenent,
1256 1804 1408 1878 quae
1455 1778 1653 1853 nullo
1700 1806 2030 1878 suspensa
2064 1781 2268 1870 nixu,
2309 1781 2510 1855 velut}

412 1895 589 1967 victo
616 1893 902 1968 homine
934 1891 1261 1967 sederunt
1279 1905 1330 1963 ².
1365 1891 1613 1984 Qualis
1648 1915 1794 1966 erat
1819 1894 1937 1968 ille
1970 1895 2346 1986 subferre,
2370 1922 2497 1968 cu·-

404 2012 520 2112 jus
553 2036 924 2110 exsangues
956 2025 1209 2084 manus
1243 2007 1356 2084 vix
1387 2008 1561 2082 levia
1593 2009 1982 2084 velamenta
2016 2011 2502 2084 transferrent?

417 2125 571 2224 quis
592 2126 776 2199 inter
785 2123 1359 2224 complorationes
1375 2121 1815 2224 gemitusque
1830 2152 2119 2200 somnus
2133 2184 2152 2217 ,
2166 2153 2379 2225 quem
2391 2127 2502 2202 vix

417 2240 689 2318 silentia
735 2240 1027 2318 sollicita
1058 2239 1493 2340 praestarent?
1535 2238 1627 2313 ad
1662 2267 1813 2338 quae
1855 2241 2203 2341 colloquia
2234 2241 2515 2316 tristitia·

418 2354 812 2458 respiraret?
832 2354 1145 2453 undique
1159 2382 1356 2456 pares
1372 2354 1775 2454 similesque
1791 2356 2056 2445 miseri,
2069 2356 2522 2436 ‚etveteribus-

419 2471 700 2572 captivis
719 2471 1023 2572 adjectus
1052 2470 1366 2568 qnotidie
1393 2498 1610 2544 novus
1632 2471 1886 2569 aliquis
1911 2471 2301 2571 impatiens.

516 2587 737 2660 XVIL
783 2587 1157 2685 Compara,
1196 2585 1253 2656 si
1292 2584 1561 2660 videtur
1582 2642 1602 2675 ,
1637 2585 1805 2658 huic
1838 2613 2013 2685 aegro
2046 2585 2510 2684 captivitatem-

424 2721 691 2773 tantum
730 2721 959 2773 tuam:
993 2719 1070 2772 tu
1105 2698 1412 2798 quereris
1449 2698 1862 2798 quod‘cibos
1897 2701 2117 2803 pirata
2146 2727 2291 2774 non
2322 2727 2502 2800 prae-

425 2832 553 2885 stet
572 2842 589 2900 ;
625 2812 741 2884 ille
774 2807 1059 2896 remittit
1090 2813 1387 2885 oblatos:
1419 2833 1484 2884 te
1516 2812 1709 2884 nuda
1741 2812 2034 2905 humus,
2069 2814 2340 2888 nudum
2377 2843 2524 2892 cu--

424 2925 565 3002 bile
594 2925 882 3026 frangit3
915 2926 1029 3000 ille
1059 2927 1147 3002 ad
1174 2920 1490 3026 singulos
1511 2926 1813 3014 ardentis
1841 2928 2143 3026 corporis
2173 2948 2400 3004 motus
2430 2930 2501 2999 in

426 3067 547 3113 sua
579 3039 855 3116 vincula
878 3038 906 3086 ³
947 3027 1288 3132 versatur·5
1320 3061 1389 3114 et
1429 3067 1873 3142 quocumque
1912 3041 2227 3113 membra
2264 3041 2524 3114 lassata

425 3153 659 3228 dolore
678 3154 1097 3232 transtulerit
1113 3213 1132 3246 ,
1152 3158 1228 3232 in
1254 3155 1682 3260 supplicium
1709 3155 1885 3230 redit
1905 3175 2223 3229 renovata
2245 3155 2510 3251 patien-

428 3270 543 3344 tia.
594 3271 894 3346 Breviter
933 3272 1279 3348 saevissimi
1330 3272 1683 3371 languoris
1735 3271 2138 3349 definienda
2182 3297 2509 3346 mensura

431 3405 528 3457 est
549 3411 564 3456 :
591 3412 733 3457 non
754 3406 975 3486 potest
994 3413 1074 3459 ex
1093 3386 1211 3458 illo
1232 3385 1455 3460 sanari
1477 3445 1495 3478 ,
1520 3413 1647 3458 nec
1668 3414 1879 3487 quem
1897 3387 2272 3458 redemerit
2290 3408 2504 3485 pater.

430 3500 617 3574 Iusta
652 3527 841 3576 nunc
858 3558 880 3592 ,
906 3501 963 3574 si
993 3497 1266 3576 videtur
1283 3559 1313 3592 ,.
1331 3528 1409 3576 ac
1431 3501 1766 3590 subinde,
1784 3501 2063 3603 juvenis
2079 3558 2099 3590 ,
2129 3502 2470 3601 interroga
2490 3561 2509 3591 ,

510 3677 529 3713 1
543 3701 556 3713 .
575 3662 1190 3737 Pimtaqmssari.verbo
1207 3664 1429 3720 solemni
1510 3661 1738 3718 vincula.
1753 3664 1843 3715 W.
1863 3661 2007 3716 Leid.
2028 3681 2109 3733 pr.
2132 3680 2237 3716 sec.
2251 3663 2405 3714 Voss.
2428 3681 2509 3734 pr.

434 3756 488 3796 et
518 3745 733 3815 proprio
766 3743 849 3800 de.
869 3745 1164 3802 latronibus
1199 3747 1289 3818 qui
1318 3747 1429 3798 vias
1511 3764 1617 3800 sec..
1649 3744 1802 3802 colb.
1832 3763 1914 3816 pr.
1950 3745 2076 3800 latet
2110 3742 2262 3796 ulcus
2293 3744 2346 3793 in
2381 3761 2513 3796 con·

325 3827 330 3831 ’
435 3820 706 3889 obsident,
730 3835 790 3875 ut
808 3822 945 3880 etde
964 3825 1273 3896 piratis‚ait
1290 3826 1433 3878 Non·
1513 3843 1668 3878 sensu
1707 3823 1810 3878 hoc
1849 3823 2108 3876 codicum.
2147 3821 2514 3874 Gronovianus

431 3902 573 3954 nius.
1514 3906 1570 3958 t'n
1597 3922 1690 3957 sua
1716 3921 1917 3975 semper
1941 3900 2182 3967 vincula,
2210 3898 2357 3971 quod
2388 3919 2516 3970 pro-

506 4000 553 4035 2.
578 3981 847 4036 Sedet-unt.
871 3981 932 4035 ld
951 3995 1057 4049 est,
1075 3981 1315 4055 pondere
1334 4001 1432 4036 suo
1511 3986 1605 4038 bat
1628 3983 1828 4037 Schult.
1855 4002 1954 4036 nec
1978 3999 2243 4056 πεμψας
2263 3980 2364 4038 nisi
2385 3979 2517 4033 illud

440 4081 475 4113 n
502 4058 759 4114 membris
781 4060 1058 4114 haeserunt.
1084 4060 1230 4113 Decl.
1256 4063 1430 4116 xvu:
1514 4081 1671 4135 supra
1708 4061 2014 4134 glossatoris
2056 4072 2168 4130 est,
2211 4057 2520 4130 explicantis

432 4141 743 4194 Beseda-unt
761 4140 988 4212 pondere
1009 4148 1220 4193 catenoe.
1517 4146 1573 4195 ἰη
1613 4162 1712 4214 per
1750 4159 1920 4213 supra.
1966 4138 2160 4192 Similia
2193 4156 2317 4191 vero
2354 4135 2518 4189 habet

504 4221 556 4272 3.
586 4222 653 4274 In
678 4240 769 4274 sua
800 4219 1027 4274 vincula.
1063 4221 1131 4272 In
1161 4238 1253 4273 sua
1281 4237 1435 4292 supra
1516 4218 1670 4274 Ovid.
1697 4221 1817 4272 Am.
1843 4221 1897 4285 1,
1929 4234 2011 4286 ιι,
2034 4218 2085 4284 4.
