3200 5117
800 557 1068 625 DECL.
1115 554 1327 623 xln.
1372 555 1602 622 APES
1646 556 2119 624 PAUPERIS.
2376 579 2502 649 ²99

420 705 630 783 quam
649 681 838 781 quod
857 680 1174 754 adversus
1206 679 1447 752 omnia
1473 679 1656 752 lassae
1690 678 1889 749 taedia
1917 679 2131 750 aetatis
2159 676 2505 752 habebam

416 795 830 895 senex-quod
858 822 1158 893 agerem.
1188 793 1487 867 Juvabat
1514 814 1634 865 aut
1659 793 1845 866 lenta
1860 791 2124 864 vimina
2138 794 2369 868 vernis
2386 795 2508 866 fos-

417 912 601 984 tibus
633 930 892 998 texere,
932 927 998 979 et
1032 932 1121 978 ne
1160 905 1424 979 aestivus
1456 905 1660 977 ardor
1685 924 1807 976 aut
1831 904 2122 977 hiberna
2149 907 2248 980 vis
2281 908 2506 1006 gravi..

419 1027 582 1098 dam
602 1038 621 1069 ¹
683 1040 1067 1123 penetraret
1114 1019 1348 1091 alvum
1369 1075 1388 1107 ‚
1438 1017 1710 1091 hiantes
1755 1019 1965 1092 rimas
2012 1020 2235 1094 tenaci
2288 1022 2507 1095 linere

419 1142 589 1214 fimo
605 1197 626 1228 ,
647 1157 768 1210 aut
787 1136 981 1209 fessis
1003 1134 1253 1236 apibus
1273 1135 1452 1206 ultro
1480 1134 1785 1235 praebere
1812 1135 2027 1208 mella
2044 1194 2062 1226 ‚
2088 1157 2209 1210 aut
2235 1138 2509 1238 fugiens

420 1279 705 1327 examen
752 1277 879 1324 oere
923 1271 1216 1338 terrere,
1267 1269 1387 1321 aut
1430 1249 1616 1322 bella
1653 1249 1894 1323 'sedare
1934 1251 2232 1350 pulveris
2277 1251 2504 1352 jactu:

420 1388 571 1440 tum
598 1392 689 1439 ne
717 1365 890 1465 quid
916 1364 1204 1466 periculi
1222 1363 1463 1438 saltem
1490 1364 1784 1465 singulis
1807 1387 2013 1458 esset,
2044 1351 2273 1439 aridas
2301 1367 2509 1466 longe

419 1487 662 1585 fugare
686 1482 1030 1575 volucres,
1067 1503 1136 1555 et
1159 1508 1389 1555 arcere
1417 1507 1623 1583 parva
1658 1481 1845 1555 dictu
1882 1483 2254 1556 animalia:
2296 1483 2510 1557 reclu-

422 1625 527 1673 sas
558 1598 839 1671 interim
866 1598 1150 1671 scrutari
1183 1597 1425 1697 apium
1458 1598 1704 1670 domos
1725 1654 1745 1688 ‚
1775 1624 1868 1669 ne
1896 1622 2021 1697 per
2045 1623 2295 1672 vacuas
2321 1598 2509 1672 alvos

419 1715 603 1788 foe'da
632 1714 841 1814 pestis
875 1714 1240 1786 insidiosas
1272 1732 1528 1786 texeret
1559 1711 1815 1812 plagas,

517 1833 640 1904 IV.
690 1829 1038 1905 Dederam
1081 1830 1435 1903 laboribus
1477 1830 1654 1902 meis
1689 1829 1951 1932 justam
1990 1855 2197 1901 senex
2241 1829 2513 1902 missim-

421 1972 622 2037 nem,
669 1945 1014 2019 habebam
1057 1972 1210 2046 quae
1252 1971 1379 2045 pro
1419 1971 1535 2017 me
1581 1970 1759 2045 opus
1800 1946 2121 2017 facerent.
2156 1944 2322 2035 Quo
2366 1970 2511 2020 non

420 2059 731 2162 penetras
749 2118 768 2151 ,
788 2059 960 2132 livor
979 2059 1343 2159 improbe?
1362 2059 1618 2158 quidve
1638 2059 1890 2132 scabrae
1906 2057 2324 2157 malignitati
2340 2058 2515 2132 clau·

423 2203 580 2250 sum
615 2174 755 2248 est?
782 2175 1036 2249 invidit
1062 2174 1353 2275 pauperi
1382 2175 1612 2248 dives:
1650 2201 1872 2274 quum
1901 2195 2235 2247 evocasset
2263 2201 2377 2245 me
2404 2200 2514 2245 su-

420 2291 564 2366 bito
596 2292 946 2393 trepidum
966 2348 986 2382 ‚
1028 2311 1308 2391 totoque
1354 2291 1651 2364 fortunae
1702 2316 1840 2363 suoe
1888 2289 2175 2388 strepitu
2219 2289 2516 2361 circum·

422 2410 741 2501 stetisset,
774 2407 970 2500 Quid
1005 2430 1118 2500 tu,
1154 2409 1420 2507 inquit,
1463 2434 1609 2480 non
1651 2427 1841 2507 potes
1883 2406 2223 2506 imperare
2265 2405 2515 2505 apibus

426 2524 596 2612 ωἰε,
631 2521 812 2608 intra
843 2523 1188 2621 privatum
1215 2521 1495 2594 volent?
1526 2547 1619 2596 ne
1648 2522 2009 2594 hortorum
2034 2545 2355 2593 meorum
2386 2517 2516 2591 flo-

423 2636 614 2709 ribus
633 2637 941 2710 insidant
954 2650 980 2682 ²
996 2635 1027 2707 Ρ
1045 2664 1134 2709 ne
1154 2637 1231 2708 in
1247 2662 1405 2707 meo
1426 2662 1655 2709 rorem
1675 2635 1955 2735 legant?
1976 2660 2248 2708 remove
2266 2692 2286 2724 ‚
2303 2655 2513 2707 trans·

421 2752 545 2823 fer.
568 2750 1141 2851 Impotentissime
1159 2770 1452 2849 tyranne
1470 2807 1490 2839 ,
1528 2749 1712 2847 quo?
1741 2749 2094 2848 numquid
2121 2770 2266 2822 tam
2293 2747 2515 2821 latum

421 2865 737 2965 possideo
757 2865 1061 2965 agellum
1078 2924 1099 2956 ‚
1116 2864 1414 2938 utillum
1432 2890 1592 2964 apes
1609 2863 2021 2936 transvolare
2045 2890 2187 2935 non
2216 2860 2516 2962 possint?

421 3007 652 3079 neque
677 3000 910 3052 tamen
937 3000 1212 3052 tantum
1239 2980 1463 3052 inerat
1495 2979 1753 3078 pectori
1789 3004 1947 3051 meo
1980 2978 2225 3067 robur,
2261 2999 2339 3049 ut
2371 3001 2515 3048 non

421 3094 854 3195 perturbarer
868 3095 1406 3169 denunciatione
1421 3115 1597 3169 notae
1617 3093 2042 3194 impotentiae
2062 3120 2077 3164 ε
2098 3090 2289 3166 volui
2309 3091 2515 3164 relin-

425 3237 635 3307 quere
657 3212 870 3284 avitos
884 3211 1086 3303 lares,
1104 3231 1174 3285 et
1188 3212 1492 3285 conscios
1509 3209 1847 3284 natalium
1863 3209 2156 3311 parietes
2167 3266 2189 3299 ‚
2205 3229 2277 3281 et
2295 3207 2514 3308 ipsam

427 3327 847 3399 nutriculam
876 3354 1106 3402 casam
1123 3385 1142 3417 ‚
1161 3330 1452 3430 jamque
1468 3355 1850 3429 pauperem
1864 3328 2104 3400 focum
2118 3385 2137 3417 ‚
2156 3347 2225 3399 et
2241 3328 2517 3398 fumosa

425 3440 664 3532 tecta3‚
703 3464 770 3516 et
799 3445 1094 3517 consitas
1135 3447 1309 3519 meis
1352 3446 1679 3518 manibus
1720 3444 2116 3518 arbusculas
2155 3443 2516 3516 transferre

428 3555 805 3630 destinatus
821 3558 1008 3632 exsul
1021 3559 1471 3633 decreveram.
1490 3559 1706 3632 Volui
1718 3558 1774 3662 ,j
1784 3559 2036 3648 udices,
2056 3555 2382 3630 decedere
2396 3580 2517 3625 vo-

425 3791 554 3845 bum
578 3791 643 3846 de
665 3794 955 3861 mercibus,
981 3814 1096 3869 quse
1118 3813 1311 3849 venum
1335 3813 1428 3847 ex·
1505 3798 1604 3861 Vl,
1629 3812 1761 3866 707:
1802 3819 1823 3842 ι
1842 3794 1949 3848 Ubi
1974 3811 2102 3866 apes
2133 3803 2310 3845 oeotate
2332 3807 2515 3845 ser-ena

431 3887 720 3945 ponuntur.
1514 3898 1537 3923 ι
1556 3875 1799 3929 Floribus
1822 3876 2061 3929 insidunt
2076 3874 2250 3926 variis.
2273 3895 2297 3918 ι·

504 3971 547 4005 1.
585 3955 641 4009 V
635 3955 677 4006 is
706 3956 995 4028 gravidam.
1029 3956 1285 4010 Ceterum
1318 3954 1431 4009 haic
1581 3954 1634 4009 3.
1658 3949 1876 4008 flamoso
1917 3964 2065 4006 tecta.
2104 3954 2185 4004 Ita
2215 3967 2514 4024 pauperum

429 4036 604 4087 omnia
636 4035 745 4086 fere
784 4054 846 4087 ex
877 4034 1080 4107 Virgilii
1110 4034 1230 4088 loco
1264 4038 1424 4089 citato
1506 4050 1676 4090 erant.
1702 4034 1856 4088 Ovid.
1882 4036 2020 4088 Fast.
2043 4036 2110 4102 V,
2143 4032 2276 4087 505:
2309 4034 2515 4083 «Tecta

429 4112 758 4166 adumbrata.
791 4112 990 4186 Gryph.
1031 4112 1156 4165 edit.
1195 4113 1428 4167 malebat
1512 4137 1533 4160 ι
1556 4117 1693 4168 senis
1719 4114 1946 4166 subeunt
1968 4115 2120 4184 nigro
2141 4110 2398 4164 deformia
2424 4109 2513 4160 fu-

423 4193 698 4268 9ravidum
712 4193 936 4261 alveum,
952 4191 1073 4245 loco
1087 4194 1174 4245 τοῦ
1184 4192 1378 4246 alvum.
1520 4217 1542 4242 ιι
1562 4212 1668 4245 mo.
1680 4217 1702 4239 a·
1716 4194 1993 4245 Rationem
2009 4189 2210 4243 reddidi
2222 4187 2289 4241 ad
2298 4190 2512 4241 Petron-

500 4293 548 4328 2.
565 4274 818 4328 Insidant.
846 4276 921 4326 Ita
947 4276 1088 4326 enim
1108 4272 1284 4344 virgil.
1308 4276 1423 4328 AEn.
1508 4290 1626 4344 cap.
1653 4271 1907 4326 CXXXV.
1934 4272 2101 4322 Burin.
