3200 5117
562 596 830 662 DECL.
878 594 1042 657 Vll.
1086 590 1623 656 TORMENTA
1669 590 2139 697 PAUPnRIS.
2277 589 2394 664 163

310 721 518 819 exigit
536 715 1005 817 quarumdam
1029 713 1290 786 invidia
1315 739 1545 785 rerum
1560 731 1675 803 ‚ut
1692 711 1869 784 vinci
1890 739 1960 783 se
1983 714 2398 810 magnitudo

311 832 652 936 patiatur?
701 853 769 904 et
819 829 1168 930 quidquid
1221 828 1547 900 accidisse
1605 826 1906 917 mireris,
1957 830 2398 902 tantumdem

312 954 530 1053 poscit
574 952 649 1023 in
692 951 955 1022 ultione
999 947 1334 1021 novitatis.
1382 945 1601 1017 Filius
1651 944 1724 1015 in
1771 968 2140 1045 conspectu
2189 949 2400 1045 patris

311 1069 573 1143 occisus
606 1086 737 1153 est,
766 1084 1082 1162 torquete
1117 1061 1335 1133 securi
1364 1087 1378 1131 :
1415 1059 1596 1132 nihil
1625 1060 1935 1158 iniquius
1965 1062 2111 1133 fieri
2136 1084 2395 1161 potest:

314 1184 675 1281 ignoscant
702 1179 1177 1280 persuasiones
1200 1234 1219 1264 ‚
1251 1176 1307 1247 ‘si
1336 1176 1604 1249 facinus
1633 1176 1816 1249 istud
1844 1180 2164 1249 omnium
2193 1178 2400 1253 illici-

314 1317 545 1369 tarum
578 1321 813 1367 rerum
862 1292 1295 1390 consumpsit
1330 1290 1709 1363 invidiam:
1755 1313 1824 1364 et
1856 1294 2045 1367 unde
2087 1317 2402 1367 tormen-

320 1414 407 1488 tis
430 1429 445 1458 ¹
482 1413 665 1485 salva
681 1410 954 1513 justitia
984 1432 1117 1497 est,
1150 1408 1306 1507 plus
1336 1430 1435 1480 est
1455 1423 1479 1451 ²
1512 1409 1597 1480 de
1627 1435 1766 1507 quo
1792 1412 2152 1509 quaeritur,
2188 1441 2402 1511 quam

317 1555 457 1630 quo
491 1528 702 1599 modo
742 1525 1203 1623 quaerendum
1237 1545 1360 1597 est.
1396 1524 1691 1597 Nullum
1737 1525 1942 1598 debet
1983 1525 2402 1600 3inimicum

314 1642 532 1717 videri
560 1668 777 1741 genus
801 1640 1228 1739 probationis
1252 1666 1396 1711 esse
1414 1697 1433 1727 ‚
1464 1640 1655 1738 quod
1684 1641 1914 1713 solum
1943 1664 2079 1715 est:
2107 1665 2173 1715 et
2206 1646 2408 1742 quid-

316 1758 487 1857 quid
516 1757 738 1856 potuit
755 1757 1076 1855 prodesse
1100 1756 1469 1845 severitati,
1496 1783 1894 1854 numquam
1921 1761 2160 1831 nocuit
2182 1788 2408 1835 exem-

319 1874 469 1974 plo:
499 1872 757 1945 sufficit
784 1871 1113 1945 libertatis
1140 1872 1560 1959 reverentiae,
1591 1873 1782 1971 quod
1817 1875 2142 1973 torquetis
2177 1875 2407 1965 inviti,

321 1991 510 2089 quod
545 2009 781 2063 contra
810 2015 925 2060 me
956 2015 1100 2060 non
1135 1988 1313 2060 alius
1347 1987 1694 2061 invenit4!
1733 1991 2068 2064 Liberum
2102 1995 2405 2089 torqueri

322 2131 467 2178 non
495 2106 672 2177 licet.
1482 2182 1488 2187 ,

362 2228 365 2231 ’
420 2225 508 2293 V.
541 2222 693 2293 Hoc
729 2241 859 2311 est,
887 2219 1194 2321 judices,
1234 2241 1513 2320 propter
1546 2220 1737 2318 quod
1773 2220 1999 2294 filium
2039 2226 2282 2295 meum
2321 2224 2393 2295 di

322 2365 437 2412 ves
459 2364 695 2411 coram
720 2365 835 2410 me
864 2364 1006 2409 non
1032 2337 1274 2409 timuit
1294 2337 1640 2410 occidere:
1674 2337 1906 2409 filium
1932 2339 2147 2437 igitur
2170 2364 2409 2411 meum

326 2456 400 2535 in
430 2476 798 2556 conspectu
832 2480 993 2526 meo
1018 2454 1323 2526 occisum
1356 2481 1498 2526 csse
1527 2454 1891 2526 contendo.
1921 2456 2118 2546 Quid
2154 2455 2418 2528 dicitis?

326 2570 423 2642 ita
442 2597 586 2642 non
613 2590 756 2642 erat
778 2589 1013 2642 contra
1037 2569 1598 2668 proclamationis
1628 2568 1838 2669 hujus
1861 2568 2073 2640 fidem
2094 2627 2112 2657 ‚
2136 2570 2191 2640 si
2224 2598 2414 2642 nunc

325 2712 526 2784 agere
564 2711 828 2783 possem
860 2684 1180 2782 quietum
1210 2683 1744 2780 modestamque
1773 2684 2151 2756 miserum?
2173 2686 2414 2778 vultis,

326 2825 551 2897 quum
582 2799 715 2871 hoc
743 2800 1075 2889 viderim,
1122 2820 1401 2871 tantum
1443 2799 1925 2871 testimonium
1963 2800 2240 2871 dicam?
2271 2802 2414 2873 mi-

275 3002 283 3019 Ι
328 2941 489 2987 rum
525 2913 786 3004 hercle,
821 2915 879 2985 si
910 2914 1152 2987 scindo
1185 2935 1435 3002 vestes,
1471 2914 1665 2986 nudo
1696 2940 1978 3012 corpus,
2016 2916 2244 3013 igne-S,
2283 2915 2414 2985 fla-

331 3031 508 3130 gella
541 3030 875 3130 deposco?
917 3032 1214 3103 insaniat
1252 3057 1527 3104 necesse
1571 3053 1670 3101 est
1705 3051 1919 3129 pater,
1962 3056 2186 3128 quum
2229 3029 2414 3103 solus

330 3146 460 3219 hoc
482 3147 672 3257 sciat.
696 3146 988 3220 Fallitur
1009 3205 1027 3237 ,
1042 3147 1345 3248 judices,
1372 3147 1688 3244 quisquis
1705 3146 1870 3235 hoc,
1897 3146 2085 3243 quod
2107 3148 2376 3246 postulo
2395 3207 2413 3239 ,

331 3285 812 3364 contemptum
832 3263 885 3354 ⁵,
921 3265 1235 3364 quisquis
1277 3264 1640 3336 audaciam
1687 3286 1918 3335 vocat:
1962 3263 2150 3335 filius
2189 3261 2412 3353 flurin,

411 3451 453 3486 ι.
479 3433 551 3485 Et
573 3435 709 3486 unde
731 3435 1010 3486 tormentis.
1031 3432 1332 3503 Legendum
1412 3432 1511 3486 dus
1535 3433 1848 3505 (tormenta)
1874 3452 1981 3505 quo
2009 3435 2272 3504 quan-itur.
2300 3433 2415 3486 Scu.

331 3513 572 3567 videtur:
622 3538 645 3561 ιι
669 3516 1011 3586 consumpsit
1054 3514 1301 3567 invidiam
1317 3554 1334 3581 ‚
1484 3516 1535 3570 3.
1553 3516 1853 3568 Inimicum.
1872 3516 2120 3587 Iniquum
2137 3512 2417 3582 legendum

337 3618 361 3643 ιι
381 3607 435 3647 et
470 3592 594 3647 inde
631 3594 939 3661 tormentis,
970 3606 1072 3645 etc.
1095 3617 1117 3640 n
1156 3595 1335 3663 Quum
1410 3614 1528 3649 esse
1545 3598 1656 3666 jam
1682 3595 1978 3666 suspicatus
2003 3607 2084 3645 est
2104 3595 2418 3661 Ascensum,

333 3672 505 3725 scelus
529 3671 661 3724 illud
686 3685 889 3723 tantum
914 3674 1011 3738 sit,
1036 3686 1094 3724 ut
1119 3674 1173 3725 in
1197 3672 1335 3725 illius
1416 3689 1466 3727 et
1481 3676 1677 3745 recepit
1693 3671 1996 3725 Obrechtus
2017 3695 2028 3749 ξ
2055 3672 2238 3725 eadem
2258 3671 2421 3724 diver-

332 3754 732 3823 comparationc
753 3771 937 3805 omnes
955 3772 1037 3805 res
1056 3752 1248 3805 illicitae
1266 3757 1340 3805 in·
1420 3760 1544 3809 sitas
1567 3767 1645 3805 est
1670 3756 1835 3805 instit.
1852 3756 1917 3817 V,
1952 3770 2028 3804 io.

332 3830 505 3896 vidia,
530 3832 637 3884 sive
664 3832 801 3883 mala
831 3833 1213 3885 existimatione
1240 3833 1341 3884 ho·-
1490 3837 1539 3903 4.
1567 3834 1795 3886 Invenit.
1822 3835 1888 3884 Id
1913 3836 2048 3907 petit
2075 3834 2314 3886 mallemx
2341 3835 2421 3886 vel

332 3912 537 3961 minum
564 3910 805 3962 laborare
832 3929 941 3962 non
970 3911 1163 3963 debent
1178 3950 1196 3978 ‚
1227 3926 1341 3963 tor·
1420 3934 1606 3969 sensus
1628 3927 1733 3978 est,
1754 3912 1898 3984 quod
1921 3931 2034 3964 mea
2053 3912 2323 3964 voluntate
2343 3932 2426 3964 ac·

337 4005 517 4044 menta
550 4006 710 4045 erunt
736 3996 915 4064 justa,
948 3991 1343 4045 adhibebuntur
1422 3998 1562 4067 cipio
1584 4006 1851 4045 tormenta
1868 4028 1884 4056 ‚
1909 4009 2017 4042 non
2042 3989 2254 4042 alterius
2280 3991 2426 4043 calli-

335 4071 479 4124 salva
496 4072 718 4141 justitia.
1421 4075 1584 4127 ditate
1605 4085 1697 4124 aut
1716 4070 1993 4124 calumniis
2015 4069 2282 4122 subactus.
2305 4071 2421 4123 Seu.

410 4168 458 4205 α.
488 4152 618 4206 Plus
639 4164 727 4205 est.
754 4152 943 4204 Filium
971 4155 1025 4203 in
1055 4165 1343 4224 conspectu
1495 4154 1543 4207 5.
1587 4155 1967 4224 Contemptum.
2008 4150 2256 4220 Intelligit
2293 4168 2424 4202 con-

337 4233 503 4303 P⁸t¹¹i⁸
536 4231 812 4298 Occidere,
839 4231 905 4283 de
935 4251 1043 4304 quo
1069 4233 1344 4303 queritur,
1423 4248 1682 4306 temptum
1708 4243 2094 4287 tormentorum.
2122 4234 2341 4285 Senum.

337 4312 592 4384 grandius
629 4327 708 4367 est
739 4314 1022 4384 flagitium,
1049 4332 1205 4387 quam
1232 4332 1346 4365 mo-
1493 4314 1543 4366 6.
1581 4314 1710 4366 Urit.
1740 4312 1972 4382 Respicit
1998 4310 2066 4364 ad
2095 4310 2315 4362 laminas
2344 4329 2423 4362 ar·

2064 4414 2146 4450 11.
