3200 5117
626 555 1048 622 DECLAM.
1094 556 1175 619 v.
1226 553 1505 620 AEGER
1551 557 2165 626 REDEMPTUS.
2325 582 2442 651 109

356 681 668 753 minibus
710 675 1050 768 intabuit,
1082 697 1153 749 et
1187 703 1311 776 per
1338 677 1762 749 obstantium
1791 679 2091 752 crinium
2133 680 2444 753 illuviem

359 796 586 868 tenuis
604 796 957 868 arentium
972 793 1202 894 jactus
1222 792 1584 865 oculorum
1606 820 1619 864 :
1649 793 1857 866 haeret
1877 796 2142 868 astricta
2170 795 2445 869 nudatis

355 912 619 983 ossibus
653 911 864 999 cutis,
908 909 1077 980 etin
1117 909 1302 979 fame
1338 934 1465 979 sua
1497 907 1789 980 homine
1821 930 2267 1010 consumpto,
2295 909 2444 1010 jam

357 1025 672 1097 membra
717 1024 865 1096 sine
899 1037 1264 1122 corpore¹t
1307 1022 1559 1093 iterum
1601 1021 1830 1095 bonus
1871 1049 2065 1115 sum,
2106 1025 2179 1094 in
2223 1021 2445 1123 pristi-

355 1171 519 1217 nam
574 1144 981 1242 religionem
1038 1141 1124 1211 de
1182 1140 1651 1212 calamitatum
1713 1139 2043 1213 horrore²
2105 1142 2439 1214 restituor.

349 1262 640 1344 Adeone
688 1287 829 1331 non
868 1258 1140 1329 habent
1184 1258 1329 1327 haec
1377 1257 1525 1355 ipsa
1560 1259 1905 1357 supplicia
1941 1286 2210 1359 poenas,
2254 1258 2444 1359 quod

356 1402 562 1474 posco
581 1433 599 1465 ,
623 1373 811 1473 quod
830 1400 992 1470 rogo
1007 1429 1025 1462 ,
1043 1372 1229 1470 quod
1250 1372 1614 1444 mendicus
1629 1400 1785 1446 sum
1804 1374 1926 1445 filii
1946 1372 2131 1446 mei?
2149 1395 2216 1446 et
2229 1400 2443 1472 quam

357 1490 578 1561 multa
606 1490 705 1560 dii
735 1486 1052 1586 deaeque!
1086 1514 1229 1560 non
1259 1507 1545 1586 possunt
1575 1515 1700 1587 pro
1730 1490 1931 1561 nobis
1961 1491 2323 1589 impetrare
2351 1491 2443 1562 le-

356 1601 517 1700 ges?
549 1621 806 1700 quanto
835 1600 1037 1700 plura
1063 1622 1261 1690 sunt,
1295 1607 1448 1700 quae
1477 1623 1840 1699 negantur,
1871 1631 2090 1701 quum
2127 1625 2446 1701 praestant

357 1717 603 1788 inviti?
633 1720 793 1789 Non
825 1716 1020 1815 exigo
1044 1774 1062 1805 ,
1099 1736 1176 1787 ut
1219 1716 1355 1787 tuis
1387 1717 1715 1788 manibus
1755 1718 2060 1816 porrigas
2097 1719 2285 1791 cibos
2307 1776 2325 1808 ,
2367 1739 2444 1791 ut

358 1831 764 1920 consoleris,
813 1850 890 1900 ut
934 1831 1200 1902 foveas:
1254 1829 1511 1930 projice
1570 1832 1761 1930 quod
1818 1832 2120 1931 rapiam,
2176 1831 2443 1934 ³abjice

358 1945 545 2042 quod
564 1946 925 2045 colligam:
959 1973 1176 2045 genus
1191 1945 1477 2018 ultionis
1493 1969 1590 2021 est
1605 1975 1917 2047 pascere,
1958 1975 2085 2020 nec
2110 1948 2439 2020 misereri.

359 2060 429 2131 Si
462 2081 734 2152 tamen,
767 2062 1076 2163 judiceS,
1110 2061 1211 2132 fas
1245 2081 1345 2133 est
1380 2062 1755 2161 impietatis
1794 2062 2005 2162 hujus
2038 2061 2213 2133 ullas
2257 2062 2443 2133 acci-

359 2203 518 2275 pere
539 2205 773 2250 causas
790 2236 810 2268 ,
836 2199 905 2268 et
926 2177 1151 2249 filium
1172 2177 1292 2276 qui
1318 2206 1462 2250 non
1487 2179 1611 2250 alit
1627 2236 1647 2268 ,
1672 2178 1924 2277 putatis
1943 2177 2228 2249 reddere
2248 2202 2444 2276 posse

360 2293 733 2384 rationem,
778 2293 1097 2366 aestimate
1136 2319 1262 2394 per
1296 2293 1544 2388 fidem,
1585 2292 1774 2389 quod
1806 2293 1892 2364 sit
1927 2292 2196 2364 facinus
2229 2289 2441 2382 illud,

250 2481 255 2486 .
360 2407 553 2509 cujus
600 2410 936 2482 ultionem
977 2409 1223 2481 debeat
1258 2408 1525 2508 exigere
1565 2407 1819 2503 aliquis
1859 2407 1945 2477 de
1982 2406 2166 2477 fame
2208 2391 2463 2503 patris(

370 2555 399 2584 «ι
423 2525 723 2622 Captum
757 2541 909 2614 me,
941 2523 1205 2620 inquit,
1234 2549 1378 2594 non
1412 2521 1784 2594 redemisti.
1810 2557 1839 2587 n
1875 2520 2055 2611 Quis
2079 2546 2223 2591 non
2252 2541 2448 2620 putet

364 2639 558 2736 queri
606 2639 693 2710 de
735 2639 877 2710 filio
918 2637 1227 2737 patrem?
1273 2662 1793 2734 quemquamne
1842 2635 2189 2707 dicentem
2229 2637 2441 2726 feras»,

365 2749 547 2821 nihil
578 2751 707 2822 tibi
743 2752 957 2823 debeo
992 2752 1115 2850 qui
1148 2749 1326 2822 mihi
1358 2751 1508 2822 vitae
1542 2749 1851 2874 lucisque
1879 2747 2300 2820 beneficium
2341 2774 2448 2821 se·

362 2866 502 2937 mel
530 2868 929 2964 praestitisti,
965 2868 1131 2966 quia
1155 2866 1344 2938 hunc
1371 2864 1726 2964 spiritum,
1721 2863 1888 2994 hoc
1917 2890 2162 2962 corpus
2191 2889 2333 2935 non
2364 2888 2448 2935 ex

364 2981 804 3081 indulgentia
825 3004 941 3055 tua
972 3009 1202 3055 rursus
1236 2980 1512 3080 accepi?

457 3097 545 3168 X.
595 3095 1039 3196 Iniquissima
1073 3124 1491 3199 magnorum
1527 3095 1839 3168 conditio
1872 3094 2274 3166 meritorum
2310 3114 2441 3184 est,

366 3210 421 3283 si
456 3212 800 3311 quidquid
829 3240 972 3285 non
1001 3214 1211 3285 fuerit
1241 3211 1623 3312 adjectum,
1654 3211 1738 3282 de
1767 3209 2113 3309 prioribus
2138 3209 2347 3308 perit,
2380 3229 2447 3282 et

369 3325 663 3419 pessimo
679 3328 989 3427 exemplo
1005 3327 1295 3426 gratiam
1318 3325 1668 3425 praeteritis
1682 3325 2005 3396 auferunt
2025 3324 2287 3421 reliqua
2306 3351 2448 3395 ces-

450 3563 494 3598 t.
518 3549 750 3603 Membra
778 3552 886 3604 siue
912 3569 1136 3625 corpore.
1166 3550 1228 3602 ld
1255 3562 1366 3615 est,
1444 3545 1634 3618 adagio
1673 3547 2060 3620 proficiscitur,
2083 3566 2157 3600 res
2177 3565 2319 3600 sacru
2346 3549 2448 3598 mi-

370 3629 483 3681 sine
501 3648 688 3700 carne,
704 3634 818 3687 ‘sine
836 3632 1188 3705 pinguedine:
1216 3645 1275 3685 nt
1292 3633 1367 3684 ita
1441 3644 1536 3679 ser-
1561 3629 1655 3678 ED-

368 3711 769 3780 θοφιισριεενε,
794 3711 990 3764 Phaedr.
1015 3714 1114 3778 111,
1141 3729 1199 3782 73
1223 3709 1369 3781 galli·
1514 3706 1565 3757 3.
1600 3705 1807 3779 Projt'ce
1834 3704 1975 3778 quod
2003 3704 2443 3778 rapiam‚a13jice.

369 3806 435 3840 eo
460 3809 697 3845 sermone
715 3794 937 3866 prendre
958 3794 1029 3846 du
1052 3812 1213 3867 corps.
1228 3794 1322 3845 En.
1444 3787 1726 3860 Projt’cere,
1756 3786 1992 3840 scilicet'
1971 3805 2151 3857 jacere
2175 3801 2325 3852 ante,
2342 3786 2449 3839 late

442 3870 579 3921 πλη
596 3872 870 3942 pristinam
892 3873 1189 3948 reliqt'onem
1208 3874 1271 3925 de
1288 3891 1369 3926 ca·
1447 3883 1499 3922 et
1518 3871 1717 3940 passim
1730 3906 1747 3934 ‚
1764 3886 2037 3940 spargere·
2025 3908 2039 3932 ,
2060 3881 2110 3920 at
2126 3869 2343 3941 abjt‘cere
2361 3886 2452 3920 no·

371 3944 665 4003 &imitatum
706 3952 927 4005 horrore.
971 3955 1054 4007 Sic
1088 3954 1230 4007 Flor.
1264 3957 1366 4025 111,
1446 3964 1522 4004 tat
1553 3952 1715 4003 animi
1743 3950 2026 4016 affectum,
2054 3953 2337 4021 presertim
2361 3949 2453 4001 de·

506 4031 764 4097 «Cat-cer,
801 4045 998 4084 catenae
1028 4032 1369 4087 horrificave·
1448 4033 1742 4105 spicientis:
1759 4031 1881 4085 inde
1893 4029 2151 4103 gradatio.
2169 4032 2251 4085 Sic
2267 4030 2447 4102 Vir-gil.

373 4043 894 4171 traintdignitatem.»
872 4102 1203 4172 »Quodvero
1214 4124 1372 4176 prop-
1446 4112 1633 4163 Iacent
1646 4113 1877 4184 projecta
1900 4109 2148 4162 cadavera
2160 4132 2179 4172 ‚-
2203 4124 2255 4164 et
2279 4112 2448 4162 Cicer.

372 4185 453 4227 ter
474 4177 793 4233 calamitates
815 4195 968 4254 pater
989 4183 1043 4235 in
1065 4182 1371 4253 religionem
1455 4209 1476 4233 κ
1496 4189 1557 4238 In
1581 4207 1724 4240 mare
1744 4206 1801 4240 ee
1819 4189 2029 4261 abjecit,
2053 4187 2192 4240 lecto
2218 4186 2448 4239 Platonis

374 4272 430 4308 se
446 4256 570 4311 dicit
584 4265 886 4315 restitutum
908 4283 970 4317 ex
988 4265 1263 4318 notissimo
1279 4264 1370 4317 ino
1456 4291 1478 4312 κ
1498 4267 1652 4321 libro.
1677 4293 1699 4316 ιι
1727 4271 1818 4322 Eo.
