3200 5117
708 627 979 691 DECL.
1029 625 1153 688 Vl.
1200 622 1680 691 CORPORIS
1727 622 2220 689 PROJECTI.
2392 623 2497 693 131

415 774 744 838 noverca,
779 750 900 821 sed
937 770 1174 820 mater.
1209 748 1277 818 O
1312 745 1614 834 facinuS,
1649 772 1690 816 o
1725 744 2041 818 cladibus
2075 747 2319 819 nostris
2348 776 2511 821 mu-

417 883 549 934 tata
586 865 863 935 natura!
903 883 1124 934 mater
1159 862 1397 959 ignem
1435 859 1766 931 ultimum
1805 861 1950 932 filio
1979 884 2223 960 negat,
2261 884 2328 935 et
2360 891 2512 936 mu·

417 978 566 1069 lie'r,
610 1008 765 1079 quae
800 982 1133 1052 maritum
1162 1003 1442 1076 quoque
1474 1004 1683 1049 suum
1717 977 2080 1050 debilitata
2115 979 2510 1054 'desiderat

418 1096 595 1185 Quis
627 1095 755 1166 hoc
791 1096 875 1166 de
912 1096 1039 1166 ista
1075 1093 1346 1164 credat?
1383 1091 1613 1162 filium
1649 1119 1790 1163 non
1830 1092 1950 1164 flet
1984 1094 2296 1167 funditus
2332 1119 2519 1167 ever-

421 1238 491 1283 sa
509 1224 565 1299 ²,
591 1210 867 1283 fulmen
902 1209 1034 1279 hoc
1059 1208 1513 1305 gladiumque
1544 1233 1686 1277 non
1722 1208 1961 1279 sentit:
1997 1231 2349 1308 comparet
2386 1211 2520 1282 do-

423 1327 685 1417 lorem3
725 1345 989 1425 quanto
1030 1325 1302 1395 minore
1339 1350 1543 1395 causa
1579 1345 1904 1396 excaecata
1933 1327 2072 1397 est?
2105 1326 2372 1426 Hujus,
2402 1326 2524 1428 ju-

426 1435 651 1532 diceS,
679 1468 896 1541 poenae
918 1417 1010 1511 ab
1042 1440 1192 1539 ipsa
1216 1459 1440 1511 morte
1460 1437 1487 1483 3
1516 1440 1803 1538 repetite
1833 1441 2124 1514 crimen.
2156 1443 2302 1541 Ego
2331 1470 2521 1534 sum,

430 1584 555 1655 ego
603 1578 669 1628 et
711 1555 989 1655 alligavi
1025 1554 1254 1627 filium
1290 1582 1569 1643 meum,
1618 1578 1686 1626 et
1718 1556 2098 1628 infamavit
2138 1579 2204 1628 et
2246 1585 2331 1628 ne
2380 1585 2525 1629 non

428 1674 709 1746 accedat
744 1672 1128 1771 gravissimi
1169 1672 1419 1744 doloris
1453 1695 1683 1745 comes
1727 1675 2176 1771 poenitentia,
2213 1676 2282 1746 in
2324 1669 2526 1747 illum

429 1788 869 1860 mortiferum
904 1814 1245 1859 carcerem
1290 1789 1522 1859 mersi.
1562 1789 1727 1878 Quo
1771 1789 1908 1859 fato
1961 1809 2276 1887 parentes
2319 1791 2532 1861 miser

428 1902 702 1974 sortitus
737 1923 871 1992 est,
908 1922 984 1973 ut
1020 1901 1120 1973 illi
1152 1902 1367 1975 vitam
1402 1901 1634 2001 pater,
1669 1906 2104 2002 sepulturam
2141 1926 2364 1977 mater
2398 1934 2529 1977 au-

430 2019 676 2092 ferret?
697 2047 862 2090 nam
889 2039 965 2090 ut
988 2018 1319 2117 pietatem
1344 2019 1472 2091 filii
1500 2021 1639 2092 mei
1664 2022 1878 2092 semel
1902 2022 2201 2094 indicem
2222 2083 2241 2114 ‚
2267 2008 2532 2121 patrem

435 2136 753 2209 redemit.
791 2135 862 2207 Si
898 2135 1088 2234 quod
1132 2162 1259 2233 ego
1295 2134 1661 2224 redierim,
1699 2164 1870 2208 uxor
1905 2139 2257 2228 irascitur,
2295 2140 2536 2211 reddat

439 2251 772 2322 rationem
790 2306 809 2340 ,
836 2277 960 2322 cur
980 2249 1271 2348 acceptis
1294 2248 1507 2320 literis
1532 2249 1705 2320 meis
1734 2248 2016 2320 fleverit.
2049 2251 2260 2349 Atqui
2294 2252 2539 2324 miser-

437 2367 657 2439 rimus
671 2366 947 2469 juvenis
967 2365 1324 2466 quomodo
1341 2365 1561 2464 magis
1583 2360 1971 2465 temperare
1987 2368 2257 2465 potuit4
2271 2367 2539 2440 officia?

437 2485 545 2556 lex
572 2482 971 2583 parentibus
1007 2484 1081 2554 in
1115 2482 1505 2555 calamitate
1539 2484 1716 2554 ferre
1751 2510 1958 2582 opem
1981 2484 2312 2585 jubebat;
2352 2506 2539 2555 uter-

441 2627 578 2699 que
613 2627 856 2700 parens
887 2620 1028 2671 erat
1061 2598 1459 2671 calamitate
1489 2597 1849 2704 devinctus
1867 2631 1885 2688 ;
1907 2621 2090 2670 unus
2119 2617 2358 2670 autem
2391 2625 2540 2670 suc-

442 2742 711 2787 currere
745 2714 1019 2813 utrique
1063 2739 1204 2785 non
1242 2734 1543 2812 poterat3
1584 2714 1849 2784 invenit
1890 2734 2126 2785 tamen
2170 2714 2538 2812 ingeniosa

444 2830 689 2929 pietas,
717 2851 783 2901 et
810 2831 1087 2929 utrique
1113 2830 1433 2902 subvenit
1460 2829 1828 2928 dispendio
1863 2830 2009 2900 sui:
2049 2831 2193 2928 ipse
2228 2830 2416 2901 venit
2443 2828 2536 2901 acl

442 2968 740 3045 patrem,
776 2973 890 3018 me
920 2947 1183 3019 remisit
1209 2946 1297 3017 ad
1332 2966 1653 3018 matrem.

541 3063 660 3135 111.
698 3064 849 3134 Hoc
886 3062 940 3134 si
975 3062 1503 3135 defendendum
1533 3076 1664 3152 est,
1704 3087 1998 3159 agnosco
2040 3081 2268 3160 partes
2312 3086 2535 3146 meaS,

443 3231 533 3288 W.
554 3234 713 3303 Quod
733 3254 795 3288 ex
815 3235 1248 3307 interpretatione
1272 3247 1449 3286 ortum

446 3327 551 3381 est,
577 3319 699 3388 quia
729 3317 934 3390 {quotus
970 3319 1127 3369 etiam
1164 3335 1262 3387 pro
1295 3317 1449 3386 igno-

445 3409 596 3448 rante
622 3397 854 3468 ponitur.
870 3394 990 3447 Vid.
1016 3395 1217 3447 Manut.
1246 3387 1314 3446 ad
1337 3396 1446 3448 Cic.

447 3473 510 3527 ad
541 3476 681 3527 Fam.
702 3479 767 3540 V,
795 3494 911 3546 cap.
948 3485 1042 3535 ης
1073 3486 1125 3525 et
1152 3472 1222 3525 ad
1247 3472 1446 3524 Phaedr.

446 3554 573 3605 Fab.
601 3557 651 3617 1,
681 3568 768 3616 113
796 3567 847 3606 et
871 3552 938 3605 ad
964 3556 1173 3605 Petron.
1199 3554 1355 3606 Cxtt.

526 3649 569 3683 1.
614 3634 741 3704 Quoe
777 3632 1022 3684 maritum
1059 3649 1266 3704 quoque
1300 3650 1451 3684 suum

447 3711 712 3764 debilitata
738 3711 1002 3764 desiderat.
1029 3711 1240 3777 Scribe,
1265 3709 1453 3763 debili-

449 3805 578 3858 tate,
604 3793 709 3846 hoc
734 3807 840 3858 est,
866 3813 928 3846 eo
953 3812 1149 3865 neque,
1171 3803 1230 3845 ut
1249 3792 1451 3845 deside-

448 3874 525 3924 rio
560 3874 725 3924 nimio
759 3870 947 3924 debilis
984 3872 1109 3937 fiat,
1135 3871 1298 3924 veluti
1336 3891 1452 3945 quae

450 3953 626 4008 flendo
651 3954 837 4006 oculos
862 3955 1052 4005 amisit.
1080 3956 1245 4007 Giton.

523 4056 569 4089 2.
592 4037 849 4088 Funditus
866 4051 1049 4087 eversa.
1066 4039 1109 4087 A
1130 4047 1341 4101 vertere,
1359 4038 1455 4088 sci-

448 4119 572 4171 licet
596 4118 730 4172 adeo
754 4119 967 4190 penitus
992 4131 1194 4168 mutata
1211 4154 1228 4182 ,
1258 4130 1315 4168 ut
1346 4137 1455 4169 non

450 4197 571 4250 fleat
604 4195 800 4260 tilium,
828 4207 888 4247 ut
921 4196 1281 4247 acutissimum
1314 4194 1456 4248 hunc

451 4274 690 4328 dolorem
710 4293 819 4326 non
841 4274 1059 4340 sentiat,
1075 4292 1233 4345 quem
1252 4274 1458 4327 fulmini

451 4367 504 4406 et
524 4354 703 4425 gladio
727 4366 1018 4425 comparat.
1045 4355 1137 4407 En.

1600 3230 1652 3283 3.
1673 3231 1752 3283 Ab
1773 3231 1881 3303 ipsa
1901 3240 2081 3282 morte.
2102 3228 2411 3300 Legendum
2424 3229 2537 3280 for-

1529 3327 1580 3365 te
1605 3315 1672 3365 ab
1697 3314 1805 3385 ipsa
1829 3330 1993 3376 noxa,
2021 3324 2079 3362 ut
2099 3313 2350 3382 respiciat
2373 3311 2540 3382 capti-

1527 3391 1742 3443 vitatem
1757 3404 1809 3442 et
1819 3391 2120 3442 servitutem
2137 3408 2310 3454 suam,
2328 3403 2386 3441 ut
2401 3407 2539 3440 noxa

1530 3492 1594 3526 eo
1631 3491 1788 3525 sensu
1823 3466 1968 3543 apud
1990 3472 2140 3522 Jctos
2176 3471 2413 3522 sumitur.
2441 3469 2539 3521 Vel

1530 3574 1596 3607 ne
1627 3555 1691 3607 ab
1723 3555 1832 3628 ipsa
1865 3564 2030 3605 morte
2063 3555 2303 3626 repetite,
2338 3551 2394 3605 id
2427 3565 2540 3618 est,

1530 3640 1648 3708 ipso
1673 3651 1912 3720 mortuo,
1937 3636 2025 3687 cui
2048 3637 2195 3706 parci
2222 3633 2399 3686 debet.
2415 3633 2543 3694 vel,

1530 3732 1590 3770 ut
1613 3718 1913 3770 Gronovius
1929 3754 1946 3782 ‚
1976 3717 2039 3768 ab
2069 3718 2179 3789 ipsa
2207 3726 2372 3768 morte
2399 3733 2543 3787 repe-

1534 3801 1628 3851 tit:
1665 3801 1899 3871 quamvis
1935 3812 2204 3850 mortuum
2234 3800 2346 3868 jarn
2379 3797 2546 3849 fllium

1533 3880 1870 3943 criminatur,
1912 3892 1971 3929 ut
2007 3877 2074 3928 sit
2110 3896 2207 3928 cur
2243 3877 2434 3946 punire
2473 3878 2546 3928 ita

1532 3958 1718 4030 possit.
1738 3955 1835 4008 Vel
1863 3956 2100 4027 repetitis.
2130 3956 2348 4007 Senum.

1608 4035 1657 4101 4.
1686 4036 1990 4107 Temperare
2014 4031 2211 4106 officia.
2239 4034 2549 4103 Temperare

1537 4129 1615 4170 est
1636 4114 1834 4167 habere
1856 4117 2113 4164 rationem
2136 4115 2415 4184 temporis,
2436 4132 2547 4162 mo·

1538 4192 1732 4258 det-ari,
1748 4194 1974 4264 tempori
1997 4188 2420 4252 accommodare,
2437 4207 2546 4238 rem

1539 4294 1638 4326 suo
1664 4272 1850 4325 ordine
1884 4292 1944 4323 ac
1980 4290 2221 4323 mensura
2259 4270 2552 4342 prudenter

1541 4351 1921 4405 administrare.
1949 4355 2039 4405 En.

2249 4456 2299 4506 9.
