3200 5117
811 574 1073 640 DECL.
1123 575 1273 641 XV.
1320 575 1533 642 om!
1577 572 1878 640 POTIO
1925 573 2018 638 11.
2337 575 2453 640 331

379 698 601 770 facere
625 695 869 795 prioris
899 697 1185 769 affectus
1205 754 1224 785 ,
1255 723 1399 767 non
1430 699 1681 795 poterit
1708 698 2007 798 objicere
2029 696 2372 768 meretrici
2403 718 2468 767 et

381 811 573 913 qnod
605 811 893 903 amarit,
933 833 1004 884 et
1047 809 1239 910 quod
1272 837 1508 884 amare
1543 810 1851 884 desierit:
1891 839 1979 884 ne
2020 838 2231 911 quem
2262 803 2468 910 igitur

383 948 733 1000 accusator
743 928 871 999 hac
891 927 1115 1025 prima
1128 928 1418 1000 fortunae
1433 953 1568 1000 suae
1590 927 2126 1028 comploratione
2144 925 2467 1025 decipiat,

385 1063 748 1142 tamquam
774 1043 1153 1118 meretricis
1177 1044 1450 1117 caritate
1480 1063 1938 1143 consumptus
1970 1043 2090 1132 sit3
2123 1041 2342 1114 securi
2376 1067 2471 1113 es-

382 1178 524 1232 tote
547 1185 674 1258 pre
699 1157 1095 1232 innocentia
1121 1180 1371 1251 nostra,
1398 1160 1553 1233 talis
1579 1159 1828 1231 incidit
1849 1174 1898 1248 ¹,
1923 1158 2074 1231 talis
2100 1155 2466 1246 adamavit,

387 1300 517 1346 nec
538 1273 784 1347 habuit
800 1333 818 1365 ,
841 1275 1029 1374 quod
1046 1274 1360 1375 perderet
1383 1276 1457 1347 in
1473 1295 1615 1347 tam
1639 1275 2019 1347 immodico
2041 1272 2283 1345 ardore
2301 1330 2319 1360 ,
2338 1271 2470 1342 nisi

390 1409 733 1461 mentem:
767 1390 1031 1462 vidistis
1065 1391 1257 1463 enim
1295 1392 1738 1464 notissimum
1782 1411 1920 1463 tota
1958 1390 2227 1460 civitate
2258 1387 2470 1458 mise-

391 1530 576 1576 rum.
625 1504 871 1594 Quum
909 1505 1230 1605 lupanari
1269 1506 1591 1580 noctibus
1634 1506 2016 1604 diebusque
2051 1500 2473 1587 deserviens»,

391 1620 709 1718 quamvis
734 1620 1348 1721 indulgentissimae
1367 1621 1618 1722 puellae
1644 1620 2085 1719 simplicitate
2110 1617 2471 1701 frueretur,

393 1736 602 1809 modo
621 1756 858 1812 tamen
882 1737 1266 1811 maledictis
1291 1737 1822 1838 opprobriisque
1840 1734 2067 1834 vulgi,
2094 1731 2305 1804 modo
2335 1756 2478 1802 cre-

393 1850 520 1922 bra
566 1852 885 1926 rivalium
918 1855 1360 1929 contentione
1399 1854 1746 1954 pulsatae,
1790 1850 1977 1949 abigi
2018 1870 2252 1921 tamen
2290 1872 2478 1917 com-

393 1969 720 2069 pescique
765 1998 907 2043 non
953 1994 1212 2070 posset,
1256 1972 1473 2045 movit
1518 1969 1964 2043 mitissimam
2011 1964 2319 2065 puellam
2360 1959 2478 2032 hic

394 2084 691 2158 infelicis
732 2088 1051 2159 affectus:
1095 2088 1435 2160 laboranti
1477 2087 1707 2186 primo
1746 2085 1851 2158 sui
1891 2082 2112 2154 voluit
2158 2078 2479 2152 facultate

396 2225 817 2273 succurrere:
847 2201 968 2274 sed
999 2203 1344 2302 quidquid
1374 2200 1788 2290 indulserat,
1824 2197 2097 2270 fovebat
2127 2194 2477 2267 ardorem:

398 2340 689 2414 quaeque
729 2317 802 2387 in
847 2316 975 2388 hac
1013 2316 1446 2416 impatientia
1487 2343 1707 2417 prona
1748 2312 2096 2413 persuasio
2147 2331 2279 2401 est,
2319 2308 2487 2408 quia

398 2431 573 2502 nihil
612 2434 963 2531 praestanti
1005 2435 1323 2508 meretrix
1355 2455 1497 2507 tam
1541 2459 1716 2532 saepe
1760 2429 2220 2529 contingeret,
2265 2424 2484 2498 amari

404 2545 531 2616 sibi
561 2547 946 2621 videbatur.
1724 2627 1731 2640 x

501 2664 618 2734 111.
656 2665 1029 2761 Postquam
1063 2664 1243 2736 nihil
1283 2664 1666 2753 miseratio,
1707 2662 1887 2735 nihil
1919 2657 2319 2760 proficiebat
2349 2654 2486 2726 hu-

405 2778 737 2868 manitaS,
774 2780 1054 2851 tentavit
1084 2779 1436 2879 asperitate
1471 2779 1848 2852 discutere:
1888 2774 2231 2876 poposcit,
2267 2768 2486 2843 exclu-

406 2891 509 2962 sit.
542 2896 699 2964 Non
727 2895 1099 2967 defuerunt
1124 2896 1373 2969 misero
1403 2923 1635 2996 preces
1653 2953 1672 2985 ,
1706 2893 2017 2968 adhibita
2039 2911 2206 2962 sunt
2234 2915 2312 2959 ex
2341 2887 2490 2984 ipsa

394 3009 673 3122 juvenis
715 3010 1114 3084 conditione
1154 3012 1475 3084 consilia:
1510 3011 1630 3088 sed
1669 3012 1794 3084 ista
1823 3007 2177 3094 vincebat,
2220 3024 2288 3074 et
2320 3001 2492 3071 vires

405 3126 655 3200 amoris
672 3126 1176 3225 impedimenta
1191 3128 1568 3228 perdebant
1580 3186 1598 3216 ,
1616 3127 1834 3200 donec
1849 3121 2256 3218 intelligeret
2270 3115 2497 3188 homi·

409 3266 573 3311 nem
594 3298 612 3331 ,
639 3244 762 3340 qui
794 3243 1115 3342 explicari
1149 3244 1407 3317 ratione
1433 3271 1575 3316 non
1601 3263 1865 3344 poterat
1883 3300 1901 3330 ,
1929 3235 2324 3311 necessitate
2352 3258 2495 3304 ser-

408 3355 742 3428 vandum.
771 3361 945 3431 Puto
963 3418 983 3451 ,
1000 3360 1269 3461 judices
1286 3419 1304 3452 ,
1329 3362 1580 3434 frustra
1606 3358 1787 3432 male
1809 3354 2089 3429 auditin
2113 3348 2495 3428 immodico

410 3495 676 3568 pauper
693 3472 929 3544 ardore
955 3502 970 3545 :
999 3475 1313 3547 meretrix
1342 3475 1558 3574 magis
1583 3472 1840 3545 ama-vit
1865 3469 2231 3541 hominem
2247 3523 2265 3556 ,
2291 3492 2331 3534 a
2355 3489 2499 3562 quo

413 3583 679 3658 noluit²
728 3590 979 3660 amari:
1035 3589 1456 3688 consumptis
1485 3589 1715 3687 'igitur
1760 3586 2023 3685 optima
2066 3580 2496 3660 feminarum

413 3702 675 3772 eunctis
706 3702 1160 3804 indulgentia!
1192 3705 1699 3803 severitatisque
1729 3700 2070 3789 consiliis,
2100 3697 2276 3769 dum
2306 3695 2494 3794 apud

493 3897 539 3932 r.
555 3878 1418 3954 Talisincidit.1³ropriumverbum
1571 3898 1620 3932 a.
1639 3881 1691 3932 A
1710 3895 1815 3952 que
1847 3877 2033 3930 noluit.
2054 3879 2242 3941 Forte,
2273 3874 2415 3947 quod
2438 3874 2502 3923 ab

413 3956 484 4010 de
506 3959 598 4024 iis,
673 3961 728 4010 ni
749 3979 875 4014 caen
910 3977 1196 4014 occurrunt
1223 3962 1415 4024 alieui;
1496 3979 1556 4012 eo
1574 3959 1774 4026 noluit,
1802 3959 1884 4010 vel
1913 3975 1973 4008 eo
2004 3954 2144 4027 quod
2154 3975 2172 4014 ,·
2200 3971 2397 4025 nempe
2428 3954 2502 4003 ita

417 4057 526 4111 quo
563 4054 747 4106 utitur,
776 4056 836 4093 ut
867 4043 1112 4095 ostendat
1147 4045 1416 4107 meretrix,
1495 4040 1729 4094 infamiae
1760 4035 2045 4101 succurrit,
2068 4046 2121 4085 et
2142 4033 2299 4096 fecit,
2329 4047 2503 4104 quw·-

413 4140 473 4175 σε
489 4139 610 4174 eum
624 4141 732 4175 non
745 4122 1015 4176 blanditiis
1030 4125 1271 4178 illexisse.
1285 4122 1417 4175 Vide
1495 4135 1611 4172 trun
1634 4121 1686 4170 in
1700 4120 1821 4190 ipsa
1842 4117 1942 4168 fuit
1958 4153 1973 4180 ,
1988 4127 2049 4167 ut
2066 4133 2175 4166 rem
2194 4111 2502 4167 familiarem

413 4200 493 4252 Gl.
519 4200 918 4254 Drakenborch.
942 4202 1011 4255 ad
1034 4201 1214 4255 Silium
1234 4201 1325 4254 lib.
1351 4205 1417 4269 V,
1498 4214 1727 4253 curaret.
1751 4198 1969 4250 Senum.
1994 4197 2277 4250 Hominem
2295 4211 2398 4265 quo
2414 4210 2504 4242 ne·

417 4297 492 4334 vn.
516 4280 638 4336 633.
662 4281 832 4332 Bm.
1501 4280 1622 4346 tuit,
1650 4286 1803 4335 Voss.
1833 4297 1936 4331 see.
