3200 5117
737 559 1377 631 DECLAMATIO
1425 565 1563 632 111.
1614 563 1799 633 PRO
1843 565 2223 634 MILITE.
2444 566 2522 635 61

435 705 552 756 est.
588 686 890 784 Imperet
920 711 1188 785 asperas
1223 685 1545 759 tribunus
1578 685 2079 786 expeditioneS,
2112 688 2168 760 si
2201 716 2343 788 quo
2374 717 2534 763 ver-

435 800 569 872 tice
600 802 855 873 montis
876 801 1092 874 hostis
1115 800 1483 900 pellendus
1502 823 1635 891 est,
1656 801 1712 873 si
1741 802 1919 874 inter
1942 802 2223 877 infestos
2246 805 2531 877 armatis

430 915 647 988 saltus
676 915 1234 1015 speculandum:
1270 915 1499 996 saeviat
1541 915 1847 1015 denique
1887 917 1961 988 in
1993 938 2181 1017 terga
2222 919 2532 991 verberi·-

430 1031 596 1120 buS,
628 1030 850 1130 exigat
881 1031 1197 1103 servilem
1225 1030 1589 1130 plagarum
1625 1013 2070 1130 patientiam,
2104 1032 2266 1105 leno
2290 1033 2527 1127 etiam,

431 1145 643 1220 servis
686 1145 1022 1248 excipitur
1048 1158 1098 1235 ¹,
1134 1146 1416 1228 fortasse
1453 1144 1582 1216 hac
1619 1142 1774 1243 lege
1816 1146 2115 1244 captivos
2151 1146 2429 1220 vendes.
2460 1149 2533 1220 Si

431 1259 824 1332 meretricia
857 1259 1234 1358 imperatur
1266 1260 1630 1332 necessitas
1648 1316 1667 1349 ,
1696 1259 1751 1331 si
1781 1259 2108 1334 adversus
2137 1261 2531 1336 obscoenam

432 1375 576 1447 vim
621 1373 1035 1472 corruptoris
1083 1399 1277 1444 arma
1338 1393 1613 1445 tantum
1657 1375 2102 1448 contumeliae
2151 1402 2355 1449 causa
2406 1375 2535 1449 ha·-

432 1489 721 1577 hemus,
766 1487 995 1585 potius
1029 1507 1243 1558 castra
1280 1486 1675 1585 capiantur,
1719 1509 1786 1560 et
1828 1488 1973 1560 vim
2012 1490 2274 1562 tribuni
2323 1492 2533 1564 inter-

432 1603 644 1704 pellet
662 1602 1015 1677 Cimber-².
1050 1600 1247 1674 Nihil
1279 1602 1412 1675 tale
1441 1630 1692 1677 novere
1719 1606 2058 1678 Germani
2090 1628 2203 1698 3et
2228 1608 2532 1682 sanctius

431 1719 686 1791 vivitur
713 1716 802 1788 ad
825 1741 1193 1788 oceanum.

530 1830 968 1921 xv11.Quid
986 1832 1305 1903 futurum
1332 1851 1467 1922 est,
1500 1832 1901 1930 imperator,
1921 1833 1978 1905 si
2003 1832 2092 1907 ad
2116 1834 2533 1935 pudicitiam

433 1948 739 2034 militum
800 1946 1103 2047 pertinet
1152 1947 1335 2018 vinci
1375 1975 1389 2018 :
1449 1973 1542 2019 an
1608 1948 2015 2045 ignoramus
2041 2006 2059 2040 ,
2122 1951 2531 2048 imperator,

434 2049 694 2164 quanta
720 2062 1083 2163 quondam
1108 2061 1350 2161 populi
1379 2062 1649 2134 romani
1669 2064 1991 2136 exarserit
2003 2063 2277 2152 seditio,
2302 2091 2533 2161 quum

435 2207 515 2254 ex
545 2181 757 2253 domo
793 2179 1214 2252 foeneratoris
1244 2176 1575 2251 addictus
1622 2176 1850 2252 lacero
1895 2179 2295 2252 verberibus
2339 2200 2533 2279 tergo

432 2278 853 2397 prorupisset
880 2296 953 2367 in
984 2294 1350 2395 publicum
1368 2352 1388 2385 ,
1418 2314 1487 2366 et
1504 2294 1654 2366 illas
1672 2294 2177 2395 suppliciorum
2198 2316 2395 2368 notas
2417 2316 2534 2367 tu-

434 2412 590 2485 lisse
620 2440 691 2486 se
725 2433 1152 2512 quereretur,
1179 2410 1369 2512 quod
1396 2410 1539 2483 vim
1557 2411 1977 2511 corruptoris
1997 2412 2137 2512 pati
2162 2412 2535 2485 noluisset?

435 2530 527 2601 Et
566 2528 682 2600 ille
736 2549 1010 2617 tamen,
1045 2553 1480 2626 quamquam
1537 2526 1671 2599 hoc
1717 2526 2074 2627 ‘flagitium
2126 2549 2418 2600 conatus
2455 2528 2531 2601 in

437 2641 718 2716 addicto
746 2669 824 2714 ac
854 2668 1051 2741 paene
1075 2667 1266 2713 servo
1291 2699 1309 2732 ,
1345 2662 1413 2712 et
1432 2639 1539 2712 vix
1557 2639 1778 2712 libero
1793 2637 1847 2732 3,
1880 2639 2242 2712 videbatur
2269 2641 2533 2742 aliqua-

434 2783 637 2833 tenus
664 2785 938 2833 memor
960 2758 1173 2830 fuisse
1200 2782 1502 2830 romanae
1522 2754 1927 2847 sanctitatiS,
1956 2756 2080 2855 qui
2107 2757 2253 2829 vim
2275 2758 2534 2831 obscoe-

434 2873 797 2947 nissimam
844 2899 988 2944 non
1025 2891 1434 2966 tentaverat,
1483 2869 1615 2942 nisi
1651 2868 1974 2943 adversus
2018 2871 2334 2970 alligatas
2379 2901 2534 2947 ma-

434 3016 602 3062 nus:
633 3009 733 3061 eo·
758 3009 993 3060 tamen
1028 3013 1248 3085 usque
1293 2983 1536 3085 populi
1588 2985 1862 3058 romani
1909 2983 2209 3084 vindicta
2246 3012 2530 3085 proces-

436 3105 552 3197 sit,
591 3127 669 3178 ut
724 3103 1128 3177 ardentibus
1170 3101 1355 3175 bello
1404 3100 1702 3192 finibus,
1766 3100 1854 3174 ad
1920 3099 2268 3174 delectum
2318 3127 2530 3175 nemo

438 3221 921 3322 responderet,
971 3220 1108 3293 nisi
1155 3241 1222 3293 et
1261 3245 1464 3320 poena
1517 3217 1934 3320 corruptoris
1979 3237 2047 3291 et
2084 3217 2531 3318 abrogatione

518 3503 561 3539 1.
604 3488 747 3541 Leno
786 3488 944 3539 etiam
979 3488 1133 3540 servis
1170 3487 1439 3558 excipitur.
1521 3500 1591 3536 ue
1620 3501 1801 3537 servus
1829 3480 2064 3535 dicitnr?
2085 3508 2156 3520 —-
2178 3481 2298 3533 Hoee
2322 3499 2387 3533 ex
2411 3471 2530 3535 His-

437 3565 571 3618 vide
594 3579 774 3619 nostra
800 3563 871 3618 ad
890 3566 968 3619 M,
989 3566 1199 3619 Senecae
1222 3567 1442 3617 contro·
1497 3561 1625 3614 ¹tor.
1659 3563 1770 3615 Liv.
1807 3560 1899 3612 lib.
1933 3562 2011 3626 11,
2045 3577 2163 3631 cap.
2203 3559 2286 3613 23.
2325 3561 2532 3632 Nempe

436 3647 662 3699 versiam
684 3644 988 3698 secundam.
1013 3646 1182 3698 Gnou.
1522 3662 1686 3715 quum
1714 3642 1907 3697 seditio
1941 3640 2012 3695 ob
2042 3659 2111 3693 es
2145 3640 2378 3693 alienum
2413 3654 2530 3694 orta

511 3743 561 3778 2.
585 3726 889 3799 Interpellat
914 3727 1128 3780 Cimber.
1154 3723 1439 3798 Impediat,
1520 3735 1691 3788 esset,
1723 3734 1777 3774 et
1803 3723 2074 3774 Romanus
2099 3718 2328 3792 quidam
2345 3721 2403 3772 in
2428 3721 2530 3772 1³0·-
2619 3771 2626 3778 ,

437 3822 746 3859 remoretur.
795 3807 994 3873 Cesar,
1033 3805 1141 3859 Bel.
1180 3807 1291 3859 civ.
1332 3806 1440 3872 111,
1520 3818 1642 3853 rum
1684 3798 1970 3871 prodiisset
1989 3836 2008 3865 ‚
2047 3798 2327 3851 verberum
2372 3812 2533 3851 notas

437 3905 488 3939 e.
515 3885 612 3954 73:
645 3907 668 3931 κ
685 3885 802 3938 sive
825 3886 1040 3938 fortuna
1058 3898 1368 3957 praesentem
1385 3897 1442 3937 et
1520 3880 1698 3934 adhue
1727 3895 1966 3935 recentes
1996 3891 2269 3932 ostentans
2285 3916 2304 3945 ‚
2331 3880 2387 3932 in
2412 3893 2533 3932 tan-

442 3985 469 4011 ·
480 3969 593 4037 Jam
627 3978 837 4035 partam
869 3965 1145 4017 victoriam
1187 3962 1441 4037 interpel-
1520 3975 1635 4014 tum
1655 3962 1892 4015 furorem
1914 3977 2157 4014 exarsere
2169 3959 2348 4031 'plebis
2367 3963 2532 4014 animi

442 4044 578 4096 «let
599 4067 622 4091 ι
650 4046 744 4096 En.
1520 4045 1775 4100 adversus
1820 4046 2169 4097 foeneratores
2188 4080 2206 4108 ,
2247 4054 2308 4093 ut
2344 4059 2528 4097 omnes

509 4122 561 4174 3.
591 4122 666 4174 Ec
697 4122 786 4198 vix
818 4120 995 4174 libero.
1029 4122 1150 4174 Hac
1184 4135 1439 4195 corrupta
1518 4125 1716 4179 nomen
1748 4127 1804 4178 in
1840 4123 2105 4177 delectum
2141 4123 2267 4175 dare
2303 4141 2532 4193 negave-

435 4199 713 4256 videntur:
749 4199 879 4272 quid
909 4201 1049 4256 enim
1078 4218 1215 4272 opus
1242 4199 1440 4254 addere
1520 4208 1661 4274 rint,
1694 4208 1792 4260 etsi
1820 4205 2137 4257 Volscorum
2168 4205 2427 4258 exercitus
2458 4202 2530 4260 ud

440 4281 530 4333 vix
547 4277 732 4346 libem,
753 4279 848 4350 qui
867 4291 991 4334 ante
1012 4277 1248 4334 addictus
1265 4293 1319 4333 et
1339 4299 1442 4354 1)ae-
1520 4284 1720 4339 Urbem
1743 4296 2075 4360 properaret.
2100 4284 2195 4335 En.
2395 4291 2400 4294 “
