3200 5117
748 509 859 580 ι’»,
1234 505 1322 566 Μ.
1374 505 1618 567 fAsslt
1666 503 2304 584 QUINTlLtast

738 627 1109 696 necessaria
1153 651 1388 723 parare
1432 627 1824 720 continget:
1875 626 1930 695 si
1973 652 2174 708 vero,
2227 624 2399 693 dum
2449 623 2810 723 adjuvatur

738 771 1015 842 parens,
1051 741 1225 811 nihil
1260 743 1489 829 refert,
1520 742 1645 811 uhi
1672 743 1758 811 sit
1785 741 1934 827 ille,
1969 742 2087 837 qui
2115 740 2424 840 adjuvat,
2450 743 2614 837 quia
2641 768 2812 839 prae·

738 886 889 928 »ens
936 885 1099 928 cura
1144 857 1545 942 exhibetur;
1601 857 1944 954 quidquid
2001 856 2125 926 tibi
2170 883 2298 952 ego
2345 855 2664 953 praestiti,
2721 856 2811 925 ad

735 995 1085 1042 auctorem
1105 973 1435 1058 muneris,
1459 971 1530 1041 id
1546 994 1666 1055 est,
1685 972 1770 1041 ad
1790 970 2297 1067 redemptorem
2319 996 2560 1040 meum
2581 991 2813 1039 trans-

736 1086 1100 1156 ferendum
1147 1108 1265 1157 est.
1310 1089 1467 1157 Non
1514 1084 1766 1174 assedi,
1811 1110 1952 1154 non
1994 1083 2381 1155 consolatus
2423 1111 2617 1170 sum,
2665 1110 2808 1155 non

738 1200 1151 1286 ministravi,
1201 1227 1342 1270 non
1388 1199 1581 1285 tuli¹,
1628 1225 1770 1268 non
1815 1199 2114 1295 denique
2164 1220 2345 1268 totus
2387 1197 2512 1268 tibi
2555 1197 2802 1269 redivi:

732 1344 973 1388 verum
1010 1316 1373 1387 fatendum
1408 1338 1540 1402 est,
1576 1317 1630 1387 si
1667 1315 2004 1386 desertam
2040 1337 2103 1385 te
2137 1337 2337 1412 putas
2360 1369 2379 1402 ,
2416 1341 2573 1385 mea
2601 1315 2812 1412 culpa

737 1455 851 1504 est.

850 1549 1036 1618 XXI.
1085 1546 1219 1619 sed
1262 1548 1412 1647 jam
1465 1569 1735 1644 tempus
1769 1567 1865 1617 est
1913 1547 2072 1632 ista,
2117 1571 2272 1642 quae
2312 1572 2455 1615 non
2500 1567 2812 1617 excusata

738 1665 996 1735 debent
1021 1664 1264 1751 videri,
1297 1690 1533 1734 verum
1570 1663 1860 1762 pulchra
1888 1685 2094 1761 atque
2129 1662 2534 1759 magnifica,
2569 1662 2810 1732 animo

741 1781 996 1880 majore
1025 1779 1435 1867 defendere,
1470 1799 1535 1849 et
1566 1806 1790 1876 quum
1814 1779 2166 1879 judicium
2201 1798 2442 1874 agatur
2470 1776 2809 1874 exempli,

736 1893 1017 1964 tandem
1051 1921 1327 1964 causam
1363 1920 1566 1964 suam
1597 1893 1989 1987 intelligere.
2027 1894 2178 1963 Hoc
2213 1891 2453 1962 saltem
2487 1889 2809 1978 habebis»,

737 2007 1119 2079 miserrime
1152 2008 1281 2095 fili,
1307 2008 1495 2106 quod
1525 2006 1878 2079 honoratis
1901 2006 2301 2102 contingere
2322 2004 2682 2075 funeribus
2705 2030 2812 2073 so-

735 2122 859 2208 let,
899 2122 1268 2193 defunctus
1297 2121 1707 2192 laudaberis.
1751 2120 2016 2193 Omnia
2052 2120 2208 2191 licet
2239 2119 2376 2190 huc
2412 2144 2809 2189 revocemus

740 2237 1111 2334 praeterita,
1160 2256 1227 2307 et
1266 2237 1351 2306 ad
1398 2237 1743 2306 canendas
1791 2235 2002 2306 unius
2042 2234 2281 2305 laudes
2332 2232 2806 2303 universorum

736 2369 967 2419 vatum
996 2351 1540 2447 scriptorumque
1566 2377 1686 2420 ora
1712 2349 2171 2436 consentiant,
2197 2349 2420 2418 vincet
2441 2368 2676 2418 tamen
2705 2372 2809 2416 res

739 2463 860 2532 ista
885 2463 1076 2535 mille
1112 2464 1412 2562 linguas,
1444 2464 1802 2562 ipsamque
1827 2520 1844 2550 ,
1869 2465 1924 2534 si
1956 2465 2041 2534 sit
2061 2462 2294 2559 aliqua
2319 2487 2601 2558 corpore
2625 2487 2768 2532 uno
2785 2516 2804 2546 ‚

736 2577 1137 2648 facundiam
1162 2577 1444 2648 materia
1467 2578 1844 2676 superabit,
1872 2577 2080 2646 etiam
2102 2576 2155 2645 si
2177 2573 2358 2644 nihil
2385 2573 2619 2644 dixero
2636 2631 2654 2661 ,
2678 2572 2808 2643 nisi

735 2693 921 2790 quod
968 2693 1313 2793 objectum
1360 2714 1478 2764 est.
1519 2696 1782 2764 Lucem
1827 2691 2351 2786 libertatemque
2397 2687 2576 2787 patri
2625 2686 2807 2756 filius

737 2811 1064 2896 reddidit,
1101 2834 1200 2899 et,
1227 2812 1412 2910 quod
1448 2833 1602 2884 ante
1638 2812 2033 2883 inauditum
2064 2833 2195 2897 est,
2226 2811 2444 2908 magis
2476 2836 2587 2880 me
2616 2835 2808 2881 ama-

738 2927 865 3014 vit,
896 2952 1106 3024 quam
1136 2927 1423 2998 vellem:
1459 2928 1802 3023 ingressus
1838 2946 1937 2995 est
1971 2927 2183 2995 maria
2202 2939 2252 3012 ²,
2280 2926 2352 2994 in
2387 2923 2644 3023 quibus
2657 2923 2804 3022 jam

739 3041 1162 3112 minimum³
1191 3043 1485 3140 periculi
1506 3063 1871 3139 tempestas
1892 3042 2127 3130 habet,
2165 3062 2230 3112 et
2263 3040 2449 3136 quod
2480 3041 2655 3111 inter
2684 3040 2810 3110 ista

738 3155 1243 3227 difficillimum
1271 3178 1403 3246 est,
1430 3183 1663 3228 amore
1691 3157 1827 3226 mei
1852 3156 2011 3227 vicit
2037 3156 2240 3225 etiam
2271 3177 2562 3225 matrem
2585 3181 2801 3225 suam.

738 3271 956 3360 Tace,
1001 3271 1263 3341 nefaria
1308 3269 1587 3366 lingua,
1638 3296 1796 3366 ergo
1840 3290 1911 3340 tu
1962 3269 2086 3340 ista
2127 3268 2406 3341 laudes?
2446 3268 2700 3340 obtulit
2739 3295 2808 3339 se

739 3385 1138 3481 captivitati,
1171 3385 1333 3481 quia
1360 3385 1617 3456 sciebat
1648 3412 1849 3482 grave
1875 3413 2015 3458 esse
2043 3385 2346 3482 alligari3
2378 3384 2578 3456 malis
2603 3385 2811 3481 patris

739 3499 1096 3570 successit:
1144 3500 1326 3570 subit
1367 3500 1591 3571 libens
1629 3528 1902 3598 poenam
1939 3503 2155 3599 pietas
2200 3500 2408 3571 etiam
2448 3499 2810 3571 sceleribus

818 3751 859 3784 ι.
885 3735 1007 3785 Non
1034 3734 1144 3786 tuli.
1168 3736 1291 3786 Non
1317 3739 1520 3806 portavi
1544 3750 1625 3801 te,
1648 3757 1733 3790 ex·
1811 3761 1880 3793 na
1905 3742 2125 3807 locutio,
2144 3744 2328 3812 Hecyr.
2349 3742 2444 3804 ΠΙ,
2465 3758 2536 3791 sc.
2560 3738 2623 3804 4:
2649 3740 2813 3790 «Nes-

738 3815 896 3885 plieat
912 3818 1206 3869 Aucenoius.
1226 3816 1385 3885 Quod
1405 3835 1514 3869 non
1528 3819 1734 3872 videtur
1819 3841 1839 3864 ιι
1860 3822 1935 3871 cis
1983 3819 2110 3891 quid
2157 3819 2280 3870 mali
2325 3818 2634 3889 praeterieris
2653 3854 2670 3882 ,
2722 3817 2812 3886 qui

739 3894 823 3945 hic
854 3896 1130 3945 convenire
1147 3932 1163 3958 ,
1193 3913 1292 3964 ego
1320 3894 1529 3947 mallem
1552 3896 1733 3948 subin·
1819 3919 1839 3942 ι
1863 3916 2146 3969 numquam
2189 3917 2243 3949 es
2291 3900 2556 3968 ingressus
2600 3913 2762 3947 mare.
2783 3917 2806 3940 υ

738 3974 992 4046 rolliger-e,
1008 3994 1113 4028 non
1132 3976 1227 4028 tuli
1241 3995 1469 4028 manum.
1487 3979 1621 4029 Nam
1639 3996 1731 4029 su·
1811 3977 2043 4029 Declam.
2067 3978 2308 4029 CCLvu:
2339 3999 2362 4023 σι
2382 3979 2492 4046 Ego
2513 3973 2811 4047 periculosa

738 4075 831 4126 pra
846 4056 1049 4127 plenius
1061 4056 1170 4109 haec
1186 4059 1410 4110 efferens
1426 4058 1582 4122 dixit,
1600 4060 1733 4111 cibos
1819 4079 1841 4102 ι
1861 4057 2025 4107 maria
2047 4058 2310 4126 ingressus
2335 4074 2466 4107 sum.
2490 4078 2513 4103 ιι

739 4138 1729 4213 ministrare,manumporriqere.Bunu.
1883 4137 1931 4188 3.
1967 4137 2091 4187 Jam
2127 4135 2425 4187 minimum.
2447 4133 2580 4186 vide
2614 4130 2680 4185 nd
2706 4133 2812 4185 De-

811 4234 856 4268 a.
882 4219 1140 4289 Inqreuus
1160 4229 1233 4272 est
1253 4220 1434 4270 maria.
1459 4219 1734 4270 Terentia·
1812 4215 2112 4267 clamation.
2137 4216 2212 4281 11,
2235 4233 2317 4285 pr.
