3200 5117
1089 576 1600 640 ExcERPTA.
2264 581 2383 661 427

310 702 411 772 M.
429 699 622 790 Quid
643 720 763 787 est,
789 718 1015 797 patres
1041 698 1433 799 conscripti,
1464 697 1680 785 aliud,
1707 715 2002 767 matrem
2027 695 2389 788 dimittere,

311 842 523 913 quam
576 840 718 885 non
771 812 998 883 filium
1054 812 1254 884 esse?
1300 839 1508 883 nemo
1555 833 1776 911 potest
1826 831 1895 883 et
1938 811 2289 884 dimittens
2327 833 2393 883 et

313 929 494 1001 filius
542 954 704 1001 esse.
735 928 936 997 —P.
986 930 1204 1015 Sane,
1252 925 1305 996 si
1349 926 1616 997 alienus
1652 947 1784 1013 est,
1832 925 2107 1025 sepeliri
2161 927 2387 999 debet.

310 1045 521 1114 -M.
552 1043 764 1142 Atqui
803 1068 1056 1113 manus
1090 1067 1231 1112 non
1264 1039 1543 1112 addam.
1569 1084 1667 1095 -
1689 1042 1770 1112 P.
1804 1040 1937 1113 Sed
1968 1068 2095 1113 nec
2129 1063 2389 1114 nostras

312 1157 731 1257 prohibebis.
754 1201 853 1212 -—
879 1160 981 1229 M.
1017 1155 1214 1247 Quid
1250 1156 1548 1246 nutatis,
1573 1156 1890 1256 judices?
1918 1156 2221 1228 filiorum
2258 1184 2392 1228 no-

312 1274 495 1346 vistis
519 1273 902 1363 levitatem3
933 1272 1060 1344 nisi
1092 1272 1301 1344 istum
1330 1287 1345 1317 ¹
1384 1272 1815 1344 vindicatum
1842 1273 1956 1363 sit,
1989 1272 2391 1344 maternitas

313 1389 608 1488 peribit:
645 1389 967 1488 pretium.
994 1389 1195 1460 -Ρ,
1233 1390 1516 1479 Nonne,
1548 1387 1856 1489 judiceS,
1899 1413 2141 1459 omnes
2170 1406 2393 1486 patres

315 1503 514 1575 estis?
546 1505 814 1576 Omnes
860 1503 1244 1603 piraticari²
1280 1503 1587 1603 potestis;
1633 1504 1767 1575 nisi
1814 1502 1957 1575 haec
2005 1502 2391 1602 redemptio

317 1640 493 1692 recta
519 1620 631 1710 sit,
658 1621 902 1692 frustra
926 1620 1302 1720 generatis3
1332 1620 1583 1693 frustra
1606 1619 1786 1692 filios
1814 1618 2078 1691 habetis
2104 1645 2117 1688 :
2147 1617 2395 1717 peribit

315 1738 521 1810 totius
552 1737 701 1811 vitae
730 1738 921 1810 ratio.

319 2037 371 2053 Ἃ
379 2038 561 2058 Μ
568 2040 751 2058 mm
757 2039 1043 2059 mmm
1050 2039 1528 2058 mmmmzm
1536 2038 1908 2057 mmm
1916 2033 2398 2056 mmmmm-

704 2261 1361 2338 TORMENTA
1422 2260 2005 2338 PAUPERIS.

907 2583 914 2590 .
1015 2535 1709 2595 ARGUMENTUM.

325 2693 564 2773 Pauper
607 2706 666 2751 et
708 2692 874 2753 dives
915 2694 1172 2753 inimici.
1211 2694 1475 2774 Pauperi
1511 2706 1641 2752 erat
1682 2691 1866 2752 filius·
1904 2695 2094 2753 Nocte
2130 2692 2400 2774 quadam

403 2810 636 2871 pauper
673 2809 813 2848 cum
855 2787 986 2848 filio
1031 2785 1468 2849 revertebatur.
1509 2784 1869 2848 Interfectus
1911 2802 1998 2848 est
2034 2788 2401 2848 adolescenS.

403 2885 606 2946 Offert
627 2905 688 2946 se
709 2906 944 2969 pauper
967 2886 1032 2944 in
1057 2900 1394 2961 tormenta,
1415 2885 1583 2966 quod
1608 2888 1684 2946 sit
1704 2908 1738 2945 a
1764 2885 1952 2945 divite
1978 2887 2399 2967 interemptus

399 2984 583 3043 Dives
605 2981 831 3065 exlege
854 2983 1237 3044 contradicit.
1274 2983 1447 3062 (Vid.
1473 2982 1750 3045 Declam.
1773 2984 1929 3061 Vll.)

423 3213 716 3310 Pauper.
768 3212 1033 3302 Sentio,
1061 3211 1371 3314 judices,
1402 3210 1674 3282 casibus
1701 3209 1876 3282 meis
1910 3210 1978 3281 id
2009 3208 2403 3296 accrevisse,

329 3346 405 3394 ut
448 3350 578 3395 nec
608 3324 937 3397 vindicari
987 3325 1184 3398 dolor
1226 3346 1475 3423 queat,
1511 3323 1643 3395 nisi
1684 3349 1900 3396 saevus
1931 3322 2192 3410 videar;
2243 3342 2311 3393 et
2348 3321 2406 3392 si

329 3439 481 3511 talis
522 3441 750 3530 fuero,
794 3440 1185 3538 plurimum
1215 3439 1719 3539 calamitatibus
1755 3440 1927 3511 meis
1958 3436 2408 3509 miserationis

329 3555 654 3655 deperire.
701 3559 842 3626 Vos
884 3577 1157 3644 autem,
1192 3556 1366 3656 quid
1402 3584 1579 3647 non,
1616 3582 1757 3655 quo
1786 3554 2040 3627 talione
2078 3580 2405 3653 arguam,

328 3670 817 3743 considerate-³:
851 3699 1322 3773 percussorem
1366 3672 1487 3744 filii
1535 3671 1675 3743 mei
1708 3670 1939 3743 video:
1978 3670 2242 3742 facinus
2273 3695 2410 3740 ves-

405 3902 447 3936 1.
474 3888 638 3939 Istum
667 3888 987 3940 vindicatum
1009 3889 1090 3941 sit.
1109 3890 1233 3942 Non
1253 3891 1326 3941 vi·
1477 3888 1527 3939 3.
1559 3887 1660 3940 Vos
1681 3899 1855 3940 autem
1884 3888 2014 3958 quid
2044 3902 2179 3950 vion,
2202 3901 2304 3956 quo
2328 3895 2409 3935 ta-

329 3965 430 4018 deo
465 3968 735 4040 quomodo
768 3987 826 4022 se
861 3968 1094 4030 habeam
1133 3983 1325 4042 quarto
1406 3969 1547 4019 lione
1600 3985 1849 4040 arguam,
1905 3967 2234 4018 considerate.
2287 3966 2410 4016 Non

329 4066 454 4100 casu
481 4051 650 4120 posita
673 4072 686 4099 :
712 4050 888 4101 malim
914 4052 1074 4117 istud,
1107 4066 1205 4103 etc.
1231 4053 1323 4103 En.
1405 4048 1518 4100 baec
1551 4046 1692 4100 bene
1732 4049 1803 4099 ita
1840 4047 2206 4118 intelliguntur
2232 4068 2243 4096 :
2288 4044 2410 4096 ideo

402 4144 448 4177 2.
491 4128 784 4180 Piraticari.
827 4130 1142 4181 Inusitatum
1185 4144 1327 4182 certe
1407 4131 1707 4201 praeferrem
1744 4128 1899 4181 aliam
1931 4128 2413 4198 interpunctionem

330 4204 573 4273 verbum,
594 4205 770 4278 quod,
786 4221 844 4258 ut
857 4222 990 4278 puto
1003 4247 1018 4274 ,
1045 4207 1328 4278 significat,
1410 4210 1514 4262 hoc
1538 4209 1701 4261 modo
1721 4233 1731 4261 :
1765 4233 1787 4255 κ
1804 4212 1912 4262 Vos
1928 4223 2105 4260 autem
2124 4205 2282 4278 quid,
2301 4224 2414 4257 non

333 4303 358 4334 a
385 4285 562 4356 piratis
590 4287 722 4357 capi.
751 4288 840 4337 Fu».
1418 4312 1438 4334 a
1461 4306 1570 4358 quo
1596 4288 1818 4355 talione,
1840 4305 2054 4358 arguam
2073 4326 2087 4340 .
2112 4283 2412 4337 considera-
