3200 5117
809 573 926 614 xxx
1338 554 1806 619 EDITORIS
1852 553 2343 617 PRAEFATIO

808 675 1015 738 veteri
1042 697 1192 738 meo
1218 676 1604 762 exemplari,
1632 693 1772 739 tum
1799 698 1877 739 ex
1906 675 2266 740 doctissimi
2295 678 2483 741 Fabri
2509 679 2716 743 nostri
2742 701 2894 742 con·

801 779 1059 868 jectum
1085 782 1527 846 restituendus
1559 799 1676 845 est.

900 889 1200 952 Praefatio
1223 912 1352 952 non
1379 888 1589 951 solum
1610 904 1783 950 extra
1803 887 2312 951 controversiam
2327 937 2342 965 ,
2368 886 2479 952 sed
2501 887 2693 951 etiam
2718 904 2898 953 extra

806 1015 1179 1056 sermonem
1203 995 1666 1057 controversiae
1690 995 1833 1056 fuit.
1863 992 2127 1070 Fabius,
2155 995 2311 1057 lust.
2330 993 2441 1057 lib.
2459 996 2614 1056 Vm
2632 1041 2648 1069 ,
2671 1018 2812 1080 cap.
2835 995 2895 1075 3,

812 1092 868 1184 S.
901 1099 971 1161 31
1002 1124 1015 1160 ι
1055 1127 1080 1155 c<
1110 1102 1265 1163 Nam
1294 1101 1558 1164 memini
1579 1100 1843 1189 juvenis
1869 1099 2228 1163 admodum
2256 1101 2425 1163 inter
2455 1100 2898 1188 Pomponium

816 1231 842 1259 α
869 1220 934 1267 et
983 1205 1299 1269 Senecam
1348 1205 1540 1270 etiam
1596 1205 2092 1292 praefationibus
2142 1227 2282 1268 esse
2338 1221 2679 1269 tractatum
2703 1253 2718 1279 ,
2772 1227 2855 1267 an
2877 1254 2895 1284 ‚

816 1339 842 1368 ι
867 1311 1114 1374 Gradus
1138 1312 1442 1388 eliminat,
1474 1312 1654 1400 apud
1688 1313 1949 1376 Accium
1977 1313 2042 1375 in
2071 1312 2384 1400 tragoedia
2415 1308 2539 1374 dici
2571 1313 2898 1398 oportuis—

814 1446 840 1474 α
865 1436 982 1480 set.
1011 1448 1035 1476 υ
1069 1419 1139 1480 C.
1171 1420 1445 1496 Plinius&
1472 1418 1583 1482 lib.
1611 1420 1721 1496 lv,
1750 1419 1938 1505 epist.
1974 1442 2066 1494 11,
2095 1416 2152 1505 §.
2186 1422 2289 1497 14,
2319 1416 2402 1479 de
2434 1418 2685 1481 Licinio
2710 1417 2900 1480 Vale-

805 1523 1091 1588 leriauo:
1128 1555 1152 1581 u
1179 1528 1258 1589 Et
1282 1524 1367 1589 de
1396 1526 1655 1589 fortuna
1683 1524 2178 1612 praefationibus
2205 1548 2272 1586 se
2301 1522 2607 1587 vindicat.
2634 1552 2660 1580 n

895 1635 1281 1710 Alter-catio,
1321 1635 1506 1722 cujus
1549 1650 1872 1720 pra-cepta
1914 1630 2110 1696 tradit
2146 1633 2300 1696 Fah.
2336 1632 2446 1695 lib.
2481 1633 2605 1710 Vl,
2639 1654 2779 1718 cap.
2824 1630 2896 1707 5,

811 1754 946 1801 tota
992 1738 1147 1801 mihi
1189 1737 1451 1802 videtur
1489 1738 1615 1801 fori
1655 1737 1873 1824 potius
1911 1759 2087 1814 esse,
2117 1759 2314 1824 quam
2345 1735 2622 1799 scholae:
2656 1749 2730 1798 ut
2764 1757 2901 1798 non

809 1844 1139 1909 immerito
1186 1861 1562 1930 suspectum
1613 1843 1890 1906 babeam
1916 1893 1932 1918 ,
1969 1840 2147 1930 quod
2195 1840 2513 1928 Rodolph.
2556 1840 2856 1927 Agricola
2882 1889 2898 1917 ,

807 1949 919 2014 lib.
951 1953 1077 2030 ΙΙΙ,
1111 1951 1195 2014 de
1230 1953 1484 2014 invent.
1517 1950 1678 2013 Dial.
1712 1972 1765 2012 c,
1810 1948 1914 2028 15,
1948 1965 2013 2011 et
2049 1947 2159 2012 lib.
2201 1950 2290 2024 11,
2327 1972 2381 2010 c,
2425 1970 2527 2025 12,
2556 1950 2760 2038 jactat
2789 1946 2906 2012 ha-

805 2056 967 2120 bere
1002 2080 1070 2122 se
1108 2061 1196 2120 M.
1238 2056 1416 2120 Fabii
1454 2056 1968 2119 Altercationum
2002 2055 2239 2119 librum
2271 2078 2509 2132 unum,
2547 2077 2744 2142 quem
2776 2078 2902 2142 ego

806 2160 1231 2249 Antiphontis
1259 2161 1497 2225 librum
1531 2160 1764 2225 eodem
1788 2161 1940 2250 jure
1968 2158 2274 2239 dixerim,
2308 2183 2440 2249 quo
2467 2161 2680 2225 Gallio
2714 2177 2907 2250 pater

805 2266 1090 2332 Othonis
1128 2268 1309 2331 Junii
1353 2268 1555 2332 libros
1596 2270 1929 2332 Colorum.
1969 2271 2383 2356 Quamquam
2421 2269 2556 2332 scio
2594 2268 2903 2333 habuisse

810 2396 946 2437 non
981 2372 1278 2438 rhetores
1316 2373 1553 2452 modo,
1590 2375 1708 2439 sed
1748 2392 1814 2438 et
1852 2393 2143 2438 oratores
2177 2376 2353 2462 ipsos
2391 2376 2686 2439 locorum
2722 2397 2902 2437 com-

811 2480 1114 2544 munium
1158 2483 1700 2559 commentarios,
1740 2499 1812 2545 ut
1849 2483 2233 2545 Ciceronem
2271 2481 2336 2543 in
2371 2482 2560 2558 vitia,
2606 2483 2904 2570 itemque

807 2589 1285 2673 prooemiorum
1310 2588 1448 2650 sive
1477 2587 1817 2650 initiorum
1842 2588 2153 2651 volumen
2180 2610 2216 2649 a
2242 2587 2645 2668 Quintiliano
2671 2584 2903 2650 lauda-

808 2712 989 2768 tum,
1034 2696 1220 2783 cujus
1265 2696 1405 2781 ipse
1447 2695 1560 2758 lib.
1611 2697 1802 2772 xv1‚
1855 2696 2044 2781 epist.
2092 2693 2173 2757 ad
2229 2695 2511 2758 Atticum
2557 2693 2904 2772 meminit,

808 2803 1112 2891 exemplo
1141 2803 1388 2868 scilicet
1419 2803 1903 2867 Demosthenis
1936 2805 2102 2865 Nam
2140 2802 2279 2890 ejus
2312 2819 2563 2866 exstant
2586 2804 2907 2883 δημηγορικοὶ

809 2916 1047 2990 προοίμια
1069 2912 1210 3001 ejus
1235 2912 1524 2998 generiS,
1547 2909 1727 3001 quod
1751 2934 1785 2974 a
1807 2910 2095 2999 Sulpicio
2119 2911 2382 2974 Victore
2405 2926 2469 2974 et
2494 2911 2904 2999 Hieronymo

808 3017 1170 3102 galeatum,
1202 3015 1284 3082 ab
1313 3017 1453 3080 aliis
1486 3016 1756 3103 vulgare
1793 3013 2051 3079 dicitur.
2097 3015 2492 3104 Hujusmodi
2529 3016 2720 3080 etiam
2761 3015 2909 3078 fue-

810 3140 965 3187 runt
992 3126 1069 3206 Q.
1101 3124 1434 3188 Hortensii
1463 3123 1592 3187 loci
1618 3144 2033 3199 communes,
2067 3139 2133 3185 et
2162 3123 2433 3186 Domitii
2464 3124 2601 3187 Afri
2634 3121 2718 3187 de
2742 3122 2907 3186 Tes-

814 3228 987 3291 tibus
1017 3229 1163 3293 libri
1196 3228 1329 3294 duo
1359 3227 1534 3318 apud
1569 3226 1880 3293 eumdem
1915 3228 2426 3311 Quintilianum,
2461 3229 2575 3293 lib.
2614 3231 2709 3306 11,
2747 3250 2803 3291 c.
2840 3251 2861 3292 1
2887 3276 2905 3306 ,

813 3350 881 3398 et
902 3333 1013 3397 lib.
1032 3337 1111 3410 V,
1135 3357 1190 3399 e.
1218 3359 1275 3423 7,
1300 3352 1363 3399 et
1387 3336 1477 3399 illi
1501 3337 1625 3424 ipsi
1648 3337 1944 3402 colorum
1965 3334 2245 3400 Othonis
2265 3338 2300 3400 J
2310 3337 2444 3399 unii
2468 3357 2633 3425 quos
2652 3337 2907 3400 Seneca

811 3439 1064 3504 irridet.
1109 3441 1237 3506 Sed
1278 3457 1344 3505 et
1385 3443 1678 3530 pericula
1716 3442 1825 3506 illa
1868 3444 2342 3507 sententiarum
2378 3442 2553 3529 apud
2591 3439 2905 3519 Fabium,

813 3547 924 3610 lib.
959 3549 1057 3624 11,
1093 3572 1148 3613 c.
1187 3571 1207 3610 1
1232 3571 1252 3612 ι
1276 3600 1292 3628 ,
1331 3566 1398 3613 et
1425 3550 1537 3613 lib.
1572 3552 1665 3627 X,
1702 3570 1757 3613 c.
1797 3572 1847 3613 1.
1890 3552 1970 3615 Et
2006 3550 2326 3627 codicilli,
2368 3552 2504 3615 sive
2537 3549 2904 3627 manualia,

818 3677 1100 3742 quorum
1128 3656 1386 3719 Paullus
1412 3658 1705 3745 AEgineta
1726 3656 1793 3720 in
1820 3658 2205 3744 proefatione
2227 3656 2554 3736 meminit,
2578 3672 2645 3720 et
2664 3654 2907 3719 Fabius

816 3761 957 3850 ipse
998 3761 1123 3826 sub
1164 3761 1365 3826 finem
1401 3763 1513 3828 lib.
1554 3767 1632 3828 X.
1673 3765 1849 3847 Quin
1889 3780 1956 3828 et
1997 3767 2180 3854 pueri
2221 3766 2343 3854 ipsi
2381 3763 2906 3828 Commentarios

819 3889 971 3933 suos
1005 3867 1412 3935 habuerunt:
1440 3872 1507 3935 in
1534 3895 1701 3960 quos
1736 3894 1811 3936 ea
1844 3889 2306 3961 congererent,
2336 3893 2484 3959 quae
2515 3871 2657 3936 aliis
2688 3869 2905 3933 decla-

816 3974 1147 4040 mantibus
1171 3975 1432 4042 laudata
1459 3995 1704 4058 essent,
1735 3995 1806 4043 ut
1828 3980 1918 4043 ait
1941 3977 2116 4041 idem
2144 3977 2411 4056 Fabius,
2441 3976 2553 4040 lib.
2583 3977 2664 4039 Π.

906 4083 1427 4150 Declamationes
1451 4102 1567 4150 aut
1594 4102 1747 4151 sunt
1770 4087 2121 4164 Tractatae,
2148 4101 2260 4148 aut
2289 4084 2641 4149 Coloratae:

908 4192 1007 4253 An
1044 4190 1398 4273 Tractatae,
1439 4211 1586 4281 quae
1620 4193 1969 4281 aliquoties
2021 4207 2307 4257 tractatoe
2350 4190 2557 4254 sunt?
2596 4204 2672 4252 ut
2719 4183 2902 4275 apud
