3200 5117
558 642 766 708 DEC.
813 641 1007 706 XIX.
1055 639 1446 704 INFAMIS
1496 640 1592 702 IN
1640 637 2086 719 MATREM,
2128 641 2212 704 11.
2309 638 2432 722 405

335 761 459 837 nis'
485 763 607 840 ora
639 767 928 840 diducis.
964 769 1139 838 Puta
1165 793 1278 838 me
1306 766 1438 838 hoc
1467 765 1700 836 solum
1730 766 1991 853 dicere,
2035 792 2116 837 ex
2146 766 2436 838 maximi

333 881 662 955 facinoris
713 883 1196 956 cunctatione¹
1246 881 1563 967 venienS,
1604 880 1774 978 quid
1819 879 2209 972 audierim,
2256 908 2439 954 non-

336 992 508 1066 dum
542 996 720 1067 scio:
756 1016 936 1067 totus
969 995 1200 1065 adhuc
1240 1020 1399 1063 sum
1428 993 1499 1063 in
1539 991 1909 1092 parricidio
1943 1020 2103 1066 meo
2122 1024 2140 1082 ;
2182 1016 2249 1066 et
2281 1014 2439 1093 post

334 1133 638 1182 mortem
677 1109 864 1181 unici
900 1108 1171 1197 omnia,
1208 1107 1464 1204 quibus
1492 1106 1860 1196 laceratuS,
1893 1106 2156 1179 occisus
2192 1128 2319 1198 est,
2360 1108 2436 1179 in

335 1226 663 1297 animum
697 1252 940 1297 meum
968 1245 1312 1296 tormenta
1346 1223 1736 1294 redierunt:
1779 1245 1880 1295 est
1913 1224 2203 1320 quidem
2238 1224 2447 1296 diffi-

335 1340 500 1431 cile,
535 1362 616 1412 ut
646 1339 954 1440 aliquem
995 1340 1148 1448 Pati.
1181 1337 1522 1437 pudorem
1560 1337 1906 1436 parricida
1939 1338 2290 1430 videatur;
2322 1366 2455 1413 vem

336 1477 733 1527 rumtamen
768 1476 1079 1555 stupore,
1109 1453 1415 1525 amentia
1435 1511 1454 1539 ,
1490 1473 1554 1524 et
1587 1453 1862 1524 silentio
1888 1453 1961 1523 in
1993 1454 2282 1528 orbitate
2307 1454 2439 1527 de-

332 1571 506 1643 feci:
544 1574 768 1644 ablata
808 1593 909 1644 est
951 1572 1128 1642 mihi
1177 1570 1503 1642 omnium
1546 1569 1919 1641 verborum
1954 1570 2157 1661 fides,
2206 1572 2438 1645 omnis

333 1687 675 1758 sermonis
713 1687 1112 1759 auctoritas:
1155 1713 1284 1758 nec
1324 1685 1536 1757 habet
1579 1712 1861 1757 causam
1904 1686 2276 1785 loquendi,
2322 1689 2436 1760 cui

336 1827 477 1872 non
511 1822 731 1899 potest
763 1800 971 1874 credi.

438 1918 592 1988 ΧΠ.
655 1917 947 2006 Desine,
1003 1918 1298 2008 mulier,
1358 1918 1833 2017 interrogare:
1888 1918 2165 2008 filium,
2218 1946 2434 2018 quem

332 2030 588 2104 occidit
632 2053 859 2131 pater,
901 2059 1031 2105 nec
1066 2033 1452 2124 absolvere,
1500 2061 1629 2105 nec
1664 2060 1987 2105 accusare
2015 2033 2164 2133 jam
2200 2033 2433 2106 debet.

331 2145 568 2236 Quid,
611 2148 881 2246 inquit,
930 2147 1134 2238 dixit,
1167 2176 1393 2245 quum
1425 2147 1820 2220 occideres?
1847 2149 2179 2219 Miseram
2206 2149 2434 2246 parri-

332 2261 497 2334 cidii
525 2262 1035 2354 innocentiam,
1063 2265 1254 2362 quod
1284 2264 1417 2335 hoc
1445 2267 1726 2336 me'non
1755 2285 2088 2363 potestas,
2116 2291 2261 2335 non
2292 2292 2435 2336 ma-

331 2377 695 2474 gistratuS,
735 2408 875 2453 non
927 2382 1367 2480 propinquus
1410 2380 1698 2479 aliquis,
1744 2408 1888 2452 non
1934 2380 2241 2468 amicuS,
2285 2408 2431 2452 non

334 2490 771 2594 ille-semper
815 2496 1070 2593 loquax
1124 2497 1424 2596 populus
1473 2523 1553 2568 ac
1599 2497 1956 2594 malignus
2004 2497 2430 2596 interrogat:

333 2607 715 2702 quiescitiS,
754 2611 1031 2682 tacetis:
1071 2637 1185 2681 me
1226 2610 1617 2681 infelicem!
1655 2610 2009 2709 numquid
2048 2611 2234 2683 scitis
2281 2638 2434 2685 om-

332 2720 500 2792 nes?
521 2724 699 2794 Puta
720 2751 866 2812 me,
892 2724 1182 2813 mulier,
1212 2724 1344 2795 hoc
1370 2724 1500 2794 tibi
1533 2725 1981 2822 respondere,
2012 2753 2154 2797 non
2174 2725 2434 2801 habent

335 2835 774 2911 incredibilia
827 2840 1068 2911 vocem
1109 2868 1122 2910 :
1174 2840 1494 2938 quaedam
1541 2840 1811 2939 majora
1852 2864 2046 2930 sunt,
2092 2870 2306 2939 quam
2354 2864 2435 2916 ut

334 2950 452 3023 illa
480 2954 705 3051 capiat
732 2955 986 3027 modus
1016 2955 1357 3027 sermonis
1385 2953 1707 3025 humani.
1752 2957 1864 3025 Tu
1893 2981 2053 3025 vero
2083 2954 2281 3027 crede
2314 2957 2451 3028 ni‘-.

329 3069 435 3142 hil
490 3070 686 3142 aliud
728 3072 944 3144 fuisse
991 3099 1208 3171 quam
1255 3072 1566 3142 furorem
1608 3098 1623 3141 :
1676 3070 2009 3143 insanisse
2055 3098 2169 3141 me
2211 3095 2430 3169 puta-5

331 3185 687 3276 videbam,
736 3216 890 3286 quae
925 3216 1068 3262 non
1110 3188 1407 3287 fiebant3
1438 3188 1851 3277 audiebam,
1888 3214 2040 3284 quae
2075 3213 2284 3259 nemo
2324 3187 2457 3259 di*-

333 3300 572 3372 cebat:
622 3301 753 3374 hoc
789 3303 1015 3375 solum
1060 3331 1204 3376 non
1257 3301 1671 3374 insanientis
1712 3299 1962 3387 habui,
1998 3300 2186 3397 quod
2236 3322 2431 3373 tace-

334 3413 522 3485 bam.
570 3415 791 3514 Finge
829 3443 944 3489 me
975 3417 1425 3518 respondere,
1465 3415 1649 3487 nihil
1685 3414 1886 3505 dixit,
1933 3414 2113 3485 nihil
2159 3414 2431 3488 locutus

334 3549 485 3624 est-3
536 3556 679 3601 non
715 3531 988 3604 credis?
1032 3534 1225 3631 atqui
1273 3533 1499 3605 multo
1539 3531 1779 3602 minus
1823 3528 2205 3618 creditura,
2254 3530 2433 3629 quid

335 3640 603 3715 dixerit.
641 3645 934 3743 Accipe,
974 3645 1261 3733 mulier,
1304 3645 1587 3716 brevem
1625 3670 2004 3743 veramque
2045 3643 2432 3737 rationem,

335 3781 459 3827 cur
485 3757 559 3828 in
590 3758 964 3857 quaestione
988 3758 1265 3860 juvenis
1303 3759 1578 3833 occisus·
1609 3779 1749 3832 est:
1789 3758 2243 3857 torquebam,
2298 3784 2430 3830 nec

411 3979 455 4014 1.
494 3964 846 4019 cunctatione.
878 3970 1047 4039 Lege,
1082 3987 1338 4042 percunc-
1417 3968 1771 4034 cunctatione,
1800 3967 1883 4020 vel
1921 3969 2251 4019 convictione
2283 3966 2427 4038 lege-

334 4043 560 4110 tationc,
586 4047 698 4110 vel,
730 4051 1136 4119 percontatione.
1170 4051 1337 4103 Grion.
1417 4047 1527 4099 bat.
1558 4047 2021 4118 Conjuncmtione,
2051 4045 2197 4098 Leid.
2232 4065 2336 4100 sec.
2374 4060 2430 4100 et

331 4126 640 4180 Etmaxt’me
645 4128 908 4200 facinoris
920 4130 1050 4201 quid
1059 4132 1335 4198 audierim,
1413 4128 1567 4178 Voss.
1589 4145 1695 4179 sec.
1718 4144 1817 4196 pro
1839 4144 1945 4197 quo
1965 4129 2284 4197 conjicerem
2301 4146 2426 4181 con-

333 4208 538 4260 omissie
575 4209 790 4280 reliquis
822 4213 912 4263 W.
941 4215 1094 4264 Voss.
1172 4231 1213 4263 r.
1252 4213 1338 4264 Ex
1399 4206 1716 4278 jectastone,
1739 4206 1839 4257 nisi
1856 4205 1961 4257 hoc
1980 4207 2097 4277 ipso
2120 4204 2425 4260 detrahere·

331 4280 563 4331 maximo
593 4279 840 4351 facinore
878 4282 1008 4354 quid
1046 4231 1299 4336 auger-'m
1314 4322 1343 4350 ,0
1418 4298 1502 4336 tur
1531 4284 1705 4337 verbis
1736 4286 1900 4355 patris
1937 4286 2250 4349 auctoritas,
2280 4286 2426 4339 inani

332 4356 477 4412 Leid.
511 4378 591 4431 pr.
629 4358 709 4413 Cl.
753 4360 1046 4435 Schulting.
1092 4363 1178 4417 vel
1215 4380 1335 4436 per-
1413 4367 1723 4435 conjectura
1735 4361 2429 4423 inretamatrocifultassn,
