3200 5117
1168 546 1259 608 M.
1310 542 1558 606 FABll
1605 540 2248 622 QUINTILIANI

669 667 842 738 sime
885 692 1029 737 non
1070 686 1431 762 tamquam
1483 662 1734 733 umbra
1782 661 2104 733 veniebat
2133 719 2153 750 ,
2207 660 2327 731 sed
2381 661 2756 750 assidebat,

672 781 789 853 sed
814 780 1176 879 amplexus
1196 779 1435 851 dabat:
1455 803 1580 874 ego
1602 774 2013 867 sentiebam,
2029 794 2097 846 et
2112 775 2553 873 recipiebam.
2571 778 2760 868 Quo·

672 899 1075 994 tiescunque
1123 895 1375 966 domus
1415 893 1641 964 fuerat
1690 911 1881 989 grato
1924 916 2169 989 sopore
2212 911 2580 989 prostrata,
2634 892 2763 963 ad—

672 1033 813 1086 erat
842 1011 986 1099 ille,
1021 1010 1262 1109 quales
1282 1007 1613 1081 humanis
1641 1034 1711 1078 se
1740 1008 2045 1079 efferunt
2069 1007 2286 1079 oculis
2314 1007 2593 1107 propitii
2622 1008 2757 1094 dii,

671 1127 874 1224 quale
913 1125 1348 1199 laetissimum
1381 1150 1651 1195 numen
1692 1144 1832 1212 est,
1868 1150 2089 1221 quum
2126 1149 2194 1194 se
2229 1123 2483 1221 patitur
2516 1123 2754 1195 videri.

671 1245 861 1319 Sicut
884 1242 1112 1315 omnis
1137 1240 1373 1338 religio
1400 1239 1857 1338 templorum,
1883 1239 2114 1310 omnis
2140 1237 2377 1336 religio
2400 1237 2720 1310 lucorum
2739 1297 2757 1328 ,

672 1386 895 1456 quum
923 1379 1194 1431 tacuere
1218 1355 1567 1442 mortalia,
1594 1375 1661 1425 et
1688 1355 1958 1454 profani
1984 1353 2226 1453 procul
2252 1379 2554 1426 erravere
2581 1354 2762 1426 sedi-

672 1473 803 1545 bus
829 1474 1016 1562 totis,
1046 1469 1416 1543 solitudine
1452 1470 1627 1560 frui,
1663 1490 1726 1542 et
1762 1468 1847 1541 de
1877 1469 2018 1540 suis
2054 1468 2304 1541 dicitur
2336 1469 2516 1540 exire
2546 1470 2758 1541 simu-

676 1589 912 1661 lactis:
944 1587 1036 1659 ita
1055 1585 1333 1686 juvenis
1370 1611 1567 1656 meus
1596 1584 1919 1657 noctibus
1947 1582 2104 1655 totis
2127 1584 2375 1681 agebat
2403 1582 2663 1672 filiurn,
2695 1605 2764 1655 et

679 1725 956 1802 paterna
983 1702 1194 1774 domo
1225 1728 1303 1772 ac
1334 1699 1702 1813 penatibus
1731 1700 1871 1772 suis
1907 1699 2268 1771 fruebatur
2301 1698 2653 1798 placidus,
2698 1721 2768 1772 et

682 1820 900 1910 mitis,
942 1840 1012 1890 et
1045 1820 1250 1890 matri
1281 1818 1651 1918 propitius,
1688 1837 1766 1889 ut
1795 1843 2064 1888 numen
2099 1836 2168 1888 et
2200 1817 2368 1890 deus
2407 1815 2631 1887 delabi
2665 1815 2764 1887 si-

677 1936 989 2023 deribus,
1030 1956 1097 2006 et
1126 1936 1357 2006 venire
1398 1934 1483 2006 de
1529 1934 1795 2034 liquido
1830 1959 2145 2034 puroque
2185 1959 2337 2004 aere
2374 1932 2760 2005 videbatur.

678 2051 872 2140 Quid
910 2051 1251 2150 imprecer
1292 2050 1810 2122 sceleratissimo
1848 2046 2063 2149 patri?
2106 2050 2431 2121 umbram
2476 2050 2764 2148 probare

677 2165 914 2237 voluit.

775 2280 930 2350 XV.
963 2280 1413 2371 Miseremini,
1439 2280 1749 2381 judices,
1785 2299 1862 2353 ut
1882 2278 2014 2352 hoc
2044 2282 2343 2369 facinus,
2376 2279 2631 2378 quibus
2655 2280 2766 2351 de·

680 2396 886 2484 betis»,
910 2396 1257 2493 accipiatis
1279 2396 1566 2484 animis,
1598 2395 1824 2495 majus
1855 2396 2251 2495 parricidio,
2273 2396 2530 2497 majus,
2552 2420 2764 2495 quam

682 2511 737 2583 si
770 2510 895 2581 filii
929 2511 1377 2609 sepulchrum
1412 2513 1729 2584 funditus
1769 2512 2080 2603 eruisset,
2124 2532 2192 2585 et
2219 2535 2515 2586 sacratos
2545 2535 2764 2584 morte

682 2624 973 2723 lapides,
1001 2625 1208 2698 etiam
1232 2626 1489 2699 cineres
1515 2649 1584 2700 et
1604 2654 1757 2699 ossa
1783 2627 2094 2723 religiose
2116 2628 2536 2725 quiescentia
2557 2629 2765 2700 fracta

683 2739 1030 2838 sparsisset
1058 2767 1251 2814 urna.
1284 2740 1679 2813 Advocatur
1703 2742 1915 2813 homo
1935 2799 1952 2830 ,
1988 2741 2185 2841 cujus
2217 2769 2321 2814 ars
2361 2763 2462 2814 est
2487 2742 2584 2814 ire
2612 2770 2769 2815 con·

687 2874 788 2927 tra
822 2875 1141 2925 naturam
1169 2882 1184 2926 ε
1235 2855 1357 2954 qui
1391 2853 1607 2925 simul
1636 2882 1751 2926 ore
1785 2854 2102 2953 squalido
2145 2854 2522 2927 barbarum
2568 2881 2766 2925 mur·-

690 2995 850 3039 mur
890 2968 1228 3059 intonuit,
1262 2969 1500 3043 fallere
1544 2969 1768 3068 coegit
1803 2995 2086 3067 superos
2114 2984 2160 3058 ¹,
2201 2970 2434 3042 audire
2469 2968 2763 3057 inferos»,

674 555 795 626 242

764 3229 781 3263 t
796 3252 805 3264 .
823 3211 1129 3286 Pallen-eque
1143 3219 1308 3288 coegit
1319 3234 1543 3287 superos.
1557 3216 1688 3268 Obr.

676 3293 878 3363 favere.
930 3292 1225 3367 Schulting.
1275 3296 1477 3368 pallere
1527 3299 1694 3369 coeqit

686 3390 916 3443 supet-05,
941 3375 1177 3444 praefert,
1203 3390 1259 3427 ut
1286 3374 1413 3427 deos
1440 3376 1640 3428 alienos
1661 3394 1690 3427 a

688 3451 951 3502 veneficiis
967 3454 1286 3522 accipiamus
1297 3490 1315 3518 .,
1329 3467 1380 3505 et
1395 3471 1578 3504 eorum
1588 3455 1692 3504 vim

688 3543 1007 3593 metuentes;
1037 3532 1236 3584 inferos
1260 3550 1384 3584 vero
1410 3530 1479 3584 ad
1502 3533 1691 3585 venefi-

688 3626 779 3660 cos
818 3606 1147 3678 adjuvandos
1180 3611 1390 3675 venire,
1426 3624 1476 3662 et
1508 3610 1692 3663 audire

687 3704 872 3739 eorum
893 3704 1079 3758 preces
1098 3709 1108 3737 :
1137 3701 1190 3740 et
1212 3707 1338 3741 sane
1360 3707 1471 3741 non
1496 3702 1693 3742 temere

687 3764 827 3818 hanc
849 3766 1128 3819 lectionem
1150 3768 1512 3840 repudiarem,
1531 3786 1580 3822 et
1596 3791 1692 3844 per

687 3863 890 3917 superos
913 3844 1105 3913 solem,
1129 3846 1310 3899 lunam
1335 3863 1386 3900 et
1410 3849 1588 3903 stellas
1613 3853 1690 3902 iu-

688 3927 998 3998 tangerem,
1020 3928 1213 4000 quibus
1232 3929 1491 4001 pallorem
1512 3933 1692 3984 offun-

688 4004 816 4060 dere
847 4007 1169 4060 carminibus
1204 4010 1312 4062 suis
1338 4013 1477 4081 magi
1505 4010 1691 4063 crede-

690 4087 900 4141 bantur.
920 4088 1005 4140 sie
1024 4088 1209 4142 Medea
1229 4090 1373 4162 apud
1393 4091 1544 4143 ovid.
1563 4093 1688 4144 Met.

686 4168 779 4219 vll
791 4205 808 4234 ‚
826 4167 926 4221 208
945 4189 958 4218 ι
982 4189 1004 4212 κ
1020 4167 1213 4220 Currus
1231 4187 1445 4241 quoque
1462 4171 1691 4223 carmine

696 4265 717 4290 ιι
737 4260 918 4299 nostro
951 4244 1119 4299 Pallet
1147 4248 1261 4314 avi,
1298 4247 1464 4319 pallet
1496 4251 1691 4303 nostris

1777 3239 1799 3262 σι
1819 3234 2011 3269 aurora
2024 3220 2256 3272 venenis.
2277 3242 2308 3266 ι
2323 3220 2392 3271 Et
2403 3237 2517 3291 quoe
2533 3215 2589 3269 id
2603 3233 2767 3289 genus

1770 3297 1964 3367 passim
2007 3311 2312 3350 occurrunt.
2361 3294 2570 3350 patiere
2614 3297 2772 3349 etiam

1771 3375 2037 3447 probabat
2070 3381 2321 3430 Francius
2340 3417 2356 3444 ‚
2389 3391 2441 3432 et
2471 3396 2593 3429 mox
2627 3376 2770 3449 lege-

1770 3454 1894 3521 bat,
1934 3455 2136 3508 horrere
2171 3458 2377 3528 inferos.
2413 3459 2612 3509 Bestius
2643 3475 2778 3508 vero

1771 3533 1835 3584 de
1861 3536 2066 3586 ratione
2089 3537 2269 3587 Emen-
2295 3533 2464 3605 lages‚
2484 3553 2603 3608 cap.
2626 3535 2768 3587 XIV:

1777 3634 1800 3657 α
1820 3611 2126 3685 Pallet-eque
2150 3614 2339 3684 coegit.
2362 3638 2382 3660 n
2409 3614 2601 3665 Favere
2618 3632 2739 3666 vero
2754 3652 2774 3677 ,

1774 3689 1918 3761 quod
1942 3690 2178 3743 exhibuit
2201 3690 2530 3760 obt-echnis,
2549 3695 2660 3764 jam
2684 3706 2774 3743 oc—

1773 3786 2058 3841 cupaverat
2088 3788 2212 3826 ante
2248 3773 2480 3827 seculum
2512 3776 2773 3827 Meursius

1771 3849 1827 3899 in
1850 3848 2121 3920 spicilegio
2146 3851 2215 3903 ad
2238 3850 2507 3904 Theocriti
2529 3850 2678 3925 Idyu.
2697 3852 2774 3918 11,

1769 3945 1825 3997 p.
1852 3929 1902 3980 8.
1931 3929 2106 4003 Coeqt't
2133 3949 2257 3982 vero
2287 3932 2446 3982 etiam
2473 3929 2692 3983 verbum
2719 3932 2780 3981 iu

1773 4010 1986 4078 magicis
2036 4013 2285 4063 usitatum
2308 4050 2325 4079 ,
2376 4029 2485 4083 quo
2536 4010 2775 4084 potantia

1771 4089 1957 4143 harum
1967 4111 2206 4163 sagarum
2219 4093 2578 4147 indicaturJta
2586 4092 2771 4148 Claud.

1771 4170 1826 4222 in
1841 4172 2018 4223 Rufin.
2035 4175 2076 4237 1,
2096 4172 2216 4243 159:
2242 4194 2263 4216 a
2282 4173 2360 4225 Ire
2375 4192 2532 4246 vagas
2547 4189 2782 4245 quercus

1779 4274 1800 4299 u
1822 4265 1873 4305 et
1896 4252 2096 4306 fulmen
2122 4268 2262 4308 stare
2286 4258 2454 4325 coegi.
2481 4280 2502 4303 u
2533 4257 2700 4307 Bwu.
