3200 5117
728 528 1003 594 DECL.
1050 527 1259 594 XIII.
1307 525 1539 592 APES
1585 526 2063 593 PAUPERIS.
2326 531 2451 620 309

351 650 572 723 ventis
610 677 894 751 quoque
927 650 1153 723 soluta
1189 671 1474 741 natura,
1511 651 1772 724 labitur
1809 651 2067 750 gratia,
2106 677 2235 724 nec
2268 654 2459 751 quis-

351 793 572 867 quam
602 788 706 840 est
732 766 861 838 flos
883 824 903 857 ,
938 767 1073 838 nisi
1103 795 1344 840 novus,
1381 769 1622 858 Quare
1650 767 1705 837 si
1740 766 2043 839 dicerem
2062 825 2081 856 ‚
2113 767 2456 840 abstulere

352 884 698 982 peritura,
731 905 797 955 et
829 910 984 982 quae
1015 883 1332 981 protinus
1360 883 1560 955 humi
1580 883 1997 984 jacuissent,
2027 884 2104 955 in
2134 911 2300 956 usus
2333 883 2462 956 ho-

353 999 632 1071 minum
656 1025 1015 1070 conversa:
1041 998 1399 1071 inauditus
1422 1019 1658 1070 tamen
1678 998 1853 1070 livor
1878 999 2227 1071 videretur
2245 999 2457 1071 etiam

352 1116 605 1216 apibus
626 1116 958 1195 invidere.
981 1119 1191 1189 Nunc
1204 1143 1364 1188 vero
1383 1116 1867 1189 disserendum
1891 1116 2069 1189 mihi
2087 1138 2221 1204 est,
2242 1101 2454 1216 quam

353 1256 794 1306 momentosa
841 1233 926 1306 sit
966 1233 1177 1335 hujus
1213 1234 1541 1307 animalis
1582 1233 1866 1333 rapina¹
1907 1235 2276 1306 Nescimus
2320 1262 2461 1333 qua

356 1350 762 1449 pernicitate
779 1351 1199 1450 plerumque
1218 1351 1326 1423 vix
1341 1352 1669 1424 contactis
1693 1351 1983 1423 floribus
2008 1351 2297 1441 revolet,
2323 1349 2459 1423 dis-

357 1487 726 1565 curratque
748 1493 871 1567 per
885 1467 1198 1566 singulos
1213 1468 1406 1541 velox
1427 1466 1899 1567 experimento
1918 1481 1981 1539 ἐ
2005 1494 2219 1567 quam
2243 1465 2457 1540 etiam

358 1579 482 1651 ubi
516 1579 1016 1674 immorantur,
1051 1582 1314 1654 libratis
1347 1583 1698 1682 pendeant
1729 1581 1895 1654 alis:
1944 1581 2102 1680 quis
2138 1607 2458 1682 unquam

358 1695 548 1795 quod
576 1696 916 1769 ferentem
951 1724 1157 1798 apem
1190 1698 1490 1790 viderat,
1521 1698 1647 1770 ubi
1681 1699 1944 1771 deesset
1977 1697 2262 1770 invenit.

453 1815 645 1886 XIII.
681 1815 1136 1905 Quantulum
1165 1843 1325 1890 vero
1355 1837 1483 1907 est,
1520 1818 1711 1916 quod
1742 1845 1820 1889 ex
1847 1816 1954 1890 his
1988 1843 2206 1887 mauu
2237 1815 2464 1887 consi-

359 1928 446 2001 tis
468 1927 757 2002 floribus
773 1930 1045 2031 legant?
1059 1934 1263 2004 Prata
1277 1989 1296 2023 ‚
1320 1931 1674 2029 silvaeque,
1690 1932 1798 2004 vel
1817 1953 2104 2003 maturae
2120 1930 2461 2002 fructibus

360 2045 530 2118 vites
549 2105 569 2137 ,
590 2047 975 2147 fragrantes
997 2047 1244 2148 thymo
1266 2038 1474 2122 colles
1490 2107 1509 2139 ,
1531 2069 1880 2148 quantum
1900 2049 2294 2149 conjectura
2318 2071 2467 2117 sus-

359 2160 575 2262 picari
623 2185 885 2262 potest,
935 2164 1277 2264 pabulum
1328 2164 1762 2236 ministrant:
1812 2190 1958 2235 non
2002 2190 2081 2234 ex
2127 2162 2463 2234 omnibus

362 2276 651 2352 floribus
679 2303 975 2379 carpunt
1002 2280 1204 2353 utilia
1232 2281 1426 2380 operi
1456 2308 1583 2352 suo
1604 2337 1621 2370 ‚
1652 2280 1774 2352 sed
1802 2281 1880 2353 in
1911 2279 2242 2354 omnibus
2272 2305 2465 2380 quae-

365 2414 563 2466 runt:
595 2422 893 2495 praesens
921 2417 986 2467 et
1008 2395 1302 2493 quidem
1333 2395 1658 2494 protinus
1682 2393 1805 2467 illa
1834 2394 2145 2466 redditur
2168 2420 2464 2484 merces»,

362 2510 554 2610 quod
577 2510 948 2600 omnibuS,
984 2511 1243 2610 quibus
1271 2510 1581 2582 insedere
1601 2568 1621 2601 ,
1652 2510 1939 2583 odorem
1971 2510 2204 2583 mellis
2235 2509 2465 2609 inspi-

363 2648 519 2700 rant
539 2685 558 2718 ,
584 2649 654 2700 et
676 2628 864 2700 brevi
891 2647 1207 2699 contactu
1228 2628 1374 2698 vim
1397 2628 1504 2698 sui
1531 2628 1958 2726 relinquunt.
1988 2632 2143 2701 Hoc
2168 2649 2244 2700 tu
2271 2628 2467 2699 dam-

366 2767 543 2813 num
567 2739 595 2785 3
633 2739 998 2837 intelligis?
1025 2738 1160 2810 hoc
1199 2765 1467 2810 veneno
1499 2739 1811 2812 vindicas
1834 2799 1854 2831 ,
1885 2742 2078 2840 quod
2117 2741 2465 2814 mehercle

365 2857 756 2929 inhumane
793 2856 1002 2929 etiam
1044 2856 1245 2927 fumo
1288 2854 1806 2955 prohibuisses?
1841 2884 1933 2928 an
1982 2884 2126 2930 non
2175 2880 2240 2930 te
2281 2858 2467 2931 solus

363 2973 634 3046 vicinus
655 2971 883 3045 colui?
906 3000 1051 3045 non
1073 2972 1362 3071 frugum
1388 2998 1707 3044 mearum
1731 2971 2071 3071 primitias
2095 2974 2291 3046 omni
2309 3001 2467 3046 vere

365 3090 573 3162 misi?
609 3116 755 3162 non
789 3088 842 3160 si
886 3089 1043 3190 quis
1084 3087 1254 3161 ceris
1293 3087 1490 3161 novis
1532 3088 1896 3161 candidior
1940 3089 2191 3161 incidit
2229 3090 2469 3179 favuS,

366 3207 503 3279 tuis
550 3225 925 3277 reservatus
973 3226 1073 3277 est
1114 3204 1407 3294 mensis,
1454 3231 1679 3302 quum
1727 3203 1950 3303 parvis
1995 3202 2469 3277 mediocritate

371 3319 806 3392 munusculis
843 3320 962 3391 illa
993 3348 1269 3422 semper
1296 3321 1707 3423 adjiceretur
1738 3320 2299 3394 commendatio:
2338 3320 2470 3394 hoc

371 3434 500 3509 tibi
547 3432 837 3505 mittunt
879 3460 1041 3533 apes
1093 3435 1304 3509 meae?
1345 3456 1555 3537 puto,
1605 3435 1819 3508 relata
1860 3457 1960 3508 est
2003 3434 2181 3508 mihi
2228 3434 2466 3535 gratia.

368 3551 774 3645 Admonui,
804 3551 1057 3653 inquit,
1088 3572 1155 3626 ει
1183 3574 1260 3627 ut
1289 3555 1686 3631 transferres
1717 3553 2139 3627 denunciavi
2165 3581 2180 3626 :
2210 3553 2468 3628 idcirco

453 3804 495 3839 ι.
544 3787 713 3858 Quam
759 3796 1081 3840 momentum
1131 3786 1198 3839 sit
1238 3786 1389 3860 hujus
1466 3789 1590 3858 398.
1626 3788 1794 3843 Velox
1827 3787 1994 3853 saltu,
2033 3786 2164 3839 Ptin.
2196 3786 2343 3852 vm,
2372 3784 2477 3852 34⁸3

373 3867 624 3922 animatis
639 3867 1383 3941 rapiamvideturscripsisse:
1465 3882 1521 3920 et
1548 3866 1637 3921 alii
1659 3869 1873 3940 passim.
1899 3868 2067 3920 nunu.

377 3966 537 4020 quam
557 3966 666 4000 non
689 3948 953 4001 damnosa.
980 3948 1218 4000 Gnouom
1539 3950 1592 4002 3.
1609 3951 1882 4002 Damnum
1900 3947 2168 4022 intellt'qis.
2187 3945 2382 3999 Badius
2396 3965 2478 3998 ca-

448 4046 499 4081 a.
515 4028 684 4084 Velox
698 4028 1067 4100 experimento.
1083 4029 1143 4082 Id
1160 4043 1257 4097 est,
1270 4049 1386 4103 quae
1467 4033 1547 4105 pit
1590 4049 1694 4103 pro
1732 4025 2117 4103 interpretaris,
2165 4026 2329 4099 quod·
2364 4045 2478 4079 non

340 4115 346 4124 '
373 4111 481 4162 cito
498 4123 712 4184 experta
738 4124 846 4176 est,
866 4130 934 4163 an
955 4112 1193 4184 quiedam
1217 4112 1387 4166 mellis
1469 4109 1684 4182 quidem
1704 4106 2022 4172 absurdum,
2037 4104 2138 4159 sed
2146 4124 2247 4176 ego
2270 4105 2478 4170 malim,

372 4189 608 4242 faciendi
633 4190 852 4242 materia
879 4192 944 4242 sit
974 4193 1030 4243 in
1053 4189 1159 4243 hoc
1182 4190 1266 4243 vel
1288 4189 1383 4243 illo
1463 4193 1650 4245 sentis.-
1697 4209 1763 4243 an
1802 4191 2054 4260 experiris
2092 4187 2346 4240 damnum
2382 4186 2482 4240 tihi

375 4269 522 4325 flore.
532 4275 613 4326 Ita
629 4271 783 4325 velox
779 4271 951 4344 ferro,
968 4272 1096 4325 Stat.
1109 4270 1279 4325 Theb.
1293 4272 1383 4338 111,
1463 4272 1576 4324 fieri
1587 4307 1606 4338 ,
1622 4289 1684 4322 ex
1700 4268 1803 4322 levi
1818 4265 1907 4320 illa
1926 4266 2249 4320 delibatione
2265 4264 2488 4317 florum?
