<?xml version="1.0" encoding="UTF-8"?>
<!DOCTYPE html PUBLIC "-//W3C//DTD XHTML 1.0 Transitional//EN"
    "http://www.w3.org/TR/xhtml1/DTD/xhtml1-transitional.dtd">
<html xmlns="http://www.w3.org/1999/xhtml" xml:lang="en" lang="en">
 <head>
  <title>
</title>
<meta http-equiv="Content-Type" content="text/html;charset=utf-8" />
  <meta name='ocr-system' content='tesseract 3.04.00' />
  <meta name='ocr-capabilities' content='ocr_page ocr_carea ocr_par ocr_line ocrx_word'/>
</head>
<body>
  <div class='ocr_page' id='page_1' title='image "./deinstitutioneo01flacgoog_0230.png"; bbox 0 0 3200 5117; ppageno 0'>
   <div class='ocr_carea' id='block_1_1' title="bbox 758 561 2322 642">
    <p class='ocr_par' dir='ltr' id='par_1_1' title="bbox 758 561 2322 642">
     <span class='ocr_line' id='line_1_1' title="bbox 758 561 2322 642; baseline 0.003 -23"><span class='ocrx_word' id='word_1_1' title='bbox 758 562 872 624; x_wconf 65' lang='lat'>186</span> <span class='ocrx_word' id='word_1_2' title='bbox 1250 564 1340 624; x_wconf 86' lang='lat' dir='ltr'>M.</span> <span class='ocrx_word' id='word_1_3' title='bbox 1392 562 1638 625; x_wconf 78' lang='lat' dir='ltr'>FABH</span> <span class='ocrx_word' id='word_1_4' title='bbox 1687 561 2322 642; x_wconf 75' lang='lat' dir='ltr'><strong>QUINTILIANI</strong></span> 
     </span>
    </p>
   </div>
   <div class='ocr_carea' id='block_1_2' title="bbox 656 685 2834 4016">
    <p class='ocr_par' dir='ltr' id='par_1_2' title="bbox 656 685 2834 2746">
     <span class='ocr_line' id='line_1_2' title="bbox 745 685 2833 784; baseline 0.001 -30"><span class='ocrx_word' id='word_1_5' title='bbox 745 686 926 757; x_wconf 92' lang='lat' dir='ltr'>fectu</span> <span class='ocrx_word' id='word_1_6' title='bbox 963 686 1399 757; x_wconf 78' lang='lat' dir='ltr'>incredibilia</span> <span class='ocrx_word' id='word_1_7' title='bbox 1428 687 1532 757; x_wconf 86' lang='lat' dir='ltr'>vel</span> <span class='ocrx_word' id='word_1_8' title='bbox 1569 688 1935 784; x_wconf 82' lang='lat' dir='ltr'>profutura</span> <span class='ocrx_word' id='word_1_9' title='bbox 1970 707 2295 773; x_wconf 81' lang='lat' dir='ltr'>tentasse3</span> <span class='ocrx_word' id='word_1_10' title='bbox 2333 706 2400 755; x_wconf 90' lang='lat' dir='ltr'>et</span> <span class='ocrx_word' id='word_1_11' title='bbox 2431 685 2502 755; x_wconf 89' lang='lat' dir='ltr'>in</span> <span class='ocrx_word' id='word_1_12' title='bbox 2541 711 2646 774; x_wconf 90' lang='lat' dir='ltr'>re,</span> <span class='ocrx_word' id='word_1_13' title='bbox 2676 709 2833 784; x_wconf 82' lang='lat' dir='ltr'>quae</span> 
     </span>
     <span class='ocr_line' id='line_1_3' title="bbox 744 800 2828 900; baseline 0 -30"><span class='ocrx_word' id='word_1_14' title='bbox 744 800 901 897; x_wconf 91' lang='lat' dir='ltr'>plus</span> <span class='ocrx_word' id='word_1_15' title='bbox 948 801 1031 871; x_wconf 88' lang='lat' dir='ltr'>de</span> <span class='ocrx_word' id='word_1_16' title='bbox 1080 803 1340 875; x_wconf 84' lang='lat' dir='ltr'>incerto</span> <span class='ocrx_word' id='word_1_17' title='bbox 1381 802 1596 874; x_wconf 88' lang='lat' dir='ltr'>habet</span> <span class='ocrx_word' id='word_1_18' title='bbox 1619 860 1638 891; x_wconf 96' lang='lat'>,</span> <span class='ocrx_word' id='word_1_19' title='bbox 1695 802 2042 874; x_wconf 79' lang='lat' dir='ltr'>temeritas</span> <span class='ocrx_word' id='word_1_20' title='bbox 2099 800 2551 900; x_wconf 80' lang='lat' dir='ltr'>experimenti</span> <span class='ocrx_word' id='word_1_21' title='bbox 2615 800 2828 871; x_wconf 90' lang='lat' dir='ltr'>solam</span> 
     </span>
     <span class='ocr_line' id='line_1_4' title="bbox 746 915 2834 1017; baseline 0 -31"><span class='ocrx_word' id='word_1_22' title='bbox 746 918 989 1013; x_wconf 86' lang='lat' dir='ltr'>probat</span> <span class='ocrx_word' id='word_1_23' title='bbox 1030 918 1517 1016; x_wconf 85' lang='lat' dir='ltr'>desperationis</span> <span class='ocrx_word' id='word_1_24' title='bbox 1560 918 1951 990; x_wconf 88' lang='lat' dir='ltr'>audaciam.</span> <span class='ocrx_word' id='word_1_25' title='bbox 1997 918 2191 1007; x_wconf 86' lang='lat' dir='ltr'>Quid</span> <span class='ocrx_word' id='word_1_26' title='bbox 2233 919 2470 1005; x_wconf 82' lang='lat' dir='ltr'>refert,</span> <span class='ocrx_word' id='word_1_27' title='bbox 2516 915 2715 1017; x_wconf 90' lang='lat' dir='ltr'>cujus</span> <span class='ocrx_word' id='word_1_28' title='bbox 2750 916 2834 987; x_wconf 91' lang='lat' dir='ltr'>sit</span> 
     </span>
     <span class='ocr_line' id='line_1_5' title="bbox 745 1030 2831 1131; baseline 0 -31"><span class='ocrx_word' id='word_1_29' title='bbox 745 1032 1168 1103; x_wconf 87' lang='lat' dir='ltr'>conditionis</span> <span class='ocrx_word' id='word_1_30' title='bbox 1202 1060 1408 1131; x_wconf 78' lang='lat' dir='ltr'>aeger,</span> <span class='ocrx_word' id='word_1_31' title='bbox 1453 1055 1798 1130; x_wconf 84' lang='lat' dir='ltr'>quantum</span> <span class='ocrx_word' id='word_1_32' title='bbox 1843 1032 2073 1104; x_wconf 88' lang='lat' dir='ltr'>adhuc</span> <span class='ocrx_word' id='word_1_33' title='bbox 2112 1032 2292 1129; x_wconf 91' lang='lat' dir='ltr'>spei,</span> <span class='ocrx_word' id='word_1_34' title='bbox 2343 1052 2692 1129; x_wconf 88' lang='lat' dir='ltr'>quantum</span> <span class='ocrx_word' id='word_1_35' title='bbox 2723 1030 2831 1100; x_wconf 87' lang='lat' dir='ltr'>vi-</span> 
     </span>
     <span class='ocr_line' id='line_1_6' title="bbox 745 1148 2827 1246; baseline 0 -29"><span class='ocrx_word' id='word_1_36' title='bbox 745 1148 991 1220; x_wconf 84' lang='lat' dir='ltr'>deatur</span> <span class='ocrx_word' id='word_1_37' title='bbox 1008 1149 1262 1220; x_wconf 88' lang='lat' dir='ltr'>habere</span> <span class='ocrx_word' id='word_1_38' title='bbox 1288 1149 1373 1221; x_wconf 90' lang='lat' dir='ltr'>de</span> <span class='ocrx_word' id='word_1_39' title='bbox 1398 1150 1574 1222; x_wconf 86' lang='lat' dir='ltr'>vita?</span> <span class='ocrx_word' id='word_1_40' title='bbox 1595 1149 2002 1221; x_wconf 88' lang='lat' dir='ltr'>sacrosancti</span> <span class='ocrx_word' id='word_1_41' title='bbox 2027 1149 2162 1220; x_wconf 89' lang='lat' dir='ltr'>sint</span> <span class='ocrx_word' id='word_1_42' title='bbox 2184 1169 2551 1246; x_wconf 89' lang='lat' dir='ltr'>parentum</span> <span class='ocrx_word' id='word_1_43' title='bbox 2578 1168 2827 1218; x_wconf 88' lang='lat' dir='ltr'>metus.</span> 
     </span>
     <span class='ocr_line' id='line_1_7' title="bbox 746 1263 2833 1361; baseline 0 -29"><span class='ocrx_word' id='word_1_44' title='bbox 746 1264 859 1333; x_wconf 89' lang='lat' dir='ltr'>Dii</span> <span class='ocrx_word' id='word_1_45' title='bbox 894 1290 1035 1334; x_wconf 92' lang='lat' dir='ltr'>non</span> <span class='ocrx_word' id='word_1_46' title='bbox 1069 1266 1336 1352; x_wconf 89' lang='lat' dir='ltr'>sinant,</span> <span class='ocrx_word' id='word_1_47' title='bbox 1372 1284 1449 1336; x_wconf 92' lang='lat' dir='ltr'>ut</span> <span class='ocrx_word' id='word_1_48' title='bbox 1487 1292 1566 1336; x_wconf 82' lang='lat' dir='ltr'>ex</span> <span class='ocrx_word' id='word_1_49' title='bbox 1600 1264 1830 1337; x_wconf 89' lang='lat' dir='ltr'>liberis</span> <span class='ocrx_word' id='word_1_50' title='bbox 1859 1265 2056 1337; x_wconf 86' lang='lat' dir='ltr'>vilior</span> <span class='ocrx_word' id='word_1_51' title='bbox 2089 1263 2383 1361; x_wconf 87' lang='lat' dir='ltr'>incipiat</span> <span class='ocrx_word' id='word_1_52' title='bbox 2410 1290 2554 1334; x_wconf 86' lang='lat' dir='ltr'>esse</span> <span class='ocrx_word' id='word_1_53' title='bbox 2584 1263 2833 1360; x_wconf 86' lang='lat' dir='ltr'>peritu-</span> 
     </span>
     <span class='ocr_line' id='line_1_8' title="bbox 746 1379 2833 1480; baseline 0 -31"><span class='ocrx_word' id='word_1_54' title='bbox 746 1379 898 1450; x_wconf 88' lang='lat' dir='ltr'>rus!</span> <span class='ocrx_word' id='word_1_55' title='bbox 930 1380 1177 1451; x_wconf 89' lang='lat' dir='ltr'>medici</span> <span class='ocrx_word' id='word_1_56' title='bbox 1204 1381 1778 1480; x_wconf 78' lang='lat' dir='ltr'>desperaverunt:</span> <span class='ocrx_word' id='word_1_57' title='bbox 1798 1383 1970 1479; x_wconf 90' lang='lat' dir='ltr'>quid</span> <span class='ocrx_word' id='word_1_58' title='bbox 1991 1380 2169 1452; x_wconf 85' lang='lat' dir='ltr'>istud</span> <span class='ocrx_word' id='word_1_59' title='bbox 2190 1381 2276 1451; x_wconf 91' lang='lat' dir='ltr'>ad</span> <span class='ocrx_word' id='word_1_60' title='bbox 2302 1379 2612 1477; x_wconf 81' lang='lat' dir='ltr'>patrem?</span> <span class='ocrx_word' id='word_1_61' title='bbox 2634 1405 2833 1476; x_wconf 89' lang='lat' dir='ltr'>spera</span> 
     </span>
     <span class='ocr_line' id='line_1_9' title="bbox 746 1494 2832 1594; baseline -0 -29"><span class='ocrx_word' id='word_1_62' title='bbox 746 1516 859 1585; x_wconf 89' lang='lat' dir='ltr'>tu,</span> <span class='ocrx_word' id='word_1_63' title='bbox 894 1495 1068 1594; x_wconf 90' lang='lat' dir='ltr'>jube</span> <span class='ocrx_word' id='word_1_64' title='bbox 1104 1522 1373 1594; x_wconf 88' lang='lat' dir='ltr'>sperare</span> <span class='ocrx_word' id='word_1_65' title='bbox 1418 1518 1715 1567; x_wconf 88' lang='lat' dir='ltr'>matrem</span> <span class='ocrx_word' id='word_1_66' title='bbox 1750 1525 1763 1566; x_wconf 94' lang='lat'>:</span> <span class='ocrx_word' id='word_1_67' title='bbox 1803 1498 1936 1567; x_wconf 89' lang='lat' dir='ltr'>tuis</span> <span class='ocrx_word' id='word_1_68' title='bbox 1979 1496 2210 1594; x_wconf 86' lang='lat' dir='ltr'>potius</span> <span class='ocrx_word' id='word_1_69' title='bbox 2252 1495 2650 1585; x_wconf 87' lang='lat' dir='ltr'>affectibus,</span> <span class='ocrx_word' id='word_1_70' title='bbox 2696 1494 2832 1565; x_wconf 91' lang='lat' dir='ltr'>tuis</span> 
     </span>
     <span class='ocr_line' id='line_1_10' title="bbox 745 1609 2833 1710; baseline 0.001 -31"><span class='ocrx_word' id='word_1_71' title='bbox 745 1609 946 1679; x_wconf 90' lang='lat' dir='ltr'>crede</span> <span class='ocrx_word' id='word_1_72' title='bbox 966 1610 1135 1680; x_wconf 90' lang='lat' dir='ltr'>votis</span> <span class='ocrx_word' id='word_1_73' title='bbox 1161 1637 1175 1680; x_wconf 91' lang='lat'>:</span> <span class='ocrx_word' id='word_1_74' title='bbox 1209 1632 1273 1681; x_wconf 89' lang='lat' dir='ltr'>et</span> <span class='ocrx_word' id='word_1_75' title='bbox 1290 1611 1420 1683; x_wconf 90' lang='lat' dir='ltr'>boc</span> <span class='ocrx_word' id='word_1_76' title='bbox 1448 1611 1531 1681; x_wconf 88' lang='lat' dir='ltr'>de</span> <span class='ocrx_word' id='word_1_77' title='bbox 1552 1611 1904 1710; x_wconf 87' lang='lat' dir='ltr'>parricidii</span> <span class='ocrx_word' id='word_1_78' title='bbox 1934 1611 2263 1683; x_wconf 84' lang='lat' dir='ltr'>facilitate</span> <span class='ocrx_word' id='word_1_79' title='bbox 2293 1632 2423 1699; x_wconf 89' lang='lat' dir='ltr'>est,</span> <span class='ocrx_word' id='word_1_80' title='bbox 2456 1610 2632 1682; x_wconf 90' lang='lat' dir='ltr'>circa</span> <span class='ocrx_word' id='word_1_81' title='bbox 2662 1610 2833 1681; x_wconf 84' lang='lat' dir='ltr'>filio-</span> 
     </span>
     <span class='ocr_line' id='line_1_11' title="bbox 745 1724 2830 1825; baseline 0.001 -32"><span class='ocrx_word' id='word_1_82' title='bbox 745 1750 903 1794; x_wconf 92' lang='lat' dir='ltr'>rum</span> <span class='ocrx_word' id='word_1_83' title='bbox 934 1724 1341 1821; x_wconf 78' lang='lat' dir='ltr'>languorem</span> <span class='ocrx_word' id='word_1_84' title='bbox 1370 1726 1464 1798; x_wconf 86' lang='lat' dir='ltr'>ad</span> <span class='ocrx_word' id='word_1_85' title='bbox 1498 1726 1937 1825; x_wconf 83' lang='lat' dir='ltr'>desperantes</span> <span class='ocrx_word' id='word_1_86' title='bbox 1965 1726 2192 1823; x_wconf 88' lang='lat' dir='ltr'>potius</span> <span class='ocrx_word' id='word_1_87' title='bbox 2217 1724 2559 1796; x_wconf 86' lang='lat' dir='ltr'>accedere.</span> <span class='ocrx_word' id='word_1_88' title='bbox 2587 1724 2830 1796; x_wconf 88' lang='lat' dir='ltr'>Fidem</span> 
     </span>
     <span class='ocr_line' id='line_1_12' title="bbox 746 1839 2831 1940; baseline 0 -31"><span class='ocrx_word' id='word_1_89' title='bbox 746 1839 956 1911; x_wconf 89' lang='lat' dir='ltr'>babes</span> <span class='ocrx_word' id='word_1_90' title='bbox 991 1840 1439 1931; x_wconf 80' lang='lat' dir='ltr'>hominibus,</span> <span class='ocrx_word' id='word_1_91' title='bbox 1475 1868 1648 1940; x_wconf 84' lang='lat' dir='ltr'>quos</span> <span class='ocrx_word' id='word_1_92' title='bbox 1690 1841 1970 1912; x_wconf 87' lang='lat' dir='ltr'>mentiri</span> <span class='ocrx_word' id='word_1_93' title='bbox 2005 1841 2184 1913; x_wconf 87' lang='lat' dir='ltr'>alius</span> <span class='ocrx_word' id='word_1_94' title='bbox 2216 1841 2554 1927; x_wconf 83' lang='lat' dir='ltr'>affirmat,</span> <span class='ocrx_word' id='word_1_95' title='bbox 2593 1860 2831 1910; x_wconf 85' lang='lat' dir='ltr'>contra</span> 
     </span>
     <span class='ocr_line' id='line_1_13' title="bbox 744 1953 2831 2055; baseline -0.001 -29"><span class='ocrx_word' id='word_1_96' title='bbox 744 1982 915 2050; x_wconf 84' lang='lat' dir='ltr'>quos</span> <span class='ocrx_word' id='word_1_97' title='bbox 942 1957 1189 2028; x_wconf 89' lang='lat' dir='ltr'>iterum</span> <span class='ocrx_word' id='word_1_98' title='bbox 1222 1958 1476 2045; x_wconf 89' lang='lat' dir='ltr'>credis,</span> <span class='ocrx_word' id='word_1_99' title='bbox 1514 1957 1637 2029; x_wconf 90' lang='lat' dir='ltr'>uni</span> <span class='ocrx_word' id='word_1_100' title='bbox 1671 1957 2047 2055; x_wconf 66' lang='lat' dir='ltr'>praesertim</span> <span class='ocrx_word' id='word_1_101' title='bbox 2076 1956 2139 2026; x_wconf 82' lang='lat'>¹?</span> <span class='ocrx_word' id='word_1_102' title='bbox 2170 1956 2463 2053; x_wconf 87' lang='lat' dir='ltr'>pessime</span> <span class='ocrx_word' id='word_1_103' title='bbox 2489 1953 2716 2025; x_wconf 83' lang='lat' dir='ltr'>hercle</span> <span class='ocrx_word' id='word_1_104' title='bbox 2745 1954 2831 2024; x_wconf 88' lang='lat' dir='ltr'>de</span> 
     </span>
     <span class='ocr_line' id='line_1_14' title="bbox 743 2069 2832 2170; baseline 0 -31"><span class='ocrx_word' id='word_1_105' title='bbox 743 2091 864 2141; x_wconf 88' lang='lat' dir='ltr'>tua</span> <span class='ocrx_word' id='word_1_106' title='bbox 900 2071 1172 2143; x_wconf 87' lang='lat' dir='ltr'>feritate</span> <span class='ocrx_word' id='word_1_107' title='bbox 1219 2072 1582 2159; x_wconf 85' lang='lat' dir='ltr'>sentirem,</span> <span class='ocrx_word' id='word_1_108' title='bbox 1626 2072 1680 2141; x_wconf 86' lang='lat' dir='ltr'>si</span> <span class='ocrx_word' id='word_1_109' title='bbox 1725 2071 1801 2142; x_wconf 90' lang='lat' dir='ltr'>in</span> <span class='ocrx_word' id='word_1_110' title='bbox 1841 2097 2259 2170; x_wconf 88' lang='lat' dir='ltr'>quacunque</span> <span class='ocrx_word' id='word_1_111' title='bbox 2303 2070 2429 2140; x_wconf 89' lang='lat' dir='ltr'>filii</span> <span class='ocrx_word' id='word_1_112' title='bbox 2482 2069 2832 2140; x_wconf 87' lang='lat' dir='ltr'>curatione</span> 
     </span>
     <span class='ocr_line' id='line_1_15' title="bbox 656 2178 2831 2284; baseline 0 -29"><span class='ocrx_word' id='word_1_113' title='bbox 656 2178 661 2189; x_wconf 76' lang='grc'>’</span> <span class='ocrx_word' id='word_1_114' title='bbox 744 2211 887 2255; x_wconf 89' lang='lat' dir='ltr'>non</span> <span class='ocrx_word' id='word_1_115' title='bbox 930 2186 1292 2256; x_wconf 88' lang='lat' dir='ltr'>adhiberes</span> <span class='ocrx_word' id='word_1_116' title='bbox 1329 2187 1756 2284; x_wconf 88' lang='lat' dir='ltr'>propinquos</span> <span class='ocrx_word' id='word_1_117' title='bbox 1782 2243 1801 2275; x_wconf 90' lang='lat'>,</span> <span class='ocrx_word' id='word_1_118' title='bbox 1857 2212 1997 2258; x_wconf 92' lang='lat' dir='ltr'>non</span> <span class='ocrx_word' id='word_1_119' title='bbox 2044 2186 2493 2282; x_wconf 79' lang='lat' dir='ltr'>interrogares</span> <span class='ocrx_word' id='word_1_120' title='bbox 2533 2183 2831 2269; x_wconf 83' lang='lat' dir='ltr'>amicos,</span> 
     </span>
     <span class='ocr_line' id='line_1_16' title="bbox 744 2299 2831 2399; baseline 0.001 -31"><span class='ocrx_word' id='word_1_121' title='bbox 744 2325 886 2369; x_wconf 90' lang='lat' dir='ltr'>non</span> <span class='ocrx_word' id='word_1_122' title='bbox 929 2301 1293 2399; x_wconf 87' lang='lat' dir='ltr'>respiceres</span> <span class='ocrx_word' id='word_1_123' title='bbox 1336 2301 1425 2371; x_wconf 91' lang='lat' dir='ltr'>ad</span> <span class='ocrx_word' id='word_1_124' title='bbox 1461 2301 1697 2371; x_wconf 88' lang='lat' dir='ltr'>matris</span> <span class='ocrx_word' id='word_1_125' title='bbox 1727 2300 2048 2373; x_wconf 86' lang='lat' dir='ltr'>animum</span> <span class='ocrx_word' id='word_1_126' title='bbox 2077 2327 2090 2370; x_wconf 91' lang='lat'>:</span> <span class='ocrx_word' id='word_1_127' title='bbox 2136 2328 2277 2371; x_wconf 89' lang='lat' dir='ltr'>non</span> <span class='ocrx_word' id='word_1_128' title='bbox 2311 2300 2492 2372; x_wconf 88' lang='lat' dir='ltr'>hanc</span> <span class='ocrx_word' id='word_1_129' title='bbox 2527 2299 2831 2397; x_wconf 84' lang='lat' dir='ltr'>primam</span> 
     </span>
     <span class='ocr_line' id='line_1_17' title="bbox 743 2413 2829 2513; baseline 0 -28"><span class='ocrx_word' id='word_1_130' title='bbox 743 2414 1287 2513; x_wconf 85' lang='lat' dir='ltr'>impatientiam,</span> <span class='ocrx_word' id='word_1_131' title='bbox 1336 2443 1479 2487; x_wconf 88' lang='lat' dir='ltr'>non</span> <span class='ocrx_word' id='word_1_132' title='bbox 1524 2417 1715 2488; x_wconf 88' lang='lat' dir='ltr'>hunc</span> <span class='ocrx_word' id='word_1_133' title='bbox 1759 2417 2062 2488; x_wconf 90' lang='lat' dir='ltr'>consulis</span> <span class='ocrx_word' id='word_1_134' title='bbox 2096 2415 2462 2488; x_wconf 84' lang='lat' dir='ltr'>timorem?</span> <span class='ocrx_word' id='word_1_135' title='bbox 2503 2414 2589 2487; x_wconf 89' lang='lat' dir='ltr'>de</span> <span class='ocrx_word' id='word_1_136' title='bbox 2633 2413 2829 2487; x_wconf 90' lang='lat' dir='ltr'>nullo</span> 
     </span>
     <span class='ocr_line' id='line_1_18' title="bbox 746 2530 2829 2631; baseline 0 -31"><span class='ocrx_word' id='word_1_137' title='bbox 746 2530 885 2601; x_wconf 86' lang='lat' dir='ltr'>filio</span> <span class='ocrx_word' id='word_1_138' title='bbox 931 2531 1169 2602; x_wconf 90' lang='lat' dir='ltr'>minus</span> <span class='ocrx_word' id='word_1_139' title='bbox 1203 2533 1407 2602; x_wconf 91' lang='lat' dir='ltr'>debet</span> <span class='ocrx_word' id='word_1_140' title='bbox 1443 2533 1569 2604; x_wconf 90' lang='lat' dir='ltr'>soli</span> <span class='ocrx_word' id='word_1_141' title='bbox 1605 2533 1734 2603; x_wconf 90' lang='lat' dir='ltr'>sibi</span> <span class='ocrx_word' id='word_1_142' title='bbox 1767 2532 2161 2631; x_wconf 88' lang='lat' dir='ltr'>permittere</span> <span class='ocrx_word' id='word_1_143' title='bbox 2202 2553 2424 2630; x_wconf 86' lang='lat' dir='ltr'>pater,</span> <span class='ocrx_word' id='word_1_144' title='bbox 2461 2558 2676 2628; x_wconf 87' lang='lat' dir='ltr'>quam</span> <span class='ocrx_word' id='word_1_145' title='bbox 2710 2531 2829 2629; x_wconf 87' lang='lat' dir='ltr'>qui</span> 
     </span>
     <span class='ocr_line' id='line_1_19' title="bbox 739 2647 1713 2746; baseline 0.003 -29"><span class='ocrx_word' id='word_1_146' title='bbox 739 2647 1011 2717; x_wconf 86' lang='lat' dir='ltr'>videtur</span> <span class='ocrx_word' id='word_1_147' title='bbox 1042 2648 1278 2746; x_wconf 87' lang='lat' dir='ltr'>utique</span> <span class='ocrx_word' id='word_1_148' title='bbox 1314 2649 1713 2721; x_wconf 86' lang='lat' dir='ltr'>moriturus.</span> 
     </span>
    </p>

    <p class='ocr_par' dir='ltr' id='par_1_3' title="bbox 739 2762 2829 4016">
     <span class='ocr_line' id='line_1_20' title="bbox 840 2762 2827 2864; baseline 0.001 -31"><span class='ocrx_word' id='word_1_149' title='bbox 840 2765 993 2833; x_wconf 84' lang='grc' dir='ltr'>ΧΠ.</span> <span class='ocrx_word' id='word_1_150' title='bbox 1049 2766 1102 2834; x_wconf 91' lang='lat' dir='ltr'>F</span> <span class='ocrx_word' id='word_1_151' title='bbox 1108 2785 1350 2855; x_wconf 75' lang='lat' dir='ltr'>ratreS,</span> <span class='ocrx_word' id='word_1_152' title='bbox 1394 2765 1666 2863; x_wconf 88' lang='lat' dir='ltr'>inquit,</span> <span class='ocrx_word' id='word_1_153' title='bbox 1698 2786 1765 2836; x_wconf 86' lang='lat' dir='ltr'>et</span> <span class='ocrx_word' id='word_1_154' title='bbox 1792 2765 2054 2864; x_wconf 88' lang='lat' dir='ltr'>gemini</span> <span class='ocrx_word' id='word_1_155' title='bbox 2084 2785 2315 2835; x_wconf 89' lang='lat' dir='ltr'>erant:</span> <span class='ocrx_word' id='word_1_156' title='bbox 2353 2762 2647 2860; x_wconf 89' lang='lat' dir='ltr'>ideoque</span> <span class='ocrx_word' id='word_1_157' title='bbox 2677 2790 2827 2834; x_wconf 87' lang='lat' dir='ltr'>cre-</span> 
     </span>
     <span class='ocr_line' id='line_1_21' title="bbox 743 2878 2828 2978; baseline 0 -30"><span class='ocrx_word' id='word_1_158' title='bbox 743 2879 953 2949; x_wconf 90' lang='lat' dir='ltr'>dibile</span> <span class='ocrx_word' id='word_1_159' title='bbox 990 2901 1091 2949; x_wconf 92' lang='lat' dir='ltr'>est</span> <span class='ocrx_word' id='word_1_160' title='bbox 1125 2880 1253 2951; x_wconf 90' lang='lat' dir='ltr'>illis</span> <span class='ocrx_word' id='word_1_161' title='bbox 1295 2882 1629 2953; x_wconf 89' lang='lat' dir='ltr'>eumdem</span> <span class='ocrx_word' id='word_1_162' title='bbox 1669 2883 1877 2953; x_wconf 90' lang='lat' dir='ltr'>fuisse</span> <span class='ocrx_word' id='word_1_163' title='bbox 1920 2882 2349 2978; x_wconf 75' lang='lat' dir='ltr'>languorem.</span> <span class='ocrx_word' id='word_1_164' title='bbox 2396 2883 2635 2976; x_wconf 80' lang='lat' dir='ltr'>Rogo,</span> <span class='ocrx_word' id='word_1_165' title='bbox 2677 2878 2828 2976; x_wconf 90' lang='lat' dir='ltr'>quis</span> 
     </span>
     <span class='ocr_line' id='line_1_22' title="bbox 743 2992 2827 3093; baseline -0 -30"><span class='ocrx_word' id='word_1_166' title='bbox 743 2992 816 3063; x_wconf 87' lang='lat' dir='ltr'>in</span> <span class='ocrx_word' id='word_1_167' title='bbox 868 2992 1012 3063; x_wconf 91' lang='lat' dir='ltr'>ullo</span> <span class='ocrx_word' id='word_1_168' title='bbox 1058 2995 1461 3067; x_wconf 87' lang='lat' dir='ltr'>mortalium</span> <span class='ocrx_word' id='word_1_169' title='bbox 1508 2998 1681 3066; x_wconf 88' lang='lat' dir='ltr'>ferat</span> <span class='ocrx_word' id='word_1_170' title='bbox 1735 2995 2194 3093; x_wconf 86' lang='lat' dir='ltr'>ignorantiam</span> <span class='ocrx_word' id='word_1_171' title='bbox 2231 2993 2480 3092; x_wconf 89' lang='lat' dir='ltr'>pariter</span> <span class='ocrx_word' id='word_1_172' title='bbox 2525 3013 2591 3063; x_wconf 90' lang='lat' dir='ltr'>et</span> <span class='ocrx_word' id='word_1_173' title='bbox 2631 2992 2827 3064; x_wconf 83' lang='lat' dir='ltr'>affir-</span> 
     </span>
     <span class='ocr_line' id='line_1_23' title="bbox 740 3102 2825 3211; baseline -0 -32"><span class='ocrx_word' id='word_1_174' title='bbox 740 3102 1172 3181; x_wconf 83' lang='lat' dir='ltr'>mationem?</span> <span class='ocrx_word' id='word_1_175' title='bbox 1204 3111 1514 3209; x_wconf 89' lang='lat' dir='ltr'>quisquis</span> <span class='ocrx_word' id='word_1_176' title='bbox 1550 3111 1802 3199; x_wconf 81' lang='lat' dir='ltr'>nescit,</span> <span class='ocrx_word' id='word_1_177' title='bbox 1839 3111 2029 3211; x_wconf 88' lang='lat' dir='ltr'>quod</span> <span class='ocrx_word' id='word_1_178' title='bbox 2065 3138 2283 3206; x_wconf 92' lang='lat' dir='ltr'>genus</span> <span class='ocrx_word' id='word_1_179' title='bbox 2314 3108 2668 3207; x_wconf 87' lang='lat' dir='ltr'>languoris</span> <span class='ocrx_word' id='word_1_180' title='bbox 2701 3109 2786 3179; x_wconf 87' lang='lat' dir='ltr'>sit</span> <span class='ocrx_word' id='word_1_181' title='bbox 2807 3164 2825 3195; x_wconf 88' lang='lat'>,</span> 
     </span>
     <span class='ocr_line' id='line_1_24' title="bbox 741 3222 2826 3324; baseline 0 -32"><span class='ocrx_word' id='word_1_182' title='bbox 741 3250 883 3293; x_wconf 90' lang='lat' dir='ltr'>non</span> <span class='ocrx_word' id='word_1_183' title='bbox 923 3246 1146 3321; x_wconf 90' lang='lat' dir='ltr'>potest</span> <span class='ocrx_word' id='word_1_184' title='bbox 1173 3225 1379 3313; x_wconf 87' lang='lat' dir='ltr'>scire,</span> <span class='ocrx_word' id='word_1_185' title='bbox 1423 3252 1514 3296; x_wconf 89' lang='lat' dir='ltr'>an</span> <span class='ocrx_word' id='word_1_186' title='bbox 1548 3225 1738 3297; x_wconf 88' lang='lat' dir='ltr'>idem</span> <span class='ocrx_word' id='word_1_187' title='bbox 1768 3226 1855 3297; x_wconf 89' lang='lat' dir='ltr'>sit</span> <span class='ocrx_word' id='word_1_188' title='bbox 1887 3253 1899 3294; x_wconf 91' lang='lat'><strong>:</strong></span> <span class='ocrx_word' id='word_1_189' title='bbox 1935 3224 2142 3314; x_wconf 87' lang='lat' dir='ltr'>nihil,</span> <span class='ocrx_word' id='word_1_190' title='bbox 2168 3224 2477 3324; x_wconf 76' lang='lat' dir='ltr'>judiceS,</span> <span class='ocrx_word' id='word_1_191' title='bbox 2513 3222 2587 3294; x_wconf 88' lang='lat' dir='ltr'>in</span> <span class='ocrx_word' id='word_1_192' title='bbox 2624 3222 2826 3296; x_wconf 89' lang='lat' dir='ltr'>rebus</span> 
     </span>
     <span class='ocr_line' id='line_1_25' title="bbox 742 3337 2825 3438; baseline 0.001 -31"><span class='ocrx_word' id='word_1_193' title='bbox 742 3337 1067 3410; x_wconf 88' lang='lat' dir='ltr'>humanis</span> <span class='ocrx_word' id='word_1_194' title='bbox 1093 3340 1310 3411; x_wconf 87' lang='lat' dir='ltr'>voluit</span> <span class='ocrx_word' id='word_1_195' title='bbox 1335 3367 1475 3412; x_wconf 88' lang='lat' dir='ltr'>esse</span> <span class='ocrx_word' id='word_1_196' title='bbox 1500 3367 1724 3410; x_wconf 88' lang='lat' dir='ltr'>rerum</span> <span class='ocrx_word' id='word_1_197' title='bbox 1752 3362 1995 3411; x_wconf 91' lang='lat' dir='ltr'>natura</span> <span class='ocrx_word' id='word_1_198' title='bbox 2019 3362 2161 3411; x_wconf 87' lang='lat' dir='ltr'>tam</span> <span class='ocrx_word' id='word_1_199' title='bbox 2187 3339 2411 3411; x_wconf 89' lang='lat' dir='ltr'>simile</span> <span class='ocrx_word' id='word_1_200' title='bbox 2431 3397 2448 3427; x_wconf 88' lang='lat'>,</span> <span class='ocrx_word' id='word_1_201' title='bbox 2471 3339 2825 3438; x_wconf 85' lang='lat' dir='ltr'>quodnon</span> 
     </span>
     <span class='ocr_line' id='line_1_26' title="bbox 740 3451 2826 3552; baseline 0.001 -30"><span class='ocrx_word' id='word_1_202' title='bbox 740 3451 979 3550; x_wconf 88' lang='lat' dir='ltr'>aliqua</span> <span class='ocrx_word' id='word_1_203' title='bbox 1005 3455 1413 3552; x_wconf 83' lang='lat' dir='ltr'>proprietate</span> <span class='ocrx_word' id='word_1_204' title='bbox 1434 3477 1839 3526; x_wconf 86' lang='lat' dir='ltr'>secerneret.</span> <span class='ocrx_word' id='word_1_205' title='bbox 1873 3456 2070 3546; x_wconf 88' lang='lat' dir='ltr'>Quid</span> <span class='ocrx_word' id='word_1_206' title='bbox 2095 3457 2299 3527; x_wconf 87' lang='lat' dir='ltr'>refert</span> <span class='ocrx_word' id='word_1_207' title='bbox 2319 3510 2337 3542; x_wconf 99' lang='lat'>,</span> <span class='ocrx_word' id='word_1_208' title='bbox 2362 3481 2452 3525; x_wconf 87' lang='lat' dir='ltr'>an</span> <span class='ocrx_word' id='word_1_209' title='bbox 2481 3481 2560 3525; x_wconf 82' lang='lat' dir='ltr'>ex</span> <span class='ocrx_word' id='word_1_210' title='bbox 2581 3453 2826 3525; x_wconf 90' lang='lat' dir='ltr'>iisdem</span> 
     </span>
     <span class='ocr_line' id='line_1_27' title="bbox 740 3568 2828 3669; baseline 0.001 -33"><span class='ocrx_word' id='word_1_211' title='bbox 740 3568 964 3666; x_wconf 90' lang='lat' dir='ltr'>prima</span> <span class='ocrx_word' id='word_1_212' title='bbox 999 3569 1117 3640; x_wconf 88' lang='lat' dir='ltr'>illa</span> <span class='ocrx_word' id='word_1_213' title='bbox 1147 3570 1451 3641; x_wconf 89' lang='lat' dir='ltr'>duorum</span> <span class='ocrx_word' id='word_1_214' title='bbox 1484 3597 1855 3669; x_wconf 90' lang='lat' dir='ltr'>corporum</span> <span class='ocrx_word' id='word_1_215' title='bbox 1903 3571 2448 3668; x_wconf 86' lang='lat' dir='ltr'>animorumque</span> <span class='ocrx_word' id='word_1_216' title='bbox 2491 3595 2828 3667; x_wconf 89' lang='lat' dir='ltr'>compago</span> 
     </span>
     <span class='ocr_line' id='line_1_28' title="bbox 739 3682 2827 3786; baseline 0.001 -35"><span class='ocrx_word' id='word_1_217' title='bbox 739 3682 1128 3754; x_wconf 89' lang='lat' dir='ltr'>seminibus</span> <span class='ocrx_word' id='word_1_218' title='bbox 1159 3685 1459 3756; x_wconf 85' lang='lat' dir='ltr'>oriatur?</span> <span class='ocrx_word' id='word_1_219' title='bbox 1491 3686 1634 3757; x_wconf 86' lang='lat' dir='ltr'>sibi·</span> <span class='ocrx_word' id='word_1_220' title='bbox 1652 3686 1945 3786; x_wconf 92' lang='lat' dir='ltr'>quisque</span> <span class='ocrx_word' id='word_1_221' title='bbox 1975 3687 2325 3774; x_wconf 89' lang='lat' dir='ltr'>firmatur;</span> <span class='ocrx_word' id='word_1_222' title='bbox 2362 3684 2493 3755; x_wconf 89' lang='lat' dir='ltr'>sibi</span> <span class='ocrx_word' id='word_1_223' title='bbox 2533 3683 2827 3783; x_wconf 91' lang='lat' dir='ltr'>quisque</span> 
     </span>
     <span class='ocr_line' id='line_1_29' title="bbox 741 3799 2829 3901; baseline 0.001 -35"><span class='ocrx_word' id='word_1_224' title='bbox 741 3799 1183 3896; x_wconf 88' lang='lat' dir='ltr'>componitur</span> <span class='ocrx_word' id='word_1_225' title='bbox 1198 3814 1222 3844; x_wconf 80' lang='lat'>²</span> <span class='ocrx_word' id='word_1_226' title='bbox 1245 3831 1261 3889; x_wconf 91' lang='lat'>;</span> <span class='ocrx_word' id='word_1_227' title='bbox 1286 3822 1352 3873; x_wconf 85' lang='lat' dir='ltr'>et</span> <span class='ocrx_word' id='word_1_228' title='bbox 1375 3801 1513 3873; x_wconf 90' lang='lat' dir='ltr'>duo</span> <span class='ocrx_word' id='word_1_229' title='bbox 1533 3803 1846 3901; x_wconf 89' lang='lat' dir='ltr'>pluresve</span> <span class='ocrx_word' id='word_1_230' title='bbox 1868 3804 2104 3873; x_wconf 89' lang='lat' dir='ltr'>fratres</span> <span class='ocrx_word' id='word_1_231' title='bbox 2133 3822 2510 3873; x_wconf 87' lang='lat' dir='ltr'>nascuntur</span> <span class='ocrx_word' id='word_1_232' title='bbox 2538 3801 2675 3871; x_wconf 85' lang='lat' dir='ltr'>fato</span> <span class='ocrx_word' id='word_1_233' title='bbox 2697 3800 2829 3870; x_wconf 88' lang='lat' dir='ltr'>sin-</span> 
     </span>
     <span class='ocr_line' id='line_1_30' title="bbox 739 3911 2827 4016; baseline 0.001 -34"><span class='ocrx_word' id='word_1_234' title='bbox 739 3911 1089 4008; x_wconf 88' lang='lat' dir='ltr'>gulorum.</span> <span class='ocrx_word' id='word_1_235' title='bbox 1128 3918 1328 3988; x_wconf 89' lang='lat' dir='ltr'>Hanc</span> <span class='ocrx_word' id='word_1_236' title='bbox 1360 3916 1581 4015; x_wconf 89' lang='lat' dir='ltr'>ipsam</span> <span class='ocrx_word' id='word_1_237' title='bbox 1614 3917 2152 3989; x_wconf 87' lang='lat' dir='ltr'>indifferentiam</span> <span class='ocrx_word' id='word_1_238' title='bbox 2177 3974 2194 4007; x_wconf 92' lang='lat'>,</span> <span class='ocrx_word' id='word_1_239' title='bbox 2232 3943 2446 4016; x_wconf 91' lang='lat' dir='ltr'>quam</span> <span class='ocrx_word' id='word_1_240' title='bbox 2481 3915 2827 3987; x_wconf 88' lang='lat' dir='ltr'>mirantur</span> 
     </span>
    </p>
   </div>
   <div class='ocr_carea' id='block_1_3' title="bbox 740 4128 2825 4357">
    <p class='ocr_par' dir='ltr' id='par_1_4' title="bbox 740 4128 2825 4357">
     <span class='ocr_line' id='line_1_31' title="bbox 818 4128 2825 4205; baseline 0.001 -28"><span class='ocrx_word' id='word_1_241' title='bbox 818 4144 835 4177; x_wconf 89' lang='lat'>1</span> <span class='ocrx_word' id='word_1_242' title='bbox 850 4168 860 4178; x_wconf 94' lang='lat'>.</span> <span class='ocrx_word' id='word_1_243' title='bbox 886 4128 993 4179; x_wconf 78' lang='lat' dir='ltr'>Um·</span> <span class='ocrx_word' id='word_1_244' title='bbox 1007 4135 1302 4200; x_wconf 77' lang='lat' dir='ltr'>proesertim.</span> <span class='ocrx_word' id='word_1_245' title='bbox 1322 4133 1427 4200; x_wconf 83' lang='lat' dir='ltr'>Qui</span> <span class='ocrx_word' id='word_1_246' title='bbox 1441 4133 1535 4184; x_wconf 81' lang='lat' dir='ltr'>tibi</span> <span class='ocrx_word' id='word_1_247' title='bbox 1551 4151 1611 4184; x_wconf 83' lang='lat' dir='ltr'>su</span> <span class='ocrx_word' id='word_1_248' title='bbox 1621 4136 1741 4197; x_wconf 68' lang='grc' dir='ltr'>τεὴ,</span> <span class='ocrx_word' id='word_1_249' title='bbox 1897 4151 1944 4184; x_wconf 86' lang='lat'>2.</span> <span class='ocrx_word' id='word_1_250' title='bbox 1961 4134 2070 4185; x_wconf 71' lang='lat' dir='ltr'>Sibi</span> <span class='ocrx_word' id='word_1_251' title='bbox 2083 4134 2299 4205; x_wconf 73' lang='lat' dir='ltr'>quisque</span> <span class='ocrx_word' id='word_1_252' title='bbox 2306 4128 2570 4200; x_wconf 81' lang='lat' dir='ltr'>firmatur,</span> <span class='ocrx_word' id='word_1_253' title='bbox 2584 4129 2679 4181; x_wconf 74' lang='lat' dir='ltr'>sibi</span> <span class='ocrx_word' id='word_1_254' title='bbox 2689 4131 2825 4202; x_wconf 79' lang='lat' dir='ltr'>quis·</span> 
     </span>
     <span class='ocr_line' id='line_1_32' title="bbox 740 4206 2824 4286; baseline 0.004 -32"><span class='ocrx_word' id='word_1_255' title='bbox 740 4219 797 4255; x_wconf 83' lang='lat' dir='ltr'>ut</span> <span class='ocrx_word' id='word_1_256' title='bbox 836 4206 1055 4259; x_wconf 74' lang='lat' dir='ltr'>alterum</span> <span class='ocrx_word' id='word_1_257' title='bbox 1094 4210 1443 4264; x_wconf 84' lang='lat' dir='ltr'>occidendum</span> <span class='ocrx_word' id='word_1_258' title='bbox 1484 4212 1742 4284; x_wconf 76' lang='lat' dir='ltr'>praeberes</span> <span class='ocrx_word' id='word_1_259' title='bbox 1822 4234 1924 4286; x_wconf 82' lang='lat' dir='ltr'>que</span> <span class='ocrx_word' id='word_1_260' title='bbox 1937 4215 2281 4286; x_wconf 76' lang='lat' dir='ltr'>componitur.</span> <span class='ocrx_word' id='word_1_261' title='bbox 2298 4217 2379 4265; x_wconf 84' lang='lat' dir='ltr'>An</span> <span class='ocrx_word' id='word_1_262' title='bbox 2389 4212 2694 4282; x_wconf 81' lang='lat' dir='ltr'>formatur?</span> <span class='ocrx_word' id='word_1_263' title='bbox 2707 4210 2824 4263; x_wconf 74' lang='lat' dir='ltr'>vide</span> 
     </span>
     <span class='ocr_line' id='line_1_33' title="bbox 740 4286 2623 4357; baseline -0.001 -15"><span class='ocrx_word' id='word_1_264' title='bbox 740 4286 984 4342; x_wconf 74' lang='lat' dir='ltr'>filiorum.</span> <span class='ocrx_word' id='word_1_265' title='bbox 1827 4292 1897 4343; x_wconf 82' lang='lat' dir='ltr'>ad</span> <span class='ocrx_word' id='word_1_266' title='bbox 1923 4292 2155 4343; x_wconf 84' lang='lat' dir='ltr'>Declam.</span> <span class='ocrx_word' id='word_1_267' title='bbox 2181 4293 2274 4357; x_wconf 83' lang='lat' dir='ltr'>lv,</span> <span class='ocrx_word' id='word_1_268' title='bbox 2307 4290 2386 4356; x_wconf 73' lang='grc'>14.</span> <span class='ocrx_word' id='word_1_269' title='bbox 2408 4291 2623 4342; x_wconf 74' lang='lat' dir='ltr'>Scucvr.</span> 
     </span>
    </p>
   </div>
  </div>
 </body>
</html>
