3200 5117
746 561 1374 628 DECLAMATIO
1419 563 1471 627 Ι.
1519 562 1703 628 PRO
1745 563 2031 630 CAECO.
2342 568 2418 633 13

360 680 763 755 conscientia
797 683 1059 782 trepida
1087 684 1366 756 velavit:
1397 705 1538 756 tam
1572 705 1774 758 notus
1801 685 1875 758 in
1907 684 2226 759 cubiculo
2256 688 2420 776 fuit,

360 821 572 894 quam
598 798 852 871 caecitas
876 798 1162 872 domini.
1189 797 1519 897 Quisquis
1540 800 1800 871 ferrum
1821 821 2147 900 praeparat
2165 800 2418 891 sceleri,

357 910 453 982 sic
484 912 659 985 illud
687 914 922 1002 habet,
952 936 1027 987 ut
1057 915 1267 1015 possit
1295 942 1503 988 suum
1538 940 1813 1014 negare.

455 1028 574 1099 IX.
619 1029 857 1101 Ponite
903 1056 1092 1102 nunc
1125 1051 1281 1102 ante
1321 1028 1554 1102 oculos
1590 1050 1826 1102 actum·
1860 1030 2265 1128 parricidii¹‚
2302 1030 2420 1103 de-

359 1140 792 1239 prehendetis
813 1143 1311 1215 difficultatem.
1330 1146 1535 1217 Dono
1553 1142 1726 1215 illud
1743 1175 1761 1234 3
1789 1145 1958 1217 dum
1976 1172 2018 1217 a
2036 1171 2159 1217 suo
2177 1145 2419 1218 limine

358 1254 772 1350 egreditur²‚
801 1255 974 1326 dum
1006 1255 1159 1327 illos
1186 1281 1359 1353 quos
1390 1257 1649 1354 accepit
1675 1283 1716 1328 a
1739 1277 1923 1356 patre
1946 1257 2274 1346 servulos,
2302 1258 2421 1331 fal-

358 1363 472 1437 lit:
505 1393 659 1439 ecce
684 1367 1082 1440 cubiculum
1116 1369 1293 1440 senis
1317 1368 1573 1441 invenit
1594 1369 1995 1466 aliquando,
2019 1396 2173 1442 ecce
2201 1371 2419 1469 paries

358 1478 474 1551 ille
503 1479 767 1570 deficit,
806 1502 874 1553 et
911 1482 1320 1580 percussoris
1354 1509 1600 1554 manus
1632 1483 1858 1556 subito
1895 1483 2228 1574 destituit,
2269 1511 2418 1558 ces-

357 1618 508 1664 sere
528 1593 707 1665 fores
738 1594 882 1666 sine
915 1595 1237 1693 strepitu:
1269 1595 1436 1693 quid
1464 1618 1696 1694 postea
1720 1596 1894 1695 agit?
1920 1620 2157 1670 utrum
2186 1597 2416 1696 ipsum

357 1706 660 1781 cubiculi
684 1709 1006 1807 parietem
1028 1710 1372 1801 circumit,
1397 1738 1485 1782 an
1507 1737 1576 1782 se
1597 1711 1962 1786 committit
1979 1712 2049 1783 in
2072 1713 2380 1784 medium
2395 1771 2416 1804 .,

359 1841 425 1892 et
446 1848 569 1921 per
589 1823 804 1920 spatia
833 1823 1277 1896 tenebrarum
1307 1845 1646 1896 armatam
1682 1851 1968 1895 manum
1984 1826 2228 1926 jactat?
2250 1829 2420 1899 Ecce

358 1934 567 2034 patris
606 1934 943 2009 lectulum
989 1958 1202 2028 tenet,
1254 1959 1320 2010 et
1348 1938 1499 2039 jam
1545 1938 2039 2010 dormientium
2078 1940 2423 2012 anhelitus

360 2050 981 2142 imminensuudit3
1011 2054 1196 2127 unde
1225 2054 1420 2142 sciet,
1448 2079 1588 2152 quo
1622 2053 1866 2152 dirigat
1891 2053 2189 2126 ferrum?
2209 2082 2420 2152 quem

360 2167 583 2264 potius
605 2166 800 2240 feriat
825 2196 902 2241 ex
930 2169 1240 2241 duobus?
1266 2168 1587 2240 Tentavit
1620 2193 1781 2266 ergo
1813 2168 2074 2258 vultus,
2103 2189 2167 2239 et
2190 2191 2424 2266 pectus

358 2280 746 2381 objectum?
785 2283 1253 2356 brevissimam
1289 2284 1605 2381 perituroe
1642 2284 1890 2354 animae
1928 2282 2106 2354 viam
2144 2284 2424 2379 quaerit?

357 2415 426 2467 et
447 2417 746 2493 quantus
770 2398 895 2470 erit
918 2426 1151 2497 sopor,
1177 2399 1298 2497 qui
1325 2399 1452 2471 ista
1476 2424 1618 2470 non
1639 2396 1914 2470 sentiat?
1941 2397 2167 2488 Dices,
2195 2421 2423 2497 neque

359 2536 488 2607 ego
519 2511 720 2583 sensi.
756 2512 918 2584 Ideo
953 2512 1269 2610 intelligis
1301 2519 1510 2609 quam
1548 2510 1806 2582 malam
1829 2521 2105 2583 causam
2137 2511 2417 2600 habeas,

358 2623 563 2722 cujus
600 2645 669 2696 et
706 2652 845 2696 una
879 2647 943 2698 et
976 2625 1390 2699 incredibilis
1428 2626 1734 2697 defensio
1775 2629 1892 2696 est'.
1939 2627 2039 2696 Ita
2071 2623 2311 2698 feritur
2347 2625 2422 2695 in

358 2738 516 2811 sinu
552 2760 673 2811 tuo
702 2742 1019 2830 maritus,
1044 2762 1111 2813 et
1135 2763 1209 2814 tu
1241 2740 1413 2812 nihil
1437 2739 1680 2812 sentis?
1710 2739 1816 2810 Ad
1850 2737 2027 2810 latus
2051 2760 2255 2811 tuum
2282 2740 2423 2811 fata

359 2854 663 2927 hominis
695 2854 1186 2954 peraguntur-³3
1217 2879 1291 2929 tu
1318 2857 1508 2957 jaces
1523 2853 1579 2944 4,
1614 2877 1950 2949 tanquam
1976 2872 2039 2923 te
2073 2853 2421 2951 privignus

358 2968 683 3042 occiderit
700 2970 1026 3068 priorem?
1035 2973 1137 3042 Ita
1147 2997 1290 3042 non
1307 2969 1417 3041 ille
1435 2965 1820 3068 percussus⁵
1841 2985 1941 3037 est
1956 2964 2194 3051 homo,
2208 2990 2421 3062 quem

358 3130 484 3183 loco
514 3150 749 3197 movere,
772 3135 931 3184 immo
955 3146 1007 3185 et
1030 3133 1230 3186 tollere.
1255 3135 1348 3185 En.
1429 3132 1566 3183 ferre
1577 3133 1903 3192 Novercam;
1927 3129 2083 3205 etiam
2108 3129 2334 3180 animum
2357 3128 2423 3181 il-

439 3211 1109 3281 1.Actumparricidii.Qua
1124 3213 1352 3277 ratione,
1429 3210 1530 3264 lius
1568 3212 1737 3281 arguit
1768 3210 2108 3263 humanitatis
2145 3222 2195 3261 et
2232 3210 2421 3261 amoris

364 3288 555 3361 quibus
569 3289 966 3340 circumstantiis
982 3303 1240 3360 patratum
1258 3290 1356 3341 fuit
1433 3304 1724 3362 expertem,
1747 3309 1854 3361 quo
1878 3289 2008 3341 nihil
2032 3291 2286 3341 curaverit
2311 3308 2423 3341 ma-

362 3370 600 3434 facinus‚
625 3387 728 3438 quo
757 3387 913 3420 sensu
942 3383 1055 3420 tum
1078 3371 1354 3435 Novemae,
1431 3374 1587 3421 ritum
1605 3384 1878 3433 senem‚ut
1898 3384 1946 3421 et
1964 3374 2112 3440 juxta
2131 3368 2266 3422 latus
2287 3369 2422 3422 iuius

363 3465 475 3501 tum
497 3450 656 3515 caeci,
679 3468 836 3520 quem
858 3464 1136 3502 nocentem
1154 3449 1356 3501 condo-
1432 3450 1561 3502 nihil
1596 3449 1699 3503 hoc
1736 3451 2004 3504 sentientis
2035 3451 2285 3503 trucidari
2323 3469 2424 3521 po-

364 3540 457 3579 nat
473 3530 681 3593 Noster,
698 3540 759 3579 ut
776 3528 969 3579 firmius
989 3527 1253 3580 refellatur
1268 3546 1355 3580 ac·
1434 3534 1619 3598 tuerit,
1657 3530 1865 3602 qualem
1903 3550 2022 3602 erga
2060 3550 2423 3604 quemcunque

366 3606 587 3658 cusatio.
1201 3638 1208 3648 -
1433 3611 1762 3662 morientium
1781 3608 2051 3660 hominum
2071 3630 2125 3662 se
2145 3609 2423 3681 praebuisse

436 3704 487 3750 a.
512 3688 664 3739 Dono
684 3684 847 3746 inuh
866 3685 991 3736 dum
1013 3705 1046 3736 a
1064 3703 1154 3738 suo
1176 3683 1358 3737 limine
1434 3689 1633 3740 crimen
1657 3688 1810 3739 foret.

364 3765 640 3837 egreditur,
671 3777 771 3815 etc.
811 3766 924 3816 Hoc
959 3777 1069 3828 est,
1098 3782 1205 3815 non
1237 3777 1358 3816 utor
1503 3767 1552 3833 4.
1580 3768 1660 3818 Τιι
1672 3770 1832 3838 jaces.
1859 3770 1927 3819 Ut
1949 3767 2163 3819 Declam
2190 3787 2249 3821 2:
2282 3791 2305 3813 ι
2324 3769 2426 3820 No·

364 3843 500 3895 hoca
530 3862 637 3893 non
664 3841 795 3894 illud
823 3857 1176 3912 argumentor,
1200 3862 1355 3916 quam
1441 3869 1464 3893 ι
1482 3845 1689 3898 vernam
1714 3850 1864 3916 juxta
1895 3847 2118 3899 cadaver
2144 3850 2217 3900 sic
2239 3852 2424 3919 jacen-

364 3918 576 3973 difficile
599 3921 752 3972 fuerit
779 3939 808 3971 a
830 3920 1004 3972 limine
1029 3920 1229 3990 egredi,
1257 3941 1360 3973 ser·
1441 3946 1464 3970 ι
1482 3937 1613 3984 tem;
1635 3948 1657 3972 ι
1686 3938 1737 3975 et
1761 3923 1917 3974 ibid.:
1952 3947 1974 3969 κ
1991 3925 2074 3975 Tu
2092 3928 2268 3995 jaces,
2293 3939 2342 3978 et
2371 3928 2424 3977 in

346 3998 517 4059 ,valon
537 3997 733 4074 fallere.
758 3998 919 4052 Giton.
943 3998 1217 4052 observat.
1229 4037 1247 4066 ‚
1263 3998 1353 4053 lib.
1440 4028 1463 4051 ιι
1481 4003 1747 4058 cadaveris
1766 4003 2153 4057 similitudinem
2167 4024 2335 4076 usque
2349 4025 2424 4056 re-

367 4076 436 4127 ΙΙΙ
451 4113 469 4141 .,
492 4095 610 4146 cap.
639 4076 722 4128 23.
1441 4104 1463 4127 e·
1483 4081 1658 4133 soluta
1681 4100 1755 4133 es.
1779 4104 1802 4128 ι

437 4162 489 4211 3.
528 4159 656 4212 Fata
687 4168 1019 4230 peraguntur.
1052 4159 1143 4209 nis
1173 4171 1359 4228 praeter
1506 4165 1555 4216 5.
1588 4164 1673 4214 Ita
1707 4181 1813 4215 non
1848 4161 1940 4214 ille
1969 4180 2244 4234 percussus.
2274 4165 2427 4213 Amat

370 4257 528 4313 quam
555 4238 701 4312 quod
725 4239 952 4292 ostendit
983 4238 1252 4294 credibilia
1280 4239 1359 4294 af·
1436 4245 1629 4297 Noster
1651 4244 2114 4315 interrogationem
2134 4241 2291 4311 hujus
2311 4259 2428 4296 no-
