3200 5117
718 623 1356 694 DECLAMATIO
1400 620 1541 687 ιιι.
1590 619 1777 687 Pno
1819 591 2199 691 ΜιιᾴιΤΕ.
2424 630 2510 719 ⁴9

414 773 576 826 rum
614 753 972 853 legionum
1010 749 1408 850 manipulos
1449 768 1673 821 scorta
1692 763 1714 814 ¹.
1759 748 2095 848 deligere,
2134 772 2206 824 et
2240 750 2330 824 ad
2370 777 2516 828 stu-

417 895 627 969 prum
660 869 923 942 trahere
956 887 1382 941 sacramento
1418 885 1688 964 rogatos
1721 864 2004 964 posthac
2043 865 2245 940 liceat
2278 895 2357 940 ex
2396 870 2520 942 de-

417 1004 602 1057 creto
617 1004 767 1057 tuo:
789 1011 919 1057 nec
936 984 1154 1084 pudet
1168 1002 1636 1055 accusatorem
1656 981 1849 1080 apud
1866 984 1947 1053 C.
1967 983 2272 1056 Marium
2289 987 2520 1085 (quod

390 1098 822 1197 ‚exemplum
852 1097 1178 1170 divinitus
1212 1095 1415 1168 nobis
1443 1095 1688 1168 datum
1720 1093 2025 1187 videtur,
2062 1099 2232 1198 quid
2271 1100 2343 1172 in
2384 1101 2520 1173 ho-

422 1211 612 1284 mine
634 1212 849 1285 virtus
877 1211 1122 1312 possit)
1161 1210 1615 1282 assidentibus
1648 1209 1884 1309 legatis
1913 1214 2423 1314 praefectisque,
2455 1238 2523 1292 et

421 1326 594 1417 istis,
620 1327 719 1399 illi
743 1326 1060 1426 prodigio
1081 1324 1597 1413 dissimillimis,
1617 1323 1912 1398 tribunis
1933 1346 2072 1399 toto
2091 1350 2520 1426 armatorum

414 1440 683 1542 judicio
715 1440 1011 1542 objicere
1038 1438 1277 1525 Militi,
1304 1437 1494 1539 quod
1510 1437 1620 1510 'vir
1642 1438 1758 1511 sit:
1790 1461 2209 1542 tantumque
2234 1470 2378 1517 non
2403 1443 2526 1517 du-

425 1582 589 1627 rum
609 1583 687 1628 ac
707 1555 1044 1627 rusticum
1058 1611 1078 1646 ‚
1104 1554 1225 1627 sed
1245 1581 1496 1654 parum
1520 1554 1918 1629 meretriciis
1937 1556 2194 1631 artibus
2214 1561 2528 1659 queritur

425 1671 825 1744 educatum.
861 1674 951 1744 At
981 1697 1141 1770 ego,
1170 1670 1228 1743 si
1258 1661 1399 1771 qua
1427 1692 1525 1744 est
1547 1670 1750 1760 fides,
1776 1671 2186 1771 pudicitiam
2215 1675 2287 1747 in
2312 1677 2530 1749 milite

425 1788 636 1860 etiam
664 1787 946 1859 laudare
983 1787 1355 1860 erubesco:
1386 1786 1813 1859 feminarum
1849 1808 1948 1861 est
1979 1789 2105 1861 ista
2134 1790 2380 1863 virtus:
2409 1791 2536 1863 ali-

428 1924 529 1976 ter
557 1903 953 1976 laudandus
980 1923 1079 1976 est
1108 1903 1211 1976 vir
1238 1903 1466 1991 fortis,
1491 1904 1786 1976 idoneus
1810 1904 2030 1998 hello,
2055 1929 2418 2006 promptus
2442 1906 2534 1979 ad

428 2020 731 2120 pericula
772 2020 1153 2121 praestan'tis
1198 2020 1461 2112 animi,
1508 2019 1729 2093 libere
1773 2020 2004 2093 dicam
2022 2078 2040 2112 ,
2084 2021 2363 2121 dignior
2408 2023 2537 2121 qui

429 2135 751 2210 tribunus
781 2158 952 2209 esset
978 2163 994 2209 ε
1022 2136 1154 2209 hoc
1179 2135 1373 2208 enim
1401 2137 1798 2235 propinquo
1816 2191 1835 2225 ,
1854 2137 2068 2228 Mari,
2090 2164 2231 2209 non
2254 2138 2536 2210 erubes-

427 2277 636 2325 ceres.
654 2254 855 2325 Pater
869 2251 1035 2329 huic
1051 2250 1353 2324 emeritis
1368 2249 1549 2321 bello
1570 2242 1929 2353 stipendiis
1948 2271 2099 2324 tum
2116 2308 2134 2341 ,
2156 2280 2382 2350 quum
2398 2274 2540 2326 tota

432 2368 811 2441 subnixum
840 2365 1177 2439 Numidia
1210 2365 1547 2464 fregimus
1579 2366 2032 2463 Jugurtliam,
2068 2390 2538 2442 exauctoratus

432 2484 646 2556 armis
693 2496 988 2555 manus²
1033 2481 1280 2581 agresti
1326 2480 1558 2560 labore
1601 2480 1892 2580 subegit.
1938 2483 2262 2555 Praedura
2300 2486 2536 2584 priscis

430 2600 748 2673 moribus
777 2620 1028 2690 mater,
1054 2597 1527 2698 frigoribusac
1555 2597 1815 2670 solibus
1844 2598 2192 2697 perusta3‚
2218 2601 2371 2672 etin
2399 2601 2538 2700 ple·

435 2716 663 2815 risque
697 2715 875 2787 ruris
908 2714 1234 2814 operibus
1269 2713 1519 2785 marito
1548 2714 1918 2816 perticepS,
1960 2717 2270 2807 affirm0,
2315 2745 2533 2817 quam

436 2857 649 2904 nemo
685 2831 1095 2931 appellasset
1132 2830 1428 2928 impune
1443 2828 1498 2902 4.
1544 2829 1675 2902 His
1722 2852 1909 2903 ortus
1947 2831 2124 2929 ipse,
2173 2835 2415 2931 procul
2452 2835 2543 2906 ab

436 2946 635 3020 omni
663 2967 979 3020 contactu
1007 2966 1371 3019 recesserat
1387 3000 1406 3036 ‚
1430 2945 1729 3046 pueriles
1752 2972 2036 3046 quoque
2061 2973 2281 3020 annos
2302 2949 2539 3049 aliquo

516 3169 535 3205 1
548 3193 562 3206 .
576 3154 773 3208 Scurra.
788 3155 870 3209 De
883 3158 998 3208 viro
1015 3157 1175 3208 etium
1193 3153 1298 3208 hac
1317 3172 1449 3207 voce
1526 3160 1593 3224 V,
1618 3157 1743 3211 Bell.
1761 3159 1943 3211 Punic.
1963 3180 1977 3210 ε
2003 3180 2025 3205 ι
2043 3157 2203 3212 Velut
2227 3171 2553 3211 exauctora-

443 3233 608 3285 utitur
650 3235 844 3287 Justin.
859 3273 877 3302 ,
924 3237 1028 3301 tx,
1075 3233 1111 3286 6
1132 3254 1146 3285 =
1196 3255 1219 3279 κ
1239 3232 1447 3285 Attalus

442 3333 471 3359 a
490 3316 805 3388 Punsauinm
819 3352 837 3382 ,
865 3315 1010 3368 velut
1042 3315 1144 3367 vile
1178 3329 1454 3401 scortum2

449 3414 474 3437 ι
494 3394 832 3444 convivorum
860 3392 1069 3445 libidini
1085 3392 1400 3462 subjecerat.
1420 3416 1443 3440 n

440 3472 586 3525 Idem
610 3472 703 3525 lib.
720 3473 904 3541 XXX,
927 3493 974 3526 c.
1000 3491 1060 3525 2:
1091 3495 1114 3520 ιι
1136 3473 1457 3544 Agathocles

447 3575 473 3599 οι
492 3553 781 3608 ambitiose
839 3554 1253 3627 pulchritudiuis
1310 3572 1459 3608 scor-

445 3656 473 3682 ·
491 3647 623 3687 mm.
643 3660 669 3684 ι

517 3733 567 3768 2.
608 3718 990 3773 Exauctomtas
1039 3717 1205 3770 amis
1248 3732 1452 3766 manus.

442 3798 804 3853 Σαπαῖοι-ειη
825 3814 904 3853 est
926 3812 1263 3853 auctoratum
1287 3810 1341 3849 et
1365 3796 1457 3850 ad·

442 3880 683 3930 strictum
702 3876 994 3946 dimittere,
1014 3878 1163 3931 ubire
1180 3879 1350 3930 sinere
1362 3915 1381 3942 ,
1402 3889 1455 3929 et

445 3976 547 4011 suo
578 3958 800 4013 arbitrio
834 3959 1091 4023 reddere;
1114 3957 1261 4031 quod
1295 3955 1456 4010 fiebat

445 4050 570 4107 post
588 4037 851 4110 stipendia
867 4039 1104 4092 emerita.
1119 4038 1232 4090 Liv.
1245 4075 1264 4102 ,
1280 4035 1370 4087 lib.
1384 4037 1455 4088 vl

444 4115 574 4170 Bell.
594 4118 909 4172 Manedum:
943 4142 964 4166 ιι
985 4122 1201 4172 Postero
1221 4116 1308 4170 die
1330 4135 1459 4169 eon-

452 4217 479 4242 «
496 4198 655 4250 eio‘ne
705 4198 963 4252 advocata
1009 4196 1077 4250 de
1122 4196 1280 4249 rebus
1324 4215 1356 4248 ιι
1399 4212 1456 4248 se

453 4301 480 4325 ι
497 4282 656 4351 gestis
679 4298 848 4353 quum
875 4278 1238 4343 disseruisset,
1267 4275 1458 4330 milites

456 4378 486 4401 ο
500 4371 879 4413 exauctor-«tos
893 4356 1106 4412 dimisit.
1123 4380 1148 4407 n
1172 4355 1348 4425 Idem,
1365 4353 1459 4407 lib.

664 4447 728 4514 5..

1532 3261 1555 3286 ιι
1574 3254 1661 3292 tus
1680 3252 1853 3291 morte
1871 3239 2022 3292 ducis
2038 3279 2055 3306 ,
2073 3239 2141 3292 ab
2163 3242 2326 3309 signis
2350 3239 2548 3293 disces-

1534 3332 1560 3355 ·
1577 3313 1663 3362 sit.
1685 3336 1708 3358 ι
1738 3310 1856 3363 vid.
1884 3315 2043 3364 etiam
2061 3311 2246 3365 nudoei
2272 3313 2548 3384 interpret.

1538 3392 1923 3463 mlUlpianum.
1951 3396 2046 3445 Eo.
2251 3435 2256 3440 .

1609 3474 1660 3526 3.
1680 3473 1884 3527 Solibus
1896 3482 2123 3546 perusta.
2145 3474 2434 3526 Horatiana
2454 3472 2550 3526 ina

1537 3554 1796 3623 respexit,
1821 3570 1884 3604 ex
1907 3551 2084 3624 Epod.
2105 3553 2181 3617 11,
2202 3571 2249 3604 v.
2277 3552 2339 3619 4¹
2364 3573 2376 3603 ε
2411 3575 2432 3597 ι
2453 3552 2552 3604 Sa-

1546 3652 1569 3677 «
1587 3631 1713 3682 bina
1742 3631 1913 3704 qualis
1933 3670 1950 3697 ,
1979 3646 2070 3683 aut
2099 3645 2317 3702 perusta
2346 3631 2558 3684 solibus·
2632 3639 2640 3649 '

1546 3732 1570 3756 ιι
1588 3712 1736 3762 Uxor
1760 3711 1987 3778 pernicis
2010 3708 2228 3782 Appuli.
2251 3735 2273 3758 n

1609 3789 1659 3855 4.
1685 3790 1854 3858 Quam
1876 3806 2031 3841 nemo
2048 3788 2360 3861 appellasset
2376 3791 2552 3861 impu-

1535 3889 1618 3923 ne.
1658 3872 1879 3944 Proprio
1916 3884 1968 3922 et
2011 3870 2235 3922 solemni
2276 3889 2434 3923 sensu
2481 3868 2553 3922 ad

1536 3967 1780 4025 stuprum
1800 3970 2017 4005 vocure:
2040 3951 2158 4004 vide
2177 3953 2357 4004 Nostr.
2380 3954 2558 4005 instit.

1538 4031 1633 4084 lib.
1671 4032 1763 4095 IV,
1797 4049 1846 4084 e.
1883 4047 1932 4084 2.
1973 4028 2260 4103 Appellare
2294 4032 2553 4102 virginem

1541 4127 1634 4167 aut
1678 4113 2178 4166 matrem-familias
2199 4150 2216 4178 ,
2256 4124 2347 4164 ·est
2392 4114 2556 4164 etiam

1542 4191 1745 4246 blanda
1790 4193 2038 4245 oratione
2080 4194 2195 4261 ejus
2242 4191 2564 4262 pudicitiam*

1545 4284 1828 4326 attentare.
1843 4270 1966 4341 Ulp.
1991 4269 2025 4322 l.
2047 4273 2172 4323 item
2191 4268 2341 4342 apud
2357 4268 2572 4322 Labe·-

1551 4369 1680 4405 ηοω
1702 4349 1770 4403 de
1789 4351 2021 4418 injuriis,
2043 4349 2110 4403 D.
2135 4349 2228 4402 Eu.

2273 4438 2315 4508 4
