3200 5117
738 551 865 614 320
1248 547 1339 609 M.
1387 547 1636 610 ΜΒΝ
1686 547 2328 630 QUINTILIANI

735 672 903 743 inde
947 671 1359 763 veniebant,
1406 672 1595 744 unde
1646 700 1868 759 nunc,
1921 671 2110 769 quod
2154 671 2610 762 excandesco,
2656 671 2847 771 quod

736 791 982 860 fremo.
1021 790 1407 886 Nunquam
1445 788 1576 858 hoc
1625 810 1897 860 tantum
1936 789 2257 860 meretrix
2292 790 2455 879 scit,
2499 790 2849 887 quemad-

738 905 1033 976 modum
1069 930 1210 973 non
1247 923 1546 973 ametur.

838 1023 957 1089 IV.
1002 1019 1217 1109 Quod
1257 1019 1493 1117 negari
1539 1018 1778 1115 igitur,
1824 1020 2125 1117 judiceS,
2174 1046 2316 1091 non
2362 1040 2618 1119 potest,
2662 1021 2848 1092 virus

742 1136 1030 1207 bomine
1078 1135 1392 1223 firmiuS,
1441 1156 1674 1205 mente
1715 1136 2169 1225 constantiuS,
2223 1135 2413 1233 quod
2464 1136 2847 1208 immodico

739 1252 1002 1323 ardoris
1033 1274 1194 1322 aestu
1218 1309 1236 1342 ,
1268 1272 1333 1322 et
1367 1252 1759 1323 exundante
1792 1253 2222 1351 impatientia
2252 1254 2463 1350 possit
2492 1254 2698 1324 etiam
2734 1280 2847 1325 re-

743 1368 1045 1440 cusantis
1090 1367 1308 1438 animi
1348 1366 1658 1438 dolorem
1697 1395 2170 1467 compescere,
2217 1369 2383 1440 diris
2422 1369 2665 1467 utique
2705 1395 2850 1440 car-

744 1485 1093 1574 minibuS,
1136 1506 1201 1554 et
1236 1484 1557 1555 feralium
1597 1486 2220 1583 praecantationum
2258 1507 2511 1559 terrore
2546 1486 2852 1586 permix-

743 1621 923 1688 tum,
944 1600 1220 1670 lenitate
1237 1599 1492 1688 vultus»,
1512 1621 1573 1669 et
1593 1599 1851 1670 blanda
1871 1601 2281 1697 porrigentis
2301 1600 2850 1673 dissimulatione

744 1736 1169 1813 protectum,
1203 1714 1356 1814 jam
1403 1714 1731 1812 perustiS,
1769 1716 1920 1814 jam
1970 1714 2443 1786 laborantibus
2480 1716 2852 1789 visceribus

746 1833 1072 1921 infudiv,
1107 1853 1170 1903 et
1200 1831 1562 1901 hominem
1599 1830 1861 1903 solatiis
1896 1832 2125 1930 potius
2156 1861 2233 1904 ac
2268 1833 2594 1905 mollium
2628 1860 2854 1906 reme-

745 1949 1024 2020 diorum
1086 1947 1353 2020 ratione
1409 1948 1846 2018 tractandum
1872 2005 1889 2036 ‚
1946 1949 2369 2047 exasperavit
2424 1950 2556 2039 ira,
2611 1947 2851 2020 dolore

743 2064 1152 2151 conclusit2,
1192 2090 1591 2161 magnaque
1625 2063 1966 2134 miserum
1991 2065 2542 2135 commutatione
2568 2089 2853 2135 renova-

744 2180 905 2252 vit3.
939 2184 1049 2251 An
1085 2180 1358 2268 fecerit,
1387 2179 1657 2278 judices
1682 2238 1698 2268 ,
1737 2199 1812 2250 ut
1844 2207 2074 2250 amare
2112 2180 2500 2252 desinerem
2523 2239 2540 2269 ,
2580 2207 2696 2252 vos
2731 2206 2853 2252 aes-

746 2294 1081 2366 timabitis
1103 2322 1115 2363 :
1137 2294 1297 2364 fecit
1314 2315 1388 2362 ut
1405 2320 1642 2363 amare
1662 2294 1973 2364 mallem.
1993 2295 2411 2393 Explicitum
2431 2323 2543 2366 me
2561 2295 2847 2394 putatis,

748 2430 815 2480 et
851 2408 939 2478 ab
984 2407 1436 2478 incommodo
1485 2407 1887 2479 hilariorem
1933 2409 2341 2480 dimissum?
2388 2437 2616 2498 nunc,
2663 2436 2851 2483 nunc

747 2551 864 2596 me
897 2525 1111 2594 fateor
1150 2523 1399 2593 debere
1440 2523 1693 2594 sanari.
1724 2524 1955 2594 Habet
1992 2524 2276 2621 aliquod
2310 2524 2636 2595 solatium
2669 2525 2853 2624 quis-

747 2638 902 2735 quis
936 2639 1006 2708 in
1033 2665 1268 2708 amore
1306 2637 1513 2709 miser
1546 2658 1678 2708 est:
1714 2638 1924 2710 levior
1958 2661 2052 2708 cst
2084 2638 2472 2728 calamitas,
2508 2639 2623 2709 cui
2657 2638 2852 2710 blan·

747 2753 943 2825 ditur
975 2753 1244 2851 aliquid
1283 2754 1368 2825 de
1403 2754 1753 2853 voluptate
1781 2755 2043 2827 laetitia:
2078 2783 2269 2826 nunc
2302 2754 2544 2827 infelix
2578 2782 2741 2827 uror
2775 2781 2852 2826 ac

751 2871 1047 2958 laceror,
1093 2898 1284 2941 nunc
1329 2897 1443 2940 me
1491 2870 1816 2962 retinere,
1852 2898 2039 2942 nunc
2070 2897 2300 2969 regere
2346 2897 2488 2942 non
2528 2896 2850 2968 possum:

749 2985 1104 3057 crudelius
1139 3007 1236 3057 est
1265 2985 1485 3057 odisse
1516 2986 1974 3056 meretricem.

850 3103 939 3171 V.
961 3100 1303 3172 Veneficii
1338 3126 1489 3197 agn.
1524 3099 1833 3197 Seposita
1869 3098 2265 3198 paullisper,
2293 3100 2594 3200 judices»,
2628 3097 2854 3169 noxiae

754 3215 1054 3314 potionis
1092 3215 1352 3285 invidia
1377 3273 1394 3304 ‚
1438 3241 1675 3285 nonne
1710 3215 1898 3285 vobis
1942 3215 2214 3285 videtur
2250 3215 2539 3315 implere
2582 3213 2855 3287 sceleris

753 3330 971 3401 fidem
992 3328 1044 3420 4,
1083 3330 1272 3427 quod
1303 3329 1587 3401 abstulit
1618 3329 1830 3400 fidem
1851 3388 1869 3420 ‚
1904 3329 2211 3401 conditio
2243 3328 2589 3430 personae?
2623 3331 2857 3401 Vene-

836 3579 877 3613 1.
927 3564 1152 3634 Infudt't.
1196 3563 1434 3616 Juvenal.
1478 3566 1575 3629 Vl,
1621 3565 1759 3617 6¹6:
1918 3567 1968 3632 4.
1994 3567 2223 3639 Ιηψίενε
2254 3562 2650 3637 sceleris-fidem.
2680 3565 2858 3616 Mere-

763 3666 784 3687 u
806 3641 902 3692 Cui
928 3655 1093 3693 totam
1116 3645 1326 3695 tremuli
1347 3645 1573 3695 frontem
1592 3647 1763 3696 Caeso-
1847 3648 1986 3698 tricis
2037 3648 2272 3699 conditio
2330 3650 2559 3713 fecerat,
2609 3661 2667 3698 ut
2713 3645 2858 3700 credi

763 3745 784 3768 α
808 3725 893 3773 nia
913 3722 1045 3794 pulli
1071 3724 1289 3775 Infudit.
1315 3748 1334 3769 n
1367 3727 1586 3776 Senum.
1848 3726 2019 3778 scelus
2060 3746 2168 3778 non
2207 3740 2423 3797 posset,
2465 3729 2589 3797 quia
2625 3744 2736 3777 uon
2779 3738 2860 3778 est

832 3823 879 3856 2.
907 3802 1099 3857 Dolore
1131 3804 1394 3858 conclusit.
1416 3809 1537 3857 Ter.
1575 3809 1763 3879 Hecyr.
1847 3806 2119 3872 credibile,
2136 3809 2464 3859 meretricem
2480 3809 2729 3879 cuiquam
2751 3806 2859 3858 odii

756 3884 845 3950 IV,
873 3884 939 3936 80
959 3906 971 3935 ε
999 3908 1020 3930 ιι
1040 3886 1141 3936 Tot
1165 3904 1247 3936 me
1269 3904 1410 3936 nuuc
1431 3885 1587 3937 rebus
1605 3888 1765 3939 mise-
1847 3891 2121 3958 potionem
2146 3890 2405 3941 daturam.
2438 3890 2634 3961 Atqui,
2657 3889 2857 3961 iuquit,

760 3985 785 4009 α
812 3981 929 4014 rum
952 3963 1226 4017 concludit
1248 3977 1418 4035 pater.
1443 3988 1463 4010 ιο
1496 3967 1718 4017 Scnmxr.
1845 3971 2153 4021 veneficium
2182 3985 2258 4023 est
2286 3985 2395 4023 tota
2419 3971 2527 4022 vita
2544 3972 2858 4036 meretricia,

830 4042 880 4094 3.
920 4045 1223 4116 Magnaque
1257 4044 1496 4097 miserum
1531 4062 1768 4095 commu-
1849 4067 1948 4100 nec
1972 4062 2176 4100 tantum
2197 4055 2252 4100 in
2284 4043 2518 4102 amorem
2544 4049 2860 4122 implicant,

760 4123 955 4175 tatione
978 4125 1258 4176 renovavit.
1281 4125 1523 4175 Fortasse
1549 4124 1768 4174 renoda-
1850 4126 1943 4179 sed
1971 4142 2022 4179 et
2057 4128 2258 4179 odium.
2298 4127 2529 4199 Implet-e
2547 4125 2714 4201 fidem
2746 4127 2858 4179 ele-

760 4208 862 4258 vit.-
890 4205 944 4257 id
973 4219 1080 4272 est,
1103 4205 1249 4258 nodo
1275 4225 1336 4259 ac
1361 4208 1582 4259 vinculis
1606 4227 1768 4262 vene·
1848 4220 2039 4276 gauter
2057 4244 2073 4272 ,
2118 4220 2177 4258 ut
2218 4205 2364 4258 Decl.
2396 4208 2494 4258 XV
2520 4228 2532 4257 :
2578 4228 2601 4252 c·
2621 4208 2859 4259 Potionis

758 4287 831 4339 ris
853 4285 1122 4356 liberavit,
1152 4285 1380 4341 resolvit.
1403 4287 1636 4341 Gnozov.
1856 4311 1878 4335 κ
1898 4287 2057 4358 hujus
2084 4287 2245 4361 imple
2268 4290 2665 4343 immanitatem.
2690 4311 2713 4337 ι
