3200 5117
710 530 830 617 xxij
1244 526 1714 589 Eni‘roms
1762 524 2252 587 PRAEFA'rlo

709 652 1165 741 praefecturam
1196 648 1482 736 praetorii
1517 648 1582 710 in
1610 648 1837 711 Galliis
1872 645 2351 710 administravit
2381 669 2614 732 magna
2646 669 2800 710 cum

706 757 901 824 laude
927 781 1062 820 non
1089 756 1485 844 eloquentiae
1512 753 1746 832 modo,
1770 752 1884 816 sed
1918 754 2312 817 innocentiae
2340 769 2405 817 et
2428 751 2800 840 prudentia?

708 863 1069 951 singularis.
1107 863 1321 924 Testis
1367 862 1636 924 Latinus
1678 863 1948 923 Pacatus
1992 860 2400 945 DrepaniuS,
2452 875 2518 921 et
2559 860 2801 923 Theon

710 970 818 1032 ille
865 984 1345 1055 praeceptorum
1394 983 1457 1029 et
1504 963 1956 1051 exemplorum
2009 962 2205 1051 liujus
2247 964 2401 1026 artis
2450 962 2800 1028 traditione

712 1075 1121 1150 notissimuS,
1154 1093 1352 1160 quem
1392 1069 1514 1134 sub
1552 1070 1819 1134 Juliano
1860 1069 2179 1131 illustrem
2214 1068 2280 1129 in
2316 1066 2524 1131 Gallia
2559 1068 2800 1132 famam

710 1199 1169 1257 consecutum,
1194 1178 1529 1265 Eunapius
1555 1192 1787 1240 auctor
1812 1193 1930 1240 est.
1947 1178 2180 1239 Testes
2203 1190 2270 1238 et
2292 1174 2399 1238 alii
2421 1174 2643 1261 plures
2665 1198 2800 1239 non

710 1287 1003 1351 Ausonio
1038 1286 1251 1349 solum
1284 1285 1638 1372 Aquitano,
1683 1281 1798 1346 sed
1836 1300 1900 1346 et
1933 1283 2341 1370 Hieronymo
2366 1281 2800 1346 Stridoniensi

712 1392 897 1481 quasi
940 1414 1015 1453 ex
1055 1389 1353 1477 professo
1388 1386 1667 1450 laudati:
1704 1386 1945 1474 quibus
1976 1402 2042 1448 et
2076 1408 2203 1464 eze,
2233 1407 2378 1474 quae
2411 1405 2795 1474 supersunt,

712 1497 1186 1562 nonnullorum
1233 1495 1566 1581 reliquiae,
1616 1494 2068 1557 testimonium
2121 1489 2411 1555 reddunt
2461 1493 2617 1557 artis
2665 1516 2800 1557 uon

712 1605 1040 1668 immerito
1068 1603 1167 1665 vel
1195 1626 1231 1666 a
1260 1603 1568 1665 Romanis
1596 1602 1751 1688 ipsis
1783 1601 1850 1663 iu
1876 1623 2131 1663 summa
2156 1598 2592 1663 admiratione
2618 1600 2801 1664 habi-

715 1727 815 1773 tae.
859 1713 1023 1773 Nam
1064 1708 1223 1797 quid
1262 1731 1382 1795 ego
1421 1707 1502 1771 ad
1545 1707 1816 1784 LeoniS‚
1849 1706 2026 1782 Cati,
2069 1704 2463 1791 Lampridii,
2501 1703 2796 1786 Antedii‘,

710 1815 1079 1890 Consentii,
1108 1832 1172 1877 et
1196 1812 1558 1888 Severiani,
1589 1810 1654 1873 id
1683 1828 1810 1888 est,
1842 1810 1923 1875 ad
1951 1809 2202 1875 Sidonii
2231 1811 2620 1897 Apollinaris
2647 1828 2802 1874 tem-

712 1944 874 2008 pora
899 1917 1246 1983 deveniam
1268 1969 1283 1998 ,
1315 1919 1519 2004 ipsius
1550 1917 1808 2002 scriptis
1836 1916 2068 1979 melius
2095 1919 2290 1980 nota?
2316 1933 2430 1980 aut
2454 1940 2572 1981 cur
2598 1941 2672 1980 ea
2700 1941 2801 1981 re-

716 2043 966 2114 petam,
1006 2049 1152 2113 quae
1188 2023 1271 2087 de
1308 2024 1771 2110 theologorum
1812 2023 2202 2086 nostratium
2238 2023 2617 2111 eloquentia
2647 2022 2797 2086 alibi

713 2134 885 2197 dicta
926 2136 1120 2196 sunt?
1160 2131 1320 2194 illud
1360 2132 1614 2219 potius,
1658 2131 1854 2193 etiam
1894 2130 2354 2194 infelicissimis
2393 2130 2802 2218 temporibus

716 2242 1118 2327 superfuisse
1140 2239 1365 2304 Galliae
1390 2255 1683 2303 oratores
1705 2261 1888 2318 su05,
1912 2262 2117 2327 quum
2149 2239 2306 2302 Urbi
2334 2240 2455 2325 ipsi
2478 2238 2801 2303 deessent.

718 2351 936 2411 Exstat
965 2346 1049 2410 de
1075 2352 1347 2411 Aratore
1379 2347 1654 2435 patricio
1685 2346 1974 2433 elogium
2002 2345 2163 2409 illud
2189 2345 2368 2433 apud
2398 2365 2800 2411 senatorem:

722 2485 747 2510 κ
772 2457 1219 2517 Romanorum
1256 2452 1596 2540 eloquium
1627 2474 1760 2514 non
1789 2452 1920 2516 suis
1951 2453 2330 2538 regionibus
2359 2454 2700 2529 invenisti,
2737 2470 2804 2516 et

722 2561 864 2624 «ibi
905 2576 967 2622 te
1013 2559 1314 2622 Tulliana
1355 2559 1551 2622 lectio
1596 2557 1915 2622 disertum
1953 2557 2277 2635 reddidit,
2313 2558 2426 2621 uhi
2467 2556 2804 2647 quondam

724 2698 749 2727 a
774 2667 999 2756 gallica
1053 2666 1273 2753 lingua
1324 2666 1674 2730 resonavit.
1727 2664 1855 2730 Ubi
1905 2683 2060 2730 sunt
2111 2668 2224 2754 qui
2276 2667 2521 2731 litteras
2573 2665 2804 2731 latinas

724 2804 749 2831 a
776 2777 1018 2851 Romae,
1043 2796 1176 2836 non
1202 2774 1396 2836 etiam
1417 2772 1592 2850 alibi,
1612 2787 1914 2836 asserunt
1936 2796 2076 2835 esse
2101 2772 2480 2837 discendas?
2497 2775 2806 2837 Evaserat

725 2909 749 2934 ιι
773 2879 1073 2944 Caecilius
1103 2877 1367 2967 pondus
1390 2875 1810 2940 verecundiae
1828 2927 1846 2956 ‚
1882 2878 1933 2940 si
1965 2876 2143 2942 hunc
2167 2895 2562 2965 proventum
2588 2880 2806 2965 priora

725 3014 750 3040 α
776 2985 993 3049 secula
1033 2985 1433 3072 genuissent.
1473 2983 1700 3047 Soluta
1739 2983 1988 3068 quippe
2029 3000 2126 3046 est
2159 2984 2256 3046 vis
2297 2984 2403 3047 illa
2441 2984 2802 3048 sententiae.

726 3121 750 3146 u
773 3091 978 3155 Mittit
1003 3107 1068 3155 et
1095 3090 1355 3178 Liguria
1381 3087 1635 3152 Tullios
1661 3110 1835 3150 suos,
1859 3117 1883 3145 »ι
1912 3090 2074 3169 Quae
2096 3087 2365 3176 quidem
2390 3112 2468 3153 eo
2493 3089 2805 3153 libentius

720 3197 946 3274 retuli,
975 3194 1152 3284 quod
1190 3212 1256 3258 et
1282 3195 1557 3259 Statium
1588 3192 1923 3256 Caeeilium
1942 3242 1958 3270 ,
1988 3211 2052 3256 et
2082 3195 2351 3280 Ligures
2377 3196 2555 3282 ipsos
2581 3195 2804 3258 Gallioe

718 3318 1040 3379 asserant,
1073 3324 1239 3390 quos
1276 3300 1476 3363 Italiae
1511 3299 1624 3387 qui
1663 3298 1995 3377 tribuunt,
2033 3323 2188 3363 sane
2219 3324 2351 3363 non
2386 3324 2599 3387 usque
2635 3297 2805 3363 adeo

721 3407 1200 3472 intolerabilem
1247 3406 1551 3494 injuriam
1600 3404 1850 3468 faciunt
1902 3406 2258 3496 majoribus
2308 3407 2546 3471 nostris
2568 3455 2584 3484 ‚
2634 3406 2808 3469 inter

721 3535 887 3600 quos
928 3530 1145 3576 tamen
1195 3534 1336 3574 eam
1382 3527 1647 3598 gentem
1692 3533 1813 3574 nec
1858 3529 2258 3598 postremam
2307 3512 2508 3575 fuisse
2549 3511 2656 3575 vel
2698 3511 2807 3574 illa

722 3619 966 3683 Lucani
997 3634 1310 3704 arguunt,
1338 3616 1557 3680 PharS.
1592 3618 1652 3695 l,
1689 3620 1847 3697 442:

967 3754 1029 3802 Et
1056 3766 1210 3814 tunc,
1233 3765 1386 3802 tonse
1408 3752 1583 3820 Ligur,
1611 3752 1879 3822 quondam
1905 3773 2003 3824 per
2025 3752 2161 3804 colla
2185 3751 2378 3803 decora

970 3839 1212 3895 Crinibus
1239 3841 1421 3892 effusis
1448 3844 1543 3891 toti
1571 3842 1785 3911 pra-late
1811 3842 2057 3893 Comatae.

722 3951 1002 4015 Miretur
1020 3974 1196 4016 nuuc
1218 3953 1454 4041 aliquis
1477 3970 1542 4017 et
1568 3953 1915 4032 Belenum,
1938 3970 2005 4016 et
2023 3954 2373 4016 Teutatem
2388 4001 2403 4029 ,
2429 3969 2497 4016 et
2518 3953 2805 4040 Ognium

721 4057 909 4121 illum
941 4058 1240 4123 Herculis
1275 4058 1486 4147 gallici
1519 4060 1962 4148 appellatione
1988 4083 2024 4122 a
2049 4061 2336 4124 Luciana
2363 4059 2665 4123 Proslalia
2696 4056 2809 4121 de-

723 4165 1068 4253 scriptum,
1097 4182 1278 4229 tanta
1300 4165 1619 4253 religione
1643 4188 1682 4230 a
1705 4164 1905 4232 Gallis
1930 4167 2171 4246 cultos,
2203 4183 2277 4232 ut
2300 4167 2441 4255 ejus
2465 4189 2599 4230 non
2625 4162 2807 4253 apud
