3200 5117
659 505 1076 572 DECLAM.
1124 503 1206 570 V.
1252 504 1530 570 AEGER
1577 506 2188 577 REDEMPTUS.
2249 599 2256 607 ·
2385 539 2467 604 99

385 773 567 793 ‘mm
574 772 1245 794 mmmm
1252 772 1349 792 m

1642 775 2030 799 mmmm
2037 780 2413 803 mmm
2419 787 2475 804 υ.

971 974 1702 1052 DECLAMATIO
1763 976 1889 1048 VJ*

812 1212 1175 1288 AEGER
1242 1171 2074 1304 REDEMPTUSs

1104 1457 1776 1538 ARGUMENTUM·

400 1629 605 1690 Liberi
630 1638 914 1709 parentes
938 1626 1005 1685 in
1031 1639 1292 1707 egestate
1321 1641 1429 1687 aut
1451 1627 1657 1704 alant,
1687 1642 1794 1689 aut
1814 1631 2182 1694 vinciantur.
2217 1637 2491 1714 Quidam

475 1725 631 1785 duos
660 1723 823 1784 filios
846 1721 1119 1782 habebat
1134 1767 1153 1797 ,
1177 1724 1343 1805 frugi
1362 1769 1380 1798 ‚
1409 1738 1471 1785 et
1494 1724 1890 1787 luxuriosum
1914 1752 1928 1788 z
1957 1751 2207 1812 peregre
2229 1734 2489 1814 profecti

474 1834 649 1898 sunt,
674 1822 846 1904 ‘capti
880 1842 917 1879 a
945 1809 1199 1901 piratis:
1234 1811 1590 1886 luxuriosus
1619 1823 1914 1906 languere
1946 1831 2165 1910 coepit:
2193 1831 2381 1890 ambo
2415 1832 2492 1891 de

476 1918 901 2001 redemptione
944 1919 1336 2000 scripserunt.
1381 1921 1562 1982 Pater
1605 1923 1904 1986 universis
1953 1924 2137 1990 bonis
2183 1928 2248 1986 in
2293 1949 2494 1998 unum

477 2017 735 2080 redactis
760 2014 1077 2100 profectus
1101 2029 1205 2076 est.
1235 2017 1537 2078 Dixerunt
1562 2018 1651 2077 illi
1676 2020 2032 2104 praedones,
2059 2042 2190 2080 non
2222 2025 2496 2086 attulisse

428 2153 433 2156 -
481 2114 657 2174 illum
691 2114 813 2172 nisi
846 2113 1029 2172 unius
1056 2114 1358 2195 pretium,
1392 2128 1452 2173 et
1483 2115 1737 2194 eligeret
1769 2133 1981 2176 utrum
2016 2117 2216 2179 vellet.
2242 2122 2494 2200 AEgrum

482 2215 772 2289 redemit3
798 2215 905 2294 qui
930 2213 1080 2271 dum
1107 2214 1450 2290 revertitur,
1481 2230 1765 2275 mortuus
1790 2232 1913 2275 est:
1946 2216 2099 2276 alter
2130 2218 2325 2299 ruptis
2357 2219 2502 2276 vin·-

481 2312 632 2373 culis
660 2303 1179 2393 fugit-'Alimenta
1203 2312 1399 2393 poscit
1421 2323 1630 2394 pater;
1656 2312 2026 2373 contradicit
2047 2312 2232 2374 filius.

794 2533 799 2538 ’
883 2514 1026 2562 rao
1076 2515 1306 2584 Para-E
1355 2515 1666 2570 cot-vna
1715 2518 2020 2570 rtmun.

506 2698 675 2768 CAP.
707 2696 762 2765 Ι.
799 2693 1172 2794 QuamviS,
1201 2692 1505 2802 judices,
1545 2696 1616 2765 in
1662 2716 1846 2766 tanta
1887 2695 2234 2766 malorum
2271 2696 2495 2776 conti-

411 2809 736 2881 nuatione
770 2810 919 2912 jam
951 2829 1263 2907 poteram
1294 2808 1476 2880 nihil
1508 2834 1586 2878 ex
1619 2807 2089 2880 accidentium
2122 2823 2137 2851 ¹
2177 2836 2494 2882 meorum

408 2923 701 3014 novitate
728 2922 1002 3008 mirari,
1034 2920 1453 3017 nullumque
1479 2920 1659 3004 mihi
1688 2921 2094 3018 reliquerint
2119 2922 2498 3020 impatien-

409 3039 513 3109 tiae
562 3065 780 3137 genus
822 3037 1130 3124 adversa,
1171 3062 1321 3132 quae
1356 3035 1444 3106 de
1477 3034 1743 3126 solatiis,
1769 3036 2232 3134 remediisque
2267 3064 2501 3107 creve-

410 3175 603 3244 runt;
641 3152 970 3225 confiteor
1007 3173 1242 3224 tamen
1279 3150 1409 3220 hoc
1452 3150 1678 3226 solum
1721 3178 1834 3222 me
1876 3150 2266 3250 prospicere
2301 3149 2499 3224 nullo

412 3293 634 3362 metu,
669 3269 862 3342 nulla
899 3268 1197 3341 tristium
1233 3267 1703 3340 recordatione
1737 3268 2069 3368 potuisse,
2107 3288 2182 3338 ut
2204 3290 2362 3374 post
2388 3268 2500 3369 pi-

412 3409 620 3475 ratas,
666 3386 1065 3477 orbitatem,
1112 3386 1411 3474 famem,
1455 3383 1622 3457 hinc
1673 3413 1952 3484 quoque
2000 3385 2501 3462 calamitatibus

414 3504 653 3575 nostris
685 3502 957 3602 pondus
981 3502 1369 3590 accederet,
1396 3502 1584 3597 quod
1612 3529 1913 3573 reversus
1937 3522 2034 3572 est
2066 3500 2252 3572 filius
2281 3528 2501 3573 meuS.

413 3618 760 3690 Vivebam
806 3618 1047 3707 miser,
1084 3636 1161 3687 ut
1193 3615 1381 3686 bunc
1423 3616 1766 3705 viderem3
1802 3614 2081 3715 solaque
2132 3615 2506 3715 superstitis

486 3830 508 3854 ’
534 3831 656 3886 Hac
680 3827 828 3882 Decl.
857 3827 1229 3894 sexta-decima
1254 3827 1306 3880 in
1328 3827 1418 3878 W.
1503 3846 1664 3882 sensu
1690 3829 1899 3899 optime
1924 3828 2088 3880 aetatis
2114 3840 2360 3878 auctores
2383 3844 2510 3878 usos

493 3926 537 3960 1.
563 3909 725 3964 ΝἰῘιὶΙ
746 3926 809 3960 ex
831 3907 1198 3960 accidentium.
1227 3908 1424 3956 Noster
1503 3927 1613 3960 non
1645 3921 1773 3977 puto
1792 3945 1808 3972 ,
1838 3905 1959 3958 licet
1997 3905 2228 3958 accidere
2262 3904 2328 3955 de
2362 3904 2513 3956 malis

418 3985 712 4039 accidentia
748 3985 846 4060 ‘hic
889 4004 988 4055 pro
1034 3981 1424 4036 calamitatibus
1504 3986 1816 4057 plerumque
1834 3984 2155 4049 dixerint,et
2173 3998 2228 4033 ut
2248 3983 2514 4054 singulare

414 4067 606 4138 ponit,
628 4079 685 4119 ut
709 4083 831 4117 mox
856 4084 973 4136 cap.
1003 4064 1064 4116 3:
1104 4085 1126 4107 κ
1146 4065 1267 4116 Non
1293 4060 1426 4113 mol·
1508 4066 1559 4115 iu
1584 4067 1801 4116 Terent.
1827 4063 1894 4114 ad
1915 4065 2199 4115 Heautont.
2225 4064 2323 4126 xl,
2346 4063 2403 4122 3,
2427 4078 2520 4112 no-

424 4171 447 4196 ·
468 4148 555 4200 liri
572 4149 842 4219 prosperis
864 4144 1018 4200 facile
1031 4181 1048 4209 ‚
1065 4162 1174 4196 non
1190 4140 1431 4194 acciden·
1508 4159 1583 4199 tet
1598 4147 1839 4199 Donatus
1852 4182 1869 4212 ‚
1887 4143 2036 4218 quod
2054 4158 2106 4196 et
2125 4143 2190 4196 de
2208 4142 2355 4193 bono
2378 4142 2522 4192 dixe-

429 4249 451 4272 ·
470 4227 614 4285 tibus
632 4230 807 4299 frangi
826 4249 840 4290 ;
861 4251 883 4274 κ
908 4239 959 4278 et
981 4223 1103 4276 alibi
1129 4242 1266 4295 saepe
1280 4245 1295 4298 3
1324 4241 1430 4295 quo
1513 4225 1582 4282 rit
1606 4227 1849 4281 acc-idem.

2227 4328 2272 4376 7.
