3200 5117
1086 547 1600 614 EXCERPTA.
2254 497 2391 638 449¹

312 800 361 819 υἱ
368 793 1803 820 wwmmmmmmmm
1809 794 2389 819 mmmmm

889 979 1278 1057 AMml
1351 959 1795 1055 VADES.

992 1223 1692 1287 ARGUMENTUM.

309 1361 449 1419 Duo
479 1359 690 1433 amici,
719 1378 790 1416 ex
823 1355 1047 1438 quibus
1065 1368 1080 1397 ¹
1111 1354 1281 1416 alteri
1306 1367 1436 1415 erat
1462 1367 1691 1431 mater,
1719 1374 1969 1437 peregre
1996 1356 2291 1437 profecti,
2317 1356 2394 1417 ad

388 1470 725 1537 tyrannum
754 1450 1048 1535 applicati
1078 1463 1243 1510 sunt.
1280 1450 1480 1509 Mater
1506 1452 1764 1530 cognito
1783 1495 1800 1525 ,
1830 1450 2001 1533 quod
2034 1451 2200 1512 filius
2228 1473 2264 1512 a
2303 1468 2397 1535 ty-

385 1572 587 1611 ranno
611 1548 961 1622 haberetur‚
987 1546 1191 1615 flendo
1214 1545 1426 1606 oculos
1447 1547 1671 1605 amisit.
1703 1546 1929 1607 Oblata
1952 1562 2041 1609 est
2065 1569 2099 1607 a
2126 1563 2395 1629 tyranno

382 1647 720 1727 juvenibus
744 1644 1053 1720 conditio,
1077 1657 1147 1703 ut
1170 1642 1435 1703 alterum
1458 1643 1536 1702 ad
1560 1642 1882 1703 visendam
1902 1657 2163 1704 matrem
2190 1644 2401 1707 dimit-

385 1757 538 1805 teret
569 1742 648 1803 ad
684 1744 849 1805 diem
872 1742 1278 1825 praestitutam
1305 1761 1723 1815 reversurum,
1753 1743 1840 1801 ita
1872 1754 1941 1801 ut
1972 1744 2090 1802 nisi
2123 1743 2202 1801 ad
2233 1742 2400 1804 diem

387 1842 781 1914 occurrisset,
811 1840 887 1900 de
915 1860 1021 1913 eo,
1052 1839 1161 1919 qui
1190 1839 1526 1912 restiterat,
1554 1857 1742 1919 poena
1774 1853 2146 1900 sumeretur:
2182 1851 2241 1899 et
2263 1837 2401 1920 jure

382 1938 655 2020 jurando
689 1938 1012 1998 adstrictus
1040 1947 1145 1996 est.
1167 1936 1354 1995 Venit
1382 1934 1629 2016 juvenis
1658 1935 1721 1993 in
1746 1936 2074 1995 civitatem.
2109 1935 2308 1996 Mater
2329 1957 2402 1996 ex

392 2035 524 2116 lege
547 2034 810 2108 detinet,
838 2053 957 2114 qua
992 2043 1272 2113 parentes
1303 2031 1374 2090 in
1405 2030 1752 2091 calamitate
1788 2028 2062 2091 deserere
2092 2052 2226 2108 non
2256 2030 2399 2093 lice-

386 2132 512 2191 bat.
532 2129 722 2209 (Vide
745 2150 932 2211 supra
952 2126 1223 2188 Declam.
1250 2126 1446 2205 XVI.)
1528 2131 1532 2136 “

411 2342 652 2415 Filius.
706 2342 954 2431 Quum
1006 2338 1346 2412 invidiam
1394 2335 1656 2439 patiar,
1710 2360 1935 2438 patres
1987 2341 2396 2439 conscripti,

310 2456 620 2528 hominis
639 2513 658 2544 ‚
685 2455 807 2552 qui
837 2454 967 2556 sibi
995 2480 1139 2525 non
1167 2452 1548 2550 reliquerit,
1581 2472 1662 2524 ut
1686 2472 1947 2524 amaret
1974 2474 2039 2524 et
2072 2474 2399 2545 matrem;

315 2569 385 2641 id
424 2590 693 2641 tantum
728 2595 769 2639 a
801 2568 995 2639 vobis
1021 2567 1362 2664 postulare
1388 2566 1578 2655 volo,
1616 2593 1703 2636 ne
1735 2567 1921 2666 apud
1960 2594 2077 2639 vos
2108 2594 2399 2666 praesens

313 2684 626 2774 miseria,
675 2708 886 2780 quam
920 2681 1165 2752 absens
1211 2680 1365 2784 P¹¹¹.⁵
1406 2682 1653 2779 possit:
1712 2702 2071 2778 utramque
2103 2711 2399 2783 praesen-

315 2821 457 2873 tem
479 2799 1183 2870 aestimate—Mater.
1203 2796 1450 2885 Quum
1467 2795 1720 2867 multas
1744 2797 2190 2889 calamitates,
2207 2800 2398 2898 judi·

312 2943 453 3007 ceS,
480 2915 724 2988 timere
756 2901 1012 2985 caecitas
1047 2914 1285 2984 edocta
1316 2911 1434 3000 sit,
1474 2912 1548 2982 id
1584 2939 1952 3009 nunquam
1988 2914 2393 3013 desperave-

315 3059 496 3123 ram,
524 3057 612 3102 ne
633 3029 819 3102 filius
837 3027 1099 3101 solutus
1120 3027 1324 3100 matri
1347 3054 1740 3099 succurrere
1769 3028 2004 3100 nollet.
2024 3072 2123 3083 —
2140 3032 2218 3100 F.
2247 3030 2401 3119 Qui.

313 3146 615 3218 solutus?
662 3145 998 3218 minime:
1037 3144 1347 3216 amicum
1383 3142 1573 3214 enim
1609 3141 1928 3241 alligavi:
1965 3165 2260 3242 tyranno
2299 3144 2398 3216 dii

314 3262 775 3359 hominesque
805 3260 1197 3333 invideant:
1235 3259 1363 3332 scit
1403 3259 1618 3359 ligare
1652 3260 1949 3331 amicos:
1995 3261 2124 3332 scit
2165 3280 2397 3334 tenere

315 3379 657 3450 dimissos.
680 3377 897 3448 —M.
937 3378 1047 3448 Ad
1074 3398 1454 3475 tyrannum
1486 3376 1650 3467 ibis,
1682 3377 1961 3467 insane,
2008 3378 2127 3475 qui
2164 3400 2229 3450 te
2260 3407 2404 3451 exo-

315 3522 474 3568 sum
516 3492 760 3581 habet3
796 3491 915 3589 qui
952 3492 1347 3564 venientem
1389 3491 1797 3563 interficiet?
1820 3495 2015 3564 -F.
2060 3496 2220 3566 Non
2255 3494 2402 3566 odit

315 3630 650 3707 tyrannus
699 3607 1103 3695 hominem,
1139 3607 1335 3704 cujus
1378 3633 1520 3679 non
1564 3607 1869 3697 interest,
1904 3636 1992 3679 an
2038 3608 2257 3681 alium
2288 3610 2401 3686 in-

316 3725 630 3798 terficiet:
665 3745 730 3795 et
760 3745 993 3795 tamen
1026 3745 1258 3795 actum
1292 3743 1389 3795 est
1421 3723 1506 3795 de
1535 3724 1738 3795 rebus
1766 3724 2128 3815 humanis,
2168 3725 2223 3796 si
2258 3726 2402 3797 sola

318 3861 620 3911 servetur
640 3839 1021 3911 utilitatum
1055 3837 1260 3910 fides:
1295 3838 1576 3938 probata
1600 3861 1699 3912 est
1731 3840 2055 3912 amicitiae
2094 3863 2404 3914 constan·

318 3953 453 4044 tia,
491 3953 691 4025 sime
729 3981 1158 4027 reversurum
1197 3953 1780 4026 occiderit—M.
1818 3958 2009 4027 Itane
2051 3955 2233 4028 intra
2280 3983 2404 4028 nos

321 4068 496 4141 duos
517 4069 636 4141 ille
655 4069 1016 4168 eligendus
1034 4069 1179 4143 est?
1196 4113 1294 4126 --
1307 4072 1390 4142 F.
1421 4070 1850 4143 Electionem
1872 4097 2114 4145 vocare
2134 4072 2406 4145 facinus

396 4255 444 4292 ι.
467 4240 553 4292 Ex
573 4240 776 4313 quibus.
801 4238 1007 4296 Pratuli
1027 4258 1091 4292 ex
1111 4241 1294 4312 quibus
1317 4238 1472 4294 alteri
1486 4263 1503 4292 .-
1525 4240 1646 4295 vide
1668 4259 1866 4311 argum.
1890 4241 2125 4295 Declam.
2147 4243 2283 4328 XVI.
2310 4243 2410 4294 Eu-

535 4329 586 4384 5.
2055 4348 2120 4400 29
