3200 5117
729 497 852 560 :510
1238 497 1328 556 M.
1381 493 1631 556 mnu
1678 492 2314 573 QcmTiLtAsi

730 640 1222 688 contumacem
1249 617 1490 687 merito
1514 616 1821 716 punisti:
1848 642 1989 686 non
2014 616 2205 686 enim
2233 617 2430 687 video
2447 616 2616 713 quid
2640 616 2839 688 aliud

729 736 1115 836 patrocinio
1147 758 1263 807 tuo
1296 737 1605 806 conserat
1626 736 1769 806 haec
1801 734 2249 804 denunciatio
2281 760 2744 832 supervacua,
2778 736 2836 805 si

730 881 873 924 non
912 853 1144 924 licuit¹
1183 853 1306 922 tibi
1345 854 1602 940 facere,
1639 852 1830 949 quod
1860 877 2145 949 queror:
2190 849 2445 948 injusta
2469 910 2486 938 ‚
2525 852 2578 921 si
2610 852 2836 921 licuit:

722 972 909 1069 justa
941 991 1058 1039 aut
1089 969 1238 1039 sine
1273 969 1424 1056 ista,
1456 990 1575 1039 aut
1609 995 1694 1037 ne
1723 994 1946 1063 quum
1979 967 2101 1037 ista
2122 967 2413 1065 quidem
2434 967 2694 1038 valeat:
2722 994 2843 1065 pu-

734 1085 918 1154 doris
941 1113 1095 1156 vero
1121 1084 1308 1180 quod
1335 1084 1809 1154 velamentum
1834 1105 1927 1153 cst
1946 1141 1962 1170 ‚
1990 1083 2173 1152 male
2200 1083 2455 1153 audere
2476 1097 2526 1170 ²,
2556 1083 2837 1183 culpam

734 1203 1011 1273 defendi
1059 1203 1424 1301 superbia?
1473 1210 1582 1273 An
1632 1202 1915 1271 tandem
1966 1223 2117 1271 tuas
2174 1201 2473 1298 pecudes
2527 1202 2843 1297 quamvis

736 1318 991 1388 diffusa
1015 1317 1282 1388 stabula
1313 1345 1450 1388 non
1480 1318 1793 1415 capient,
1824 1316 1945 1385 tibi
1974 1343 2183 1385 omne
2211 1317 2546 1386 armentis
2578 1318 2845 1414 mugiet

736 1462 990 1504 nemus
1011 1493 1027 1522 ‚
1052 1457 1124 1504 tu
1146 1435 1468 1531 gregibus
1491 1463 1646 1504 arva
1668 1433 1969 1503 sulcabis
1994 1492 2011 1522 ‚
2035 1454 2100 1504 et
2122 1433 2207 1502 ad
2226 1433 2633 1502 excolendos
2650 1459 2845 1530 agros

737 1551 1066 1647 procedet
1104 1551 1339 1648 ignota
1375 1553 1588 1621 etiam
1627 1550 1871 1621 villicis
1907 1550 2209 1639 familia,
2248 1550 2383 1619 tuis
2419 1550 2681 1620 horreis
2725 1577 2845 1649 po·

738 1666 886 1762 puli
935 1692 1217 1737 annona
1268 1667 1638 1765 pendebit,
1692 1694 1816 1737 nec
1865 1688 2099 1737 tamen
2156 1665 2627 1736 invidebimus
2650 1725 2667 1754 ‚
2718 1692 2849 1736 nec

740 1784 1113 1881 quisquam
1139 1807 1276 1854 tam
1308 1813 1507 1882 grave
1531 1785 1807 1882 putabit
1829 1784 1954 1854 sibi
1987 1784 2167 1854 istud
2196 1785 2492 1854 fortunae
2519 1804 2649 1853 tuae
2674 1810 2847 1880 pon-

744 1899 910 1968 dus:
953 1927 1075 1969 nos
1111 1900 1163 1970 si
1203 1928 1460 1997 paucas
1497 1927 1657 1998 apes
1694 1900 1871 1970 intra
1908 1900 2259 1997 angustias
2303 1899 2624 1997 pauperis
2666 1897 2848 1968 horti

742 2015 1272 2111 composuimus
1291 2075 1307 2104 ,
1337 2045 1490 2111 quae
1522 2039 1756 2087 tamen
1781 2016 1974 2085 vobis
2003 2015 2216 2086 mella
2245 2016 2549 2102 faciunt,
2576 2013 2646 2083 id
2671 2040 2855 2110 pror-

743 2158 857 2200 sus
907 2131 1195 2226 indigne
1252 2133 1622 2201 serendum
1670 2132 1807 2201 est?
1850 2153 1951 2220 et,
1996 2131 2185 2228 quod
2234 2157 2601 2226 nunquam
2639 2126 2852 2198 fando

745 2248 1104 2342 cognitum
1144 2270 1277 2335 est,
1310 2248 1575 2318 vicinus
1608 2248 1801 2317 diviti
1836 2275 2102 2343 pauper
2136 2248 2469 2318 molestus
2504 2267 2623 2316 est.

849 2364 1036 2430 XIV.
1064 2364 1256 2432 Adeo
1276 2391 1525 2460 parum
1551 2385 1680 2450 est,
1702 2364 2093 2460 plurimum
2121 2362 2467 2460 possidere
2493 2419 2511 2450 ,
2534 2381 2611 2431 ut
2630 2386 2852 2457 quum

749 2475 955 2545 servis
990 2502 1271 2571 quoque
1308 2477 1538 2546 vestris
1573 2478 1826 2547 habere
1866 2477 2222 2574 peculium
2268 2478 2465 2548 liceat
2488 2535 2505 2564 ‚
2554 2475 2858 2545 invidio-

752 2618 909 2660 sum
937 2591 1141 2660 nobis
1173 2592 1451 2690 puteti5‚
1485 2593 1832 2691 quidquid
1852 2593 2166 2688 egestatis
2186 2619 2446 2663 nomen
2465 2588 2856 2662 excesserit?

751 2730 1036 2780 tantone
1071 2709 1213 2799 his,
1242 2711 1316 2781 in
1347 2712 1474 2782 hac
1495 2711 1547 2800 3,
1583 2733 1658 2783 ut
1690 2732 2053 2810 putamuS‚
2087 2711 2480 2810 aequissima
2509 2709 2855 2796 libertate,

833 2896 874 2928 1.
905 2880 1236 2950 Supervacua
1258 2884 1422 2932 sinon
1454 2881 1616 2932 licuit.
1651 2884 1765 2931 Hoc

753 2958 932 3027 aliquo
956 2958 1117 3008 modo
1146 2960 1366 3012 toleres:
1393 2961 1484 3011 sed
1516 2959 1767 3031 quemad-

757 3036 974 3086 modum
1002 3034 1140 3107 quod
1180 3042 1451 3110 sequitur:
1495 3040 1686 3108 injusta
1726 3039 1769 3089 ςί

755 3116 917 3166 licuit.
950 3117 1138 3187 Neque
1178 3120 1314 3168 onim
1344 3120 1593 3186 injustum
1634 3131 1766 3186 puto

756 3194 900 3264 quod
934 3195 1074 3245 licet.
1113 3197 1290 3248 Potius
1316 3220 1326 3245 :
1352 3214 1701 3267 supervacua,
1729 3197 1770 3247 si

756 3276 936 3338 Ie'cuit,
967 3274 1278 3346 tibifuccre,
1301 3280 1437 3349 quod
1457 3298 1663 3350 queror,
1690 3279 1769 3327 iu—

743 3360 919 3426 justa,
961 3359 1001 3407 si
1027 3377 1127 3408 non
1159 3358 1326 3409 licuit.
1371 3362 1478 3409 Ncc
1507 3379 1633 3409 vero
1662 3374 1770 3422 cst,

759 3437 824 3487 ad
859 3436 1002 3506 quod
1044 3437 1323 3487 commode
1359 3440 1555 3488 referas
1589 3437 1643 3486 τὸ
1686 3457 1775 3486 va·

760 3518 893 3575 leat,
922 3519 1020 3568 nisi
1039 3519 1261 3569 fortasse
1278 3520 1419 3589 quod
1430 3537 1629 3589 queror.
1650 3519 1775 3569 Sus-

761 3599 980 3671 picabar
1005 3599 1325 3668 aliquando:
1371 3602 1490 3650 Non
1532 3600 1670 3649 enim
1704 3601 1775 3650 υἰ-

762 3679 856 3727 deo
876 3717 889 3740 ‚
918 3677 1047 3749 quid
1065 3677 1218 3728 aliud
1241 3678 1516 3728 latrocinio
1540 3690 1630 3728 tuo
1656 3699 1777 3731 con·

752 3759 898 3828 ferat
920 3756 1025 3807 hoec
1053 3756 1385 3807 denunciatio
1400 3797 1414 3822 ,
1435 3776 1776 3828 supervacua,

763 3838 804 3887 si
849 3834 997 3884 licuit
1046 3836 1340 3907 tibifacere
1381 3838 1526 3908 quod
1563 3857 1779 3909 (μενοι-ς

767 3917 983 3985 injusta,
1006 3918 1048 3968 si
1074 3937 1177 3967 non
1203 3916 1353 3969 lt'cut't
1379 3939 1393 3966 :
1411 3930 1508 3969 aut
1525 3921 1636 3972 sine
1657 3922 1778 3983 ista,

766 4011 857 4050 aut
883 4018 1127 4070 nequum
1150 4001 1244 4052 ista
1266 4000 1477 4071 quidem
1507 4001 1694 4052 valeat.
1724 3999 1780 4052 ld

767 4093 877 4140 est,
916 4092 1223 4130 excusatum
1265 4082 1330 4131 sit
1378 4093 1530 4131 tuum
1568 4079 1783 4132 latroci-

770 4162 931 4212 nium.
950 4160 1189 4211 Gnoxov.
1218 4165 1549 4231 Inter-pungit
1575 4160 1779 4215 Schult.

771 4258 954 4310 (lucror
977 4240 1195 4311 injusta,
1220 4241 1264 4292 εἰ
1283 4241 1610 4313 licuitjusla.

1922 2900 1968 2932 2.
2004 2881 2152 2931 filule
2177 2884 2375 2932 audere.
2406 2883 2637 2932 Gronov.
2673 2896 2721 2930 ct
2758 2883 2856 2931 Lu-

1849 2982 1953 3014 cas.
1975 2964 2071 3014 Sed
2091 2977 2141 3013 et
2166 2962 2379 3034 culpam
2400 2962 2669 3032 defendere
2681 2979 2857 3030 super-

1850 3043 1929 3093 bia
1950 3081 1961 3100 ‚
1991 3042 2328 3093 scribendum
2356 3042 2570 3092 videtur.
2595 3038 2857 3089 Pudor-em

1850 3122 2052 3189 accipio
2094 3121 2499 3189 turpitudinem,
2532 3117 2609 3169 vel
2648 3116 2861 3187 puden-

1853 3199 1978 3248 dum
2005 3201 2228 3250 facinus.
2257 3201 2325 3248 Ut
2355 3199 2526 3270 pudor
2554 3208 2625 3248 est
2649 3195 2727 3247 nil
2760 3196 2863 3246 ‹iis-

1853 3302 1964 3332 cere
1985 3280 2146 3340 velle,·
2175 3301 2337 3353 quum
2357 3297 2492 3332 esset
2507 3282 2561 3331 in
2580 3280 2794 3330 infamia
2812 3291 2863 3329 et

1856 3359 1987 3409 male
2010 3358 2214 3410 audiret
2245 3359 2419 3426 dives,
2446 3363 2516 3411 ita
2536 3359 2744 3410 velabat
2773 3357 2864 3409 de·-

1855 3442 2049 3506 decus,
2082 3457 2138 3492 ut
2164 3442 2409 3513 superbia
2438 3461 2493 3492 se
2523 3439 2865 3504 defenderet,

1859 3543 1971 3594 quae
1997 3525 2048 3572 in
2075 3541 2138 3573 eo
2166 3537 2305 3586 erat,
2329 3521 2479 3593 quod
2501 3523 2759 3585 vicinum,
2784 3534 2867 3571 to-

1860 3619 1913 3654 to
1958 3606 2179 3654 fortunae
2220 3606 2567 3655 circumstans
2608 3605 2828 3672 strepitu
2845 3638 2864 3664 ‚

1854 3688 2083 3752 jusserat
2109 3686 2389 3734 transferre
2410 3702 2553 3754 apes.
2573 3680 2668 3733 Vel
2696 3680 2867 3751 pudor

1862 3763 1948 3813 hic
1973 3766 2121 3813 sistat
2146 3762 2527 3832 impudentiam
2547 3761 2752 3823 divitist,
2778 3761 2869 3829 qui

1862 3843 1954 3893 tali
1986 3841 2283 3893 velamento
2319 3840 2456 3892 male
2494 3840 2718 3891 audiens
2756 3852 2872 3890 ute-

1861 3920 2037 3971 batur.

1937 4001 1985 4051 3.
2019 3999 2257 4052 Tantone
2291 3999 2397 4065 his,
2426 4000 2481 4049 in
2517 3998 2632 4049 hac.
2662 3995 2871 4049 Scribe:

1870 4082 2002 4132 Tam
2043 4082 2184 4134 bonis
2224 4084 2278 4132 in
2324 4080 2451 4145 hac,
2495 4091 2554 4130 ιιι
2594 4091 2869 4151 putamus,

1864 4164 2152 4235 aequissima
2172 4162 2410 4215 libertate
2424 4162 2622 4235 leqibus
2636 4161 2871 4213 vivimus.

1866 4243 2060 4295 ironia.
2087 4243 2320 4294 Gnosov.
