3200 5117
600 546 870 612 DECL.
920 547 1042 610 vt.
1090 545 1571 613 CORPORIS
1618 546 2113 613 PROJECTI.
2288 548 2410 638 139

307 670 472 743 litus
516 668 826 768 aliquem
873 695 1016 742 esse
1055 668 1370 769 piratam.
1414 668 1625 741 Unde
1661 668 1853 741 hunc
1896 668 2000 742 illi
2042 669 2411 755 animum?

308 785 365 856 si
389 785 579 873 mala
590 811 716 857 sua
741 785 901 857 ideo
932 811 1077 856 uon
1102 784 1314 857 sentit
1330 842 1349 875 ,
1372 783 1544 883 quia
1566 810 1712 855 non
1738 784 1923 857 videt
1942 841 1962 872 ,
1992 806 2064 859 et
2086 784 2217 857 hoc
2243 785 2412 858 boni

311 901 570 974 caecitas
602 900 851 992 habet,
884 920 1081 972 eruat
1114 899 1369 999 aliquis
1399 899 1640 971 oculos
1675 926 1906 972 meos:
1953 901 2072 973 sed
2113 900 2412 973 tenebrae

313 1019 616 1118 corporis
651 1017 1014 1090 affectibus
1055 1044 1199 1090 non
1241 1017 1560 1091 obstant:
1600 1036 1795 1089 estne
1830 1017 1973 1089 haec
2007 1045 2179 1090 uxor
2210 1016 2415 1090 mea?

315 1155 502 1206 estne
538 1133 655 1206 ille
692 1133 879 1205 filius
914 1132 1190 1205 noster?
1222 1131 1427 1204 liceat
1458 1131 1818 1222 dubitare,
1857 1133 1913 1204 si
1953 1132 2102 1205 fieri
2147 1152 2413 1233 potest;

313 1271 379 1322 et
422 1277 587 1323 sane
627 1250 739 1321 vix
773 1248 923 1349 jam
967 1248 1518 1350 dignoscendam
1562 1249 1867 1348 speciem
1914 1271 2207 1324 vetustas
2245 1249 2414 1323 reli-

313 1367 494 1464 quit:
515 1365 634 1438 sed
659 1365 894 1436 attritae
922 1391 1205 1455 manus,
1229 1385 1299 1438 et
1322 1364 1595 1437 tumida
1627 1365 1912 1464 vestigia
1934 1366 2416 1458 vinculorum,

316 1501 383 1553 et
408 1482 591 1553 testis
616 1481 837 1579 longae
871 1480 1279 1580 captivitatis
1303 1481 1558 1553 macies
1576 1538 1595 1571 ,
1630 1481 1939 1555 infelicia
1960 1503 2376 1580 argumenta
2393 1538 2413 1572 ‚

314 1596 800 1668 consentiunt:
856 1595 1191 1667 miserum
1248 1596 1403 1668 me!
1452 1617 1676 1670 certus
1718 1597 1945 1670 luctus
1983 1618 2128 1670 est:
2185 1597 2413 1670 filium

315 1739 656 1811 agnosc05
695 1738 979 1784 uxorem
1014 1740 1155 1785 non
1191 1740 1513 1812 agnosco.
1549 1717 1732 1814 Ergo
1767 1714 2104 1813 quoniam
2137 1714 2226 1786 de
2256 1714 2415 1814 jure

314 1826 589 1926 longior
618 1854 858 1926 pugna
891 1817 1026 1919 est,
1070 1849 1138 1900 et
1182 1830 1384 1901 uobis
1429 1830 1948 1919 festinandum3
1987 1829 2130 1902 sint
2172 1828 2416 1926 primae

315 1971 604 2043 precum
643 1965 889 2044 partes.
917 1945 1171 2025 Adeste
1204 1947 1507 2019 universi
1542 1947 1905 2044 utriusque
1946 1970 2143 2018 sexus
2175 1969 2417 2043 paren-

318 2081 450 2150 teS,
475 2060 648 2139 dum
675 2083 975 2138 matrem
1009 2062 1085 2134 in
1118 2063 1474 2161 exsequias
1512 2061 1640 2134 filii
1671 2088 1875 2161 rogo:
1907 2088 2028 2162 per
2057 2059 2420 2132 matrimo-

315 2176 519 2254 nium
557 2197 622 2249 te
663 2193 927 2269 vetus¹,
964 2198 1031 2250 et
1068 2205 1192 2277 per
1230 2199 1557 2251 mutuam
1607 2179 2005 2269 caritatem,
2039 2201 2193 2275 quae
2238 2175 2417 2248 utri-

319 2317 453 2390 que
503 2314 815 2371 nostrum
874 2320 1131 2392 magno
1178 2293 1816 2395 constat,·adjicio,
1863 2319 1986 2392 per
2034 2316 2415 2365 commune

315 2409 606 2508 pignus,
636 2436 761 2508 per
802 2438 1025 2487 anuos
1066 2412 1319 2510 pariter
1356 2433 1575 2503 actos,
1608 2433 1674 2482 et
1706 2408 2052 2483 beneficio
2087 2405 2216 2480 filii
2260 2405 2419 2504 plu-

320 2552 459 2617 reS,
493 2554 616 2626 per
655 2554 898 2601 meum
947 2529 1022 2600 in
1076 2550 1145 2602 te
1193 2530 1650 2629 obsequium,
1669 2529 1823 2631 jam
1864 2523 2006 2598 mei
2049 2523 2413 2609 miserere,

316 2641 518 2741 cujus
541 2641 736 2716 soles.
763 2644 987 2716 Crede
1021 2646 1240 2735 mihi,
1262 2645 1394 2718 hoc
1427 2644 1617 2744 quod
1652 2642 1898 2741 patior,
1927 2666 2197 2714 carcere
2217 2639 2416 2741 pejus

317 2777 455 2844 est,
491 2758 871 2854 captivitate
904 2760 1298 2834 crudelius:
1338 2786 1496 2831 mea
1529 2760 1660 2830 ista
1688 2784 1893 2855 poeua
1926 2776 2064 2828 est:
2092 2755 2260 2854 quid
2288 2754 2414 2827 tibi

319 2893 593 2945 tantum
626 2873 792 2945 mali
814 2874 982 2950 feci?
999 2875 1173 2973 quid
1199 2872 1705 2947 offendi?certe
1726 2898 1853 2972 ego
1878 2891 1942 2943 te
1967 2897 2110 2942 non
2132 2869 2409 2967 reliqui.

412 2990 535 3069 IX.
580 2992 741 3061 Jam
788 2990 842 3062 si
891 3010 1117 3063 totum
1164 2992 1505 3066 affectum
1556 2990 1635 3062 in
1687 2989 1878 3061 hunc
1927 2983 2416 3082 consumpsisti

318 3105 544 3178 virum
562 3165 582 3198 ‚
610 3128 677 3179 et
700 3106 932 3179 omnis
955 3134 1080 3207 per
1101 3108 1340 3180 oculos
1364 3105 1838 3181 misericordia
1857 3100 2157 3189 effluxit,
2183 3098 2418 3173 tulerit

319 3247 481 3296 sane
520 3222 703 3294 filius
738 3244 968 3295 noster
991 3223 1242 3296 merito
1278 3250 1554 3322 poenas,
1592 3220 1860 3298 dederit
1887 3217 2214 3319 spiritum
2255 3241 2415 3317 sup·

320 3336 568 3442 plicio,
602 3336 783 3417 nihil
814 3336 901 3409 de
935 3339 1295 3437 praeteritis
1323 3337 1735 3440 loquamur:
1772 3335 1964 3436 quod
2000 3327 2414 3433 ²postulavit

398 3573 439 3614 t.
468 3558 573 3610 Per
602 3562 997 3614 matrimonium
1033 3569 1185 3614 vetzu-
1222 3560 1327 3618 1²01·
1476 3578 1527 3616 a.
1565 3560 1722 3632 Quod
1745 3557 2034 3632 postulavit
2066 3555 2257 3610 Cicero.
2291 3557 2410 3607 Haee

319 3640 716 3692 matrimonium
728 3651 776 3694 te
788 3652 944 3695 vetus.
956 3640 1102 3695 Leid.
1091 3660 1195 3714 ..pr
1214 3659 1319 3695 see.
1404 3662 1436 3698 e
1457 3643 1774 3715 glossemate
1787 3640 2057 3694 videntur
2045 3638 2340 3710 irrepsisse,
2361 3651 2413 3688 et

317 3717 473 3769 Voss.
516 3736 617 3771 sec
664 3720 851 3773 Lucas.
899 3719 1103 3794 Grypb.
1149 3719 1321 3780 Colm.
1403 3720 1763 3794 putidiuscule
1793 3719 2089 3789 allegantur
2118 3728 2309 3770 contra
2332 3714 2414 3766 fe-

318 3793 504 3850 Vidov.
538 3794 675 3853 Illud
710 3809 758 3850 te
789 3801 1058 3869 ejecerunt
1094 3797 1326 3865 librarii,
1406 3802 1642 3858 minam·
1685 3801 1786 3851 uisi
1829 3799 2150 3868 accipiamus
2189 3796 2292 3847 ista
2330 3793 2413 3845 his

319 3878 441 3947 quia
462 3896 571 3932 uon
591 3877 841 3932 videbant
860 3882 1150 3952 sequiora,
1170 3881 1327 3936 obtes-
1406 3880 1736 3953 temporibus
1777 3881 2050 3932 notissima
2086 3878 2264 3930 fuisse.
2294 3874 2413 3926 Ma-

317 3971 415 4022 tor,
439 3958 521 4011 vel
549 3959 716 4012 simile
745 3959 906 4033 quid3
933 3960 1083 4033 quod
1109 3962 1325 4019 minime
1400 3963 1592 4034 jestate
1607 3958 1799 4012 harum
1813 3956 2269 4011 Declamatiouum
2286 3951 2415 4004 mul·

316 4040 371 4089 in
391 4036 494 4091 hac
512 4038 738 4092 formula
765 4058 918 4111 opus.
943 4040 1100 4095 Silius
1117 4039 1321 4105 1‚658.
1408 4053 1464 4091 to
1502 4041 1568 4092 sit
1606 4038 1845 4108 dignius,
1884 4038 1927 4088 si
1961 4035 2181 4105 legeris,
2215 4032 2415 4086 dederit

322 4141 345 4164 ιι
368 4120 482 4183 Per,
512 4137 642 4184 vos,
673 4117 817 4178 culta
848 4119 941 4171 diu
972 4117 1179 4172 Rutula
1213 4120 1325 4190 pri·
1403 4119 1641 4190 spt'n'tum
1656 4115 1942 4189 supplicio,
1965 4110 2416 4185 nihildepraeteri-

323 4219 345 4243 α
369 4195 572 4252 moi-dia
613 4198 812 4267 gentis,
854 4210 958 4251 etc.
1001 4197 1325 4254 Censet-vate
1408 4199 1471 4250 tis
1494 4196 1794 4271 loquamur,
1816 4211 1951 4246 mors
1965 4195 2033 4246 sit
2048 4203 2277 4246 extrema
2297 4207 2413 4240 ma-

323 4303 343 4324 u
364 4280 502 4353 pios.
525 4301 547 4326 ι
1407 4276 1596 4332 lomm.
1627 4278 1708 4330 Tu
1734 4277 1894 4330 vende
1913 4274 2098 4330 saltem
2111 4311 2130 4341 ,
2159 4283 2294 4326 certe
2316 4276 2420 4343 ogo‘
