3200 5117
843 581 960 664 294
1352 575 1440 636 M.
1493 574 1738 636 FABu
1784 565 2412 652 Qum‘rlmAm

840 728 1037 799 spero
1065 701 1296 798 fruges
1315 758 1333 788 ,
1363 699 1703 797 propitios
1728 699 1892 770 deos
1918 726 2058 769 non
2095 722 2396 769 mereor:
2428 698 2783 794 quomodo
2808 725 2929 772 me

839 846 880 889 a
919 818 1164 888 scelere
1199 843 1355 888 meo
1389 815 1828 888 divellerem?
1862 816 1935 886 in
1970 841 2140 912 quas
2175 814 2456 886 ultimas
2489 836 2732 904 terraS,
2770 842 2932 915 quae

841 932 1280 1032 inhospitalia
1323 933 1542 1004 maria
1579 930 1994 1004 conderem?
2034 957 2275 1001 meum
2315 956 2477 1002 sane
2511 930 2931 1003 conscientia

845 1071 1054 1122 urunt
1094 1050 1413 1122 animum
1458 1050 1644 1120 intus
1688 1047 2023 1120 scelerum
2069 1050 2281 1119 faces:
2330 1067 2399 1118 et
2436 1048 2706 1145 quoties
2751 1050 2929 1122 facta

842 1167 1191 1266 reputavi,
1229 1167 1496 1265 flagella
1529 1166 1780 1236 mentis
1814 1186 2103 1236 sonant:
2141 1164 2416 1236 ultrices
2444 1164 2648 1236 video
2671 1164 2924 1254 furiam,

841 1304 911 1355 et
946 1283 1018 1354 in
1049 1309 1540 1381 quamcunque
1571 1310 1684 1352 me
1714 1301 1981 1380 partem
2011 1281 2349 1370 converti,
2377 1301 2749 1352 occurrunt
2769 1308 2925 1352 um-

841 1397 978 1468 brae
1010 1424 1366 1469 meorum:
1402 1397 1715 1468 habitant
1744 1397 1971 1468 nescio
2006 1423 2159 1493 quae
2192 1396 2266 1468 in
2297 1417 2569 1494 pectore
2597 1421 2756 1468 meo
2784 1422 2924 1495 Ρω-

845 1539 946 1584 nae
972 1539 987 1583 ε
1017 1534 1082 1583 et
1105 1540 1192 1583 ne
1221 1532 1439 1584 morte
1464 1512 1707 1582 saltem
1731 1512 1855 1584 hos
1884 1531 2106 1583 metus
2138 1512 2510 1610 effugiam,
2542 1525 2560 1555 ¹
2582 1530 2924 1610 occupant

842 1629 1070 1726 gravia
1104 1627 1291 1726 apud
1324 1627 1576 1699 inferos
1608 1627 1982 1727 supplicia,
2017 1628 2310 1699 volucris
2346 1646 2527 1716 rota,
2563 1645 2630 1697 et
2659 1626 2924 1724 fugaci-

844 1744 973 1814 bus
1014 1743 1185 1814 cibis
1224 1744 1453 1815 elusus
1492 1771 1735 1815 senex:
1779 1744 1949 1815 adeo
1988 1770 2077 1815 ne
2120 1742 2306 1842 apud
2345 1742 2603 1813 inferos
2635 1740 2921 1839 quidem

841 1857 982 1929 ulia
1015 1884 1220 1957 poena
1253 1880 1352 1931 est
1382 1861 1564 1931 fame
1601 1860 1857 1962 major3
1893 1880 1960 1930 et
1999 1858 2113 1930 ille
2146 1858 2288 1929 haec
2321 1857 2600 1956 patitur,
2633 1856 2754 1957 qui
2788 1855 2928 1928 ho-

844 1973 1108 2044 minem
1143 1975 1468 2074 apposuit
1499 1976 1932 2074 epulandum
1953 1989 2002 2045 ².
2038 1974 2254 2046 Nobis
2288 1971 2616 2044 imminet
2643 1997 2921 2062 saxum,

842 2089 1044 2160 nobis
1077 2090 1416 2161 stridunt³
1451 2093 1681 2162 ferreae
1717 2111 1967 2179 turre5‚
2004 2088 2250 2161 nostris
2280 2087 2497 2160 causis
2529 2080 2755 2157 urna4
2773 2086 2924 2187 jam

843 2204 1025 2274 stetit
1042 2261 1060 2293 ‚
1088 2205 1288 2276 nobis
1307 2205 1500 2277 vivax
1526 2208 1754 2304 ipsum
1786 2205 2022 2277 crescit
2035 2206 2257 2305 jecur,
2285 2204 2453 2301 quia
2477 2200 2626 2274 illic
2646 2228 2923 2302 quoque

841 2316 1094 2386 viscera
1122 2340 1393 2389 tantum
1427 2346 1580 2389 aves
1613 2320 1897 2390 laniant.
1934 2320 2307 2417 Excipiunt
2339 2345 2464 2390 nos
2499 2317 2572 2390 in
2608 2317 2921 2418 proximo

839 2431 1034 2503 litore
1071 2430 1445 2504 inhumatae
1478 2455 1866 2507 nostrorum
1901 2436 2193 2507 animae:
2233 2435 2567 2507 miserum
2609 2461 2762 2525 me,
2801 2460 2922 2508 ve-

841 2571 1007 2618 rane
1035 2546 1178 2618 haec
1206 2568 1402 2638 sunt,
1431 2576 1518 2619 an
1551 2577 1749 2621 mens
1773 2550 2100 2648 adspicit3
2133 2550 2386 2621 laceros
2414 2550 2617 2621 video
2646 2576 2916 2637 maneS,

841 2681 907 2732 et
939 2682 1210 2734 truncas
1240 2664 1548 2763 partibus
1581 2667 1720 2737 suis
1756 2668 2056 2738 umbras.
2094 2666 2289 2755 Quid
2321 2666 2453 2739 hoc
2489 2666 2630 2741 est?
2659 2694 2802 2739 non
2836 2667 2919 2738 de

840 2777 1168 2874 sepulcris
1202 2778 1611 2878 insurgunt,
1647 2810 1787 2854 non
1820 2783 2057 2879 aliquo
2092 2804 2428 2854 terrarum
2463 2783 2657 2856 hiatu
2689 2809 2922 2884 proce-

841 2892 1017 2963 dunt
1058 2894 1316 2965 umbrae
1359 2919 1784 2968 nostrorum:
1831 2898 1917 2970 de
1963 2900 2220 2997 populo
2264 2919 2534 2972 exeunt.
2579 2899 2751 2972 Illuc
2790 2899 2919 2992 ite,

839 3006 940 3078 illi
961 3008 1168 3080 taedas
1190 3010 1524 3082 intendite
1544 3070 1561 3101 ‚
1585 3012 1786 3083 illurn
1806 3013 2150 3111 anguibus
2172 3015 2376 3115 petite
2399 3073 2419 3105 ,
2442 3036 2508 3087 et
2528 3035 2670 3086 tam
2694 3012 2925 3113 longe

840 3149 1044 3193 morae
1087 3125 1332 3222 exigite
1381 3129 1713 3198 rationem
1752 3155 1767 3198 ε
1815 3129 2009 3201 vobis
2056 3131 2272 3220 dicat,
2333 3129 2627 3231 duplum
2681 3127 2917 3200 attuli:

839 3241 1026 3310 vobis
1052 3240 1262 3330 dicat;
1289 3239 1377 3312 ad
1405 3241 1591 3313 diem
1622 3242 1772 3315 veni
1797 3265 1813 3313 τ
1841 3271 1967 3342 ego
1985 3302 2003 3335 ‚
2030 3245 2086 3317 si
2115 3245 2325 3347 hujus
2344 3270 2627 3350 poenam
2644 3244 2916 3336 videro,

841 3381 1122 3453 possum
1156 3356 1438 3428 reddere
1469 3359 1805 3430 rationem
1825 3418 1845 3450 ‚
1880 3360 2068 3460 quod
2100 3362 2259 3434 vixi.

916 3523 960 3556 ι.
978 3508 1266 3577 occupant.
1279 3510 1606 3560 preveniunt
1614 3512 1723 3578 jam
1734 3528 1835 3574 me,
1989 3510 2039 3577 4.
2074 3512 2235 3564 Urna.
2261 3512 2339 3563 De
2363 3510 2606 3564 Belidum
2629 3529 2762 3563 urna
2781 3510 2917 3581 capit

838 3596 891 3634 et
918 3586 972 3635 in
996 3604 1078 3635 me
1102 3588 1417 3656 irrumpunt.
1443 3588 1659 3639 Senum.
1920 3592 2144 3656 Badiu33
2171 3593 2248 3648 cl.
2275 3592 2636 3664 Schultinfiiu
2662 3590 2731 3644 de
2753 3609 2913 3654 urna,

912 3683 956 3714 2.
977 3664 1335 3736 Epulandumff
1356 3669 1415 3718 In
1429 3667 1684 3720 Gronovii
1703 3688 1837 3733 esse,
1919 3694 2077 3747 quam
2119 3677 2295 3728 Minos
2339 3686 2516 3728 movet
2555 3672 2702 3746 apud
2739 3670 2915 3742 Vns-gil.

839 3744 1280 3816 diisepulandum,
1297 3746 1494 3801 Schult.
1511 3764 1681 3816 notat,
1694 3751 1837 3821 quod
1919 3754 2120 3804 AEneid.
2149 3758 2216 3806 vl
2232 3791 2248 3819 ‚
2274 3754 2403 3822 4323
2431 3767 2484 3805 et
2510 3755 2693 3805 Horat.
2714 3750 2816 3806 Od.
2839 3752 2915 3818 11,

837 3842 1018 3875 verum
1044 3839 1193 3895 puto.
1920 3835 1979 3900 3,
2009 3836 2260 3887 Omnium
2295 3848 2521 3888 versatur
2540 3854 2674 3886 urna
2705 3851 2835 3894 son,-
2862 3845 2912 3884 et

907 3908 957 3960 3.
1005 3906 1257 3960 stridunt.
1301 3907 1528 3962 strident
1565 3910 1707 3965 Leid.
1753 3932 1833 3983 pr.
1915 3915 2151 3985 Propert.
2171 3914 2315 3985 Eleg.
2336 3917 2426 3980 w,
2441 3914 2538 3968 ult.
2554 3913 2788 3968 Dubitat
2810 3930 2919 3966 no-

843 3986 991 4037 Voss.
1010 4006 1113 4039 sec.
1130 3986 1251 4040 vide
1264 3989 1440 4040 Heius.
1461 3989 1527 4041 ad
1538 3991 1690 4042 ovid.
1709 3992 1833 4043 Met.
1917 3991 2004 4043 dia
2022 3992 2109 4045 hic
2129 3995 2269 4046 enim
2288 3996 2427 4045 inter
2442 3992 2545 4046 alia
2561 3991 2706 4065 apud
2720 3991 2916 4043 inferos

839 4065 936 4132 IX,
969 4083 1081 4137 171.
1107 4068 1288 4121 Tur-res
1313 4088 1437 4122 vero
1467 4071 1611 4143 apud
1640 4073 1835 4125 inferos
1916 4090 2191 4142 poenarum
2202 4070 2922 4145 gener-aponimanuuNoo

835 4145 1057 4198 vidimus
1069 4184 1085 4212 ,
1107 4147 1254 4200 Deel.
1279 4150 1329 4202 X
1342 4186 1360 4215 ,
1388 4152 1437 4204 8.
1916 4172 2037 4205 cum
2051 4153 2249 4207 Schult.
2267 4168 2487 4227 propter
2496 4150 2553 4206 τό
2569 4152 2746 4206 causis.
2765 4151 2859 4201 En«

1742 4315 2018 4336 affl*
