3200 5117
699 545 783 585 xx
1230 509 1694 578 EDITORIS
1741 509 2265 588 PRAEFATIO,

703 668 818 710 nes
852 642 1296 731 Glandorpius
1321 642 1388 704 in
1419 640 1842 706 Onomastico
1871 638 2178 702 Historiae
2208 657 2528 712 romanae,
2565 658 2629 723 p.
2672 636 2788 722 187

699 751 785 817 ad
823 753 958 838 193.

1126 946 1537 1023 CAPUT
1595 942 2365 1020 SECUNDUM*.

791 1169 1237 1229 DECLAMANDI
1272 1164 1593 1238 studium,
1629 1187 2030 1252 quamquam
2071 1178 2137 1224 et
2177 1178 2439 1224 senatus
2468 1162 2794 1248 amplissi-

702 1272 824 1350 mi,
848 1290 913 1335 et
936 1272 1464 1358 gravissimorum
1491 1293 1839 1334 censorum
1867 1267 2263 1357 praejudiciis
2290 1283 2617 1345 notatum,
2645 1291 2794 1331 sero

706 1375 978 1440 demum
1008 1375 1187 1463 apud
1220 1380 1548 1440 Romanos
1580 1392 1921 1465 receptum
1954 1392 2083 1452 est,
2115 1397 2238 1436 usu
2270 1390 2487 1436 tamen
2519 1373 2661 1459 ipso
2702 1373 2794 1437 sic

702 1483 866 1545 utile
902 1482 1391 1572 honestumque
1426 1483 1761 1569 apparuit,
1796 1497 1867 1544 ut
1904 1481 2234 1566 principes
2273 1479 2549 1542 civitatis
2582 1479 2792 1558 viros,

706 1611 1000 1651 summos
1032 1589 1227 1651 etiam
1258 1589 1686 1675 imperatores
1716 1588 1783 1649 in
1821 1609 1899 1650 eo
1932 1609 2000 1648 se
2037 1607 2340 1648 exercere
2375 1607 2509 1647 non
2541 1583 2795 1672 pudue-

708 1696 808 1757 rit.
838 1697 1000 1756 Nam
1031 1711 1099 1758 ut
1130 1697 1220 1758 M.
1249 1694 1542 1758 Tullium
1575 1712 1641 1758 et
1674 1691 1954 1781 grandes
1987 1693 2132 1755 illos
2165 1708 2580 1779 praetextatos
2605 1692 2793 1755 omit-

708 1815 878 1877 tam,
930 1822 1083 1863 sane
1133 1799 1445 1864 traditum
1494 1819 1592 1865 est
1642 1823 1954 1887 inagnum
2000 1799 2193 1861 etiam
2241 1798 2629 1885 Pompeium
2670 1798 2795 1862 sub

708 1903 912 1967 civilis
945 1906 1264 1970 tumultus
1294 1906 1588 1980 initium,
1617 1904 1959 1991 repetiisse
1988 1902 2398 1967 declamandi
2430 1920 2796 1967 consuetu-

709 2011 963 2091 dinem,
993 2016 1083 2076 M.
1108 2037 1265 2077 vero
1292 2015 1683 2089 Antonium,
1716 2013 2067 2098 ipsumque
2091 2007 2259 2074 adeo
2291 2017 2683 2096 Augustum,
2711 2034 2795 2074 ne

711 2119 1069 2182 Mutinensi
1106 2117 1376 2205 quidem
1416 2119 1626 2197 hello,
1667 2118 1736 2181 in
1776 2135 1952 2181 tanta
1987 2140 2209 2179 rerum
2241 2117 2444 2194 mole,
2477 2117 2794 2181 omisisse.

712 2227 793 2288 Et
831 2249 988 2289 vero
1030 2228 1142 2312 qui
1184 2225 1629 2315 eloquentiam
1670 2248 1805 2289 non
1845 2225 1911 2288 in
1946 2227 2092 2311 fqro
2124 2222 2324 2288 modo
2353 2223 2795 2313 judiciisque,

710 2329 827 2394 sed
860 2348 923 2396 et
957 2331 1132 2418 apud
1166 2333 1489 2420 populum
1528 2334 1692 2397 tanti
1729 2333 2064 2411 fecerunt,
2099 2349 2171 2394 ut
2201 2332 2376 2395 illam
2407 2331 2490 2395 de
2525 2333 2798 2396 summis

709 2438 1061 2504 virtutibus
1091 2464 1291 2504 unam
1323 2439 1681 2531 quamdam
1706 2464 1847 2506 esse
1880 2441 2211 2518 dicerent,
2257 2456 2322 2503 et
2352 2437 2624 2504 eosdem
2659 2440 2799 2504 fere

709 2543 1036 2631 sapientes
1079 2562 1278 2635 atque
1323 2548 1710 2634 eloquentes
1750 2546 2108 2623 haberent,
2146 2545 2309 2609 nihil
2343 2545 2641 2632 profecto
2673 2547 2800 2609 mi-

709 2671 855 2713 rum
894 2668 1024 2728 est,
1058 2675 1198 2716 eam
1240 2653 1656 2739 potissimum
1687 2653 2008 2716 rationem
2042 2670 2172 2716 tam
2200 2651 2393 2715 avide
2422 2652 2758 2738 amplexos
2780 2702 2798 2731 ,

712 2779 909 2843 quam
941 2780 1081 2820 esse
1110 2757 1513 2846 judiciorum
1545 2759 2103 2847 consiliorumque
2143 2759 2495 2845 imaginem
2518 2808 2533 2837 ‚
2571 2756 2640 2822 id
2672 2777 2797 2838 est,

711 2862 1076 2926 forensium
1119 2880 1182 2926 et
1223 2865 1640 2952 popularium
1681 2865 2016 2928 actionum
2060 2861 2596 2941 meditationem,
2639 2865 2800 2953 quin

713 2985 775 3033 et
797 2969 1000 3032 solam
1030 2968 1112 3033 ad
1144 2969 1558 3034 formandam
1584 2970 1790 3057 ipsam
1815 2969 2264 3056 eloquentiam
2289 2969 2624 3048 sufficere,
2653 2993 2802 3033 cenv-

712 3091 1009 3139 suerunt.
1047 3074 1213 3139 Mihi
1255 3075 1527 3164 quidem
1568 3076 1709 3164 ejus
1751 3075 2231 3139 exercitationis
2273 3074 2524 3137 fructus
2566 3097 2699 3137 non
2733 3075 2801 3137 in

713 3182 865 3244 solis
890 3196 1187 3244 veterum
1215 3197 1558 3267 poetarum
1584 3179 2013 3258 carminibuS,
2039 3180 2249 3242 antiis
2276 3203 2423 3268 quae
2450 3196 2804 3266 supersunt

714 3302 1050 3349 oratorum
1078 3285 1483 3361 actionibus,
1515 3285 1631 3349 sed
1670 3303 1737 3349 et
1774 3287 1840 3348 in
1877 3284 2339 3349 historicorum
2374 3286 2629 3372 scriptis
2664 3283 2801 3347 elu-

715 3409 819 3456 cet
848 3393 1160 3470 maxime,
1193 3416 1477 3481 quorum
1515 3416 1639 3479 ego
1672 3393 1952 3457 directas
1984 3392 2420 3481 obliquasque
2450 3391 2802 3456 conciones

717 3521 922 3587 quum
956 3499 1140 3586 lego,
1175 3522 1309 3563 non
1351 3502 1544 3564 unius
1580 3499 1740 3562 mihi
1782 3498 2116 3575 hominis,
2142 3498 2257 3563 sed
2292 3500 2579 3586 plurium
2609 3497 2807 3562 simul

716 3605 1136 3692 ingeniorum
1160 3627 1387 3668 sensus
1413 3605 1821 3691 collectaque
1847 3605 2147 3668 acumina
2169 3625 2524 3689 agnoscere
2550 3602 2803 3667 videor..

714 3711 864 3792 Quo
895 3713 1097 3796 magis
1125 3708 1353 3791 doleo,
1376 3693 1546 3776 hanc
1570 3729 1636 3775 et
1656 3710 1922 3776 dicendi
1948 3728 2014 3774 et
2033 3708 2392 3788 scribendi,
2417 3728 2490 3774 ut
2515 3712 2603 3778 ita
2632 3711 2807 3775 dixe-

716 3817 876 3895 rim,
911 3831 1127 3880 cotem
1168 3818 1257 3880 sic
1295 3840 1332 3880 a
1370 3818 1608 3881 nostris
1643 3816 2025 3882 hominibus
2061 3818 2426 3904 neglectam
2448 3866 2463 3894 ,
2499 3832 2576 3880 ut
2610 3814 2806 3881 simul

717 3925 913 3988 etiam
953 3924 1398 4014 eloquentiam
1440 3926 1649 4012 ipsam
1686 3926 1986 3990 amittere
2027 3947 2294 3990 necesse
2337 3926 2579 3988 fuerit?
2604 3941 2805 4009 atque

718 4053 797 4092 eo
834 4028 1109 4118 quidem
1148 4031 1388 4118 magis,
1416 4028 1597 4120 quod
1639 4030 1918 4120 majores
1958 4045 2217 4094 nostros
2252 4031 2322 4096 in
2355 4053 2435 4100 eo
2471 4026 2671 4094 studii
2695 4050 2804 4113 ge·

786 4169 807 4188 ⁶
830 4173 950 4224 Haec
972 4170 1236 4225 scribebat
1256 4176 1309 4224 P.
1332 4172 1561 4224 Pithoeus
1577 4210 1592 4238 ,
1612 4170 1760 4224 Deel.
1783 4171 1970 4237 editor,
1989 4169 2378 4243 christophoro
2394 4170 2619 4224 Thuano
2636 4166 2802 4222 Calin.
