3200 5117
711 450 794 517 56
1212 456 1304 519 M.
1354 455 1606 567 FAsstt
1653 454 2294 537 QUINTHJAM

705 572 1019 673 proximo
1049 577 1309 648 ferrum
1338 605 1479 648 non
1511 579 1854 649 recusanti
1886 579 2131 678 puellae
2165 580 2545 652 immersit?
2579 575 2809 653 divisit

704 690 802 762 illi
851 693 1077 796 solum
1125 695 1434 791 Appium
1472 708 1519 783 ¹,
1566 722 1779 792 quem
1833 718 2068 767 tamen
2121 697 2417 796 populus
2470 724 2806 767 romanus

706 809 1084 880 secessione
1113 837 1153 879 a
1187 810 1529 908 patribuS,
1564 833 1629 881 et
1669 839 1884 909 prope
1924 811 2102 882 civili
2150 812 2328 883 bello
2373 833 2800 910 persecutus,

704 922 778 992 in
802 925 1073 996 vincula
1104 925 1264 997 duci
1291 928 1551 1023 coegit:
1580 954 1803 1025 neque
1841 927 1980 997 ulla
2013 955 2114 998 res
2148 949 2297 998 tum
2335 929 2553 1025 magis
2577 927 2809 1026 indig-

703 1039 1061 1110 nationem
1101 1040 1317 1140 plebis
1348 1043 1758 1129 commovit,
1794 1071 2005 1139 quam
2034 1043 2221 1140 quod
2254 1042 2652 1140 pudicitiam
2687 1068 2802 1112 au·

705 1156 884 1227 ferre
934 1179 1303 1228 tentaverat
1357 1157 1511 1229 filiae
1557 1159 1814 1229 militis.
1861 1161 2026 1228 Haec
2072 1181 2234 1228 sunt
2289 1159 2608 1245 honesta,
2657 1156 2803 1228 haec

705 1272 1053 1342 narranda
1098 1273 1522 1344 feminarum
1560 1272 1909 1371 exempla:
1947 1301 2112 1344 nam
2146 1274 2449 1343 virorum
2487 1298 2639 1368 quae
2682 1300 2804 1368 pu-

707 1386 940 1458 dicitia
969 1409 1101 1470 est,
1138 1388 1266 1459 nisi
1303 1416 1444 1459 non
1477 1388 1964 1486 corrumpere?
2001 1417 2142 1459 non
2182 1390 2268 1460 sit
2302 1389 2469 1458 mihi
2520 1388 2801 1458 forsitan

708 1503 1149 1598 querendum
1201 1504 1446 1573 aversis
1490 1503 1776 1574 auribus
1811 1503 2022 1575 seculi
2064 1504 2134 1573 in
2175 1524 2445 1574 tantum
2477 1502 2633 1573 vitia
2658 1529 2805 1598 reg-

707 1642 876 1687 nare
898 1673 914 1704 ‚
950 1639 1023 1687 ut
1056 1618 1387 1688 obscoenis
1417 1619 1903 1716 cupiditatibus
1938 1641 2183 1691 natura
2213 1619 2520 1707 cesserit,
2555 1640 2632 1689 ut
2662 1617 2806 1716 pol-

708 1730 870 1801 lutis
902 1733 968 1802 in
1003 1734 1382 1805 femineam
1421 1762 1641 1833 usque
1682 1734 2082 1832 patientiam
2128 1735 2467 1821 maribus,
2505 1727 2808 1805 incurrat

697 1847 850 1947 jam
880 1848 1092 1919 libido
1123 1850 1196 1919 in
1228 1877 1467 1920 sexum
1494 1877 1699 1920 suum
1723 1864 1772 1919 ².
1809 1851 2051 1921 Finem
2080 1872 2310 1921 tamen
2340 1849 2645 1945 aliquem
2676 1848 2807 1920 sibi

707 1963 868 2033 vitia
897 1964 1042 2061 ipsa
1073 1987 1519 2062 exceperunt,
1557 1965 2031 2062 ultimumque
2057 1966 2142 2037 ad
2172 1966 2301 2036 hoe
2333 1966 2540 2062 hujus
2565 1964 2804 2061 flagitii

709 2080 974 2149 crimen
1008 2081 1171 2168 fuit,
1209 2081 1587 2179 corrupisse
1621 2082 1936 2150 futurum
1969 2083 2231 2154 virum:
2270 2081 2400 2151 hoc
2418 2108 2576 2151 vcro
2608 2080 2805 2181 cujus

710 2196 1078 2267 dementiae
1102 2198 1244 2269 est?
1272 2200 1343 2267 in
1368 2198 1912 2269 concubinatum
1938 2199 2250 2297 juniores
2268 2200 2613 2296 leguntur,
2647 2220 2709 2270 et
2732 2199 2804 2270 in

709 2311 1131 2383 muliebrem
1195 2313 1598 2409 patientiam
1652 2336 1931 2384 vocatur
1974 2316 2255 2386 fortasse
2299 2316 2444 2415 jam
2492 2315 2803 2387 maritus,

709 2427 859 2522 Ego
893 2453 1052 2496 vero
1083 2427 1385 2522 gratulor
1408 2427 1683 2504 militari
1710 2428 2082 2526 disciplinae
2105 2488 2122 2518 ,
2151 2430 2456 2526 gratulor
2492 2429 2804 2527 opinioni

711 2564 1123 2632 castrorum,
1158 2543 1211 2613 si
1255 2542 1464 2642 hujus
1499 2545 1749 2615 mentis
1798 2546 2113 2619 tribunus
2155 2546 2226 2616 in
2263 2545 2451 2616 hunc
2495 2545 2802 2644 primum

711 2656 974 2730 incidit.
2064 2754 2067 2757 ‚

811 2775 965 2844 ΧΠ.
1003 2777 1195 2846 Itane
1226 2777 1507 2848 tandem
1529 2834 1546 2866 ,
1569 2774 1764 2877 juvat
1793 2775 1980 2848 enirn
2024 2777 2211 2849 velut
2235 2777 2585 2876 praesentis
2619 2777 2807 2848 inse-

713 2892 836 2991 qui
878 2894 1219 2982 furorem,
1252 2915 1469 2965 scorta
1503 2915 1620 2964 tua
1666 2893 2094 2992 stipendium
2138 2914 2528 2979 merentur,
2577 2913 2642 2962 et
2675 2893 2805 2962 sub

716 3006 928 3105 signis
958 3008 1292 3080 exoletos3
1321 3007 1567 3079 trahis?
1593 3007 1746 3078 ideo
1777 3008 2165 3079 meretrices
2191 3009 2275 3078 ab
2303 3008 2599 3079 exercitu
2626 3033 2810 3078 sum-

716 3146 1118 3210 moventur;
1165 3122 1414 3194 intrare
1446 3143 1657 3192 castra
1712 3122 2007 3198 feminis,
2035 3149 2176 3192 non
2221 3121 2416 3191 licet?
2456 3124 2553 3191 Ita
2593 3142 2757 3217 puto
2785 3177 2806 3209 ,

715 3264 858 3307 non
890 3264 1063 3335 opus
1095 3259 1229 3309 est:
1277 3237 1567 3308 militem
1592 3293 1610 3323 ‚
1645 3236 1776 3308 hoc
1808 3257 1906 3307 cst
1939 3236 2310 3336 plusquam
2341 3236 2561 3306 virum
2582 3293 2599 3327 ‚
2629 3235 2807 3334 jam-

707 3352 996 3451 jamque
1036 3354 1107 3425 in
1153 3356 1296 3425 acie
1338 3374 1714 3441 staturum,
1746 3354 1855 3425 eui
1904 3381 2029 3452 pro
2062 3353 2236 3424 virili
2286 3353 2598 3451 portione
2636 3352 2811 3423 salu-

715 3468 858 3539 tem
920 3497 1043 3542 sua
1093 3470 1313 3568 patria
1363 3469 1711 3543 commisit
1732 3527 1750 3560 ‚
1807 3469 2153 3568 appellas:
2209 3471 2488 3540 fortasse
2531 3468 2812 3540 classico

791 3718 837 3753 t·
886 3701 1078 3753 Divisit
1125 3701 1208 3754 illi
1254 3702 1415 3754 solum
1461 3704 1716 3774 Appium.
1797 3703 2009 3763 Noster,
2035 3700 2201 3750 Instit.
2228 3696 2318 3748 lib.
2346 3697 2445 3762 x13
2478 3714 2495 3746 ι
2521 3715 2533 3745 :
2559 3693 2809 3766 petulan-

711 3777 1007 3848 Schulting.
1035 3781 1290 3850 explicat:
1319 3780 1517 3831 divellit
1543 3782 1607 3831 ab
1630 3779 1716 3833 illa
1802 3781 1927 3831 tiam
1960 3781 2231 3830 incurrere.

713 3860 976 3930 Appium:
1013 3859 1103 3911 sed
1133 3859 1317 3910 durior
1346 3860 1545 3911 locutio
1573 3859 1719 3910 vide·
1874 3860 1924 3909 3.
1970 3857 2228 3908 Exo'Ietos.
2273 3857 2355 3909 Sic
2396 3869 2595 3907 vocant
2633 3869 2807 3908 scorta

717 3955 819 3992 tur.
842 3939 973 4010 Vide
998 3940 1106 3993 Liv.
1132 3939 1222 3991 lib.
1249 3944 1344 4006 ΙΙΙ,
1369 3960 1487 4013 cap.
1517 3943 1600 4008 48,
1801 3939 2093 3991 masculina
2112 3976 2127 4001 .‚
2162 3940 2425 4008 praecipue
2456 3940 2566 4009 jam
2606 3935 2809 3988 adulta.

789 4036 835 4070 2.
866 4021 1111 4073 Incurrat
1139 4020 1190 4070 r'n
1220 4038 1394 4071 sexum
1422 4038 1592 4071 suum.
1624 4020 1721 4070 Ju-
1802 4022 1968 4071 Cicer.
1996 4038 2097 4089 pro
2123 4018 2309 4071 Milon.
2337 4038 2385 4069 c.
2413 4020 2479 4071 56
2503 4041 2515 4071 x
2552 4039 2575 4064 ι
2596 4017 2687 4069 Ille
2718 4017 2811 4088 qui

713 4100 884 4152 venal.
927 4102 1029 4152 Sat.
1062 4102 1164 4164 Vl,
1191 4120 1242 4152 v.
1278 4102 1409 4152 3312
1455 4123 1476 4146 ι
1499 4103 1550 4155 si
1587 4100 1719 4152 nihil
1808 4123 1830 4146 ιι
1852 4120 2062 4172 semper
2104 4110 2288 4153 'secum
2323 4114 2508 4171 ,scorta
2532 4138 2549 4166 ‚
2599 4116 2809 4169 semper

719 4193 874 4252 aest,
914 4181 1074 4232 servis
1110 4181 1457 4234 incurritur...
1481 4203 1503 4227 n
1546 4179 1627 4234 Ita
1668 4196 1719 4232 et
1809 4207 1828 4230 ι
1853 4183 2105 4249 exoletos,
2120 4182 2495 4256 semperlupas
2511 4179 2807 4234 ducebar„
