3200 5117
780 547 912 623 400
1293 539 1384 606 M.
1434 541 1683 608 FABn
1730 538 2362 624 QUINTILIANI

780 676 968 746 ribus
991 670 1462 742 innocentiam
1481 695 1641 738 voce
1664 667 2154 765 reprehensam
2172 688 2408 740 tuetur
2421 667 2885 740 taciturnitas:

779 791 932 860 vide
964 816 1088 859 cur
1117 813 1406 872 manuS‚
1442 811 1564 854 cur
1595 784 1804 853 verba
1843 808 2121 882 peccare
2155 784 2559 855 videantur:
2592 784 2725 855 illis
2759 784 2887 854 in-

776 908 1163 988 famamus;
1215 901 1322 971 his
1363 921 1803 995 torquemuS,
1841 898 2245 970 occidimus,
2295 900 2419 968 Vis
2453 899 2618 969 scire
2656 926 2886 996 quam

779 1047 923 1092 non
958 1017 1172 1116 possis
1203 1015 1397 1112 queri
1432 1014 1516 1084 de
1548 1012 1829 1083 silentio
1865 1011 2066 1083 meo?
2094 1012 2496 1084 felicissima
2522 1013 2788 1104 fueras,
2819 1014 2887 1084 si

780 1135 964 1206 idern
1004 1132 1402 1203 fecissemus
1433 1155 1701 1199 omnes.
1742 1127 1960 1224 Finge
1998 1153 2113 1197 me
2158 1128 2533 1226 paullisper
2567 1129 2889 1226 sepositis

779 1249 1029 1322 silentii
1057 1248 1276 1319 causis
1304 1246 1435 1316 hoc
1465 1235 1736 1315 tantum
1768 1244 2182 1341 respondere
2200 1274 2218 1333 ;
2257 1271 2396 1315 non
2427 1245 2643 1341 prodo
2669 1272 2887 1318 secre-

779 1386 954 1434 tum.

879 1481 1031 1547 Vll.
1085 1479 1185 1547 Ex
1218 1476 1583 1564 omnibuS,
1610 1474 1923 1575 judiceS,
1964 1475 2221 1571 quibus
2252 1475 2568 1547 humana
2603 1496 2887 1575 pectora

782 1592 972 1664 seriis
1015 1590 1476 1688 gravibusque
1521 1590 2087 1688 complectuntur
2124 1591 2491 1661 affectibus
2518 1606 2565 1679 ¹,
2596 1590 2885 1663 nullam

782 1707 1281 1795 difficiliorem,
1331 1733 1544 1803 quam
1594 1706 1852 1777 silentii
1901 1705 2105 1777 credo
2147 1707 2513 1795 virtutem3
2562 1706 2882 1805 adeoque

781 1821 1296 1922 promptissimo
1323 1847 1644 1892 sermone
1678 1821 1880 1893 facile
1909 1820 2418 1918 delinquimu5‚
2454 1842 2531 1894 ut
2555 1844 2883 1894 constan-

779 1939 950 2010 tiam
982 1938 1256 2009 tacendi
1284 1964 1512 2035 neque
1543 1937 1615 2007 in
1647 1935 1793 2007 aliis
1829 1938 2001 2007 ferre
2026 1937 2394 2034 possimus
2423 1936 2709 2008 Crimen
2741 1937 2880 2010 hoc

779 2056 853 2127 in
889 2082 1001 2124 me
1038 2054 1291 2123 mulier
1323 2073 1556 2143 vocat,
1593 2052 1782 2149 quod
1811 2052 1884 2123 in
1918 2053 2161 2151 priscis
2197 2052 2331 2123 illis
2366 2080 2644 2124 morum
2678 2080 2880 2124 men-

782 2170 1101 2266 tiumque
1144 2168 1519 2240 rectoribus
1567 2170 1704 2238 fuit
1754 2167 1980 2264 prima
2026 2167 2391 2267 sapientia,
2426 2169 2612 2267 quod
2658 2195 2881 2268 quos-

783 2287 943 2358 dam
969 2286 1170 2357 totius
1194 2286 1346 2356 vitae
1375 2284 1733 2383 pertulisse
1761 2285 2165 2382 patientiam
2190 2290 2411 2382 magis
2439 2284 2556 2356 illa
2583 2284 2881 2357 ²misera

785 2402 1076 2470 miratur
1103 2399 1503 2497 antiquitas,
1535 2426 1749 2496 quam
1782 2399 1970 2496 quod
2006 2420 2404 2498 temporum
2431 2398 2642 2489 viceS,
2686 2399 2881 2471 side-

784 2542 940 2585 rum
971 2542 1238 2603 cursus,
1284 2536 1350 2585 et
1390 2514 1741 2613 profunda
1776 2535 2039 2586 naturae
2083 2515 2272 2587 velut
2304 2516 2580 2587 conscia
2611 2516 2881 2587 ratione

781 2651 1170 2701 sanxerunt.
1242 2630 1416 2718 Quae
1468 2656 1589 2727 per
1638 2630 1852 2700 fidem
1898 2630 2308 2730 impotentia
2356 2653 2459 2703 est
2504 2630 2882 2729 effringere

782 2748 1008 2843 rigens
1045 2772 1232 2815 sacra
1267 2745 1816 2817 dissimulatione
1858 2747 2133 2844 pectus?
2170 2747 2475 2819 evolvere
2510 2748 2879 2839 animum,

783 2887 993 2958 quem
1025 2888 1229 2959 super
1259 2889 1380 2932 sua
1412 2885 1671 2932 secreta
1700 2864 2197 2959 compositum,
2237 2890 2381 2935 non
2411 2863 2677 2953 laetitia,
2726 2890 2882 2934 non

782 2975 1013 3064 dolor,
1040 3004 1182 3047 non
1209 2977 1602 3065 necessita8‚
1632 3004 1775 3048 non
1801 2980 2083 3047 fortuna
2108 2978 2514 3051 laxaverint?
2537 2977 2883 3076 Quisquis

783 3093 867 3162 de
898 3112 1162 3163 tacente
1193 3092 1535 3189 queritur,
1572 3092 1793 3163 multo
1824 3093 2059 3163 minus
2090 3095 2265 3164 ferre
2298 3093 2547 3192 poterit
2571 3092 2883 3189 loquen-

785 3228 972 3279 tem:
1020 3236 1147 3280 nec
1181 3209 1352 3280 adeo
1401 3209 1748 3308 conjugali
1801 3209 2121 3281 societate
2175 3231 2420 3282 cuncta
2459 3210 2874 3296 miscentur,

785 3346 862 3394 ut
887 3323 1060 3394 nihil
1089 3324 1216 3395 sibi
1246 3326 1568 3396 adversus
1599 3324 1779 3395 hanc
1805 3326 2247 3396 concordiam
2280 3326 2640 3426 proprium
2669 3325 2880 3398 relin-

784 3461 950 3536 quat
976 3439 1290 3512 animus:
1331 3461 1432 3511 est
1459 3441 1706 3537 aliquis
1741 3441 1949 3511 etiam
1977 3470 2017 3512 a
2050 3441 2390 3540 sanguine
2420 3469 2545 3513 suo
2574 3462 2879 3514 secretus

784 3555 1099 3642 affectuS‚
1127 3581 1485 3651 genusque
1516 3555 1902 3625 reverentiae
1920 3614 1937 3643 ‚
1960 3577 2036 3627 ut
2067 3556 2353 3628 tacenda
2378 3556 2674 3627 minime
2700 3555 2879 3627 velis

784 3665 946 3735 scire
963 3666 1369 3737 carissimos:
1393 3696 1483 3765 qu
1494 3668 1711 3737 aedarn
1732 3695 1871 3739 non
1892 3670 2103 3768 possis
2119 3670 2536 3757 verberibus,
2554 3669 2881 3768 equuleis

861 3816 904 3849 1.
939 3798 1129 3866 Quibus
1153 3797 1383 3849 humana
1409 3810 1615 3869 pectora
1644 3800 1782 3852 seriis
1863 3802 2291 3874 complectuntur
2336 3801 2638 3855 commodes
2658 3840 2675 3867 ‚
2723 3799 2879 3875 quod

779 3879 1118 3951 qratribusque
1162 3878 1580 3951 complectuntur
1621 3881 1788 3951 affec·
1866 3884 1949 3932 vix
1965 3902 2025 3932 ac
2042 3903 2107 3932 ne
2119 3885 2199 3933 vix
2214 3881 2427 3953 quidem
2442 3883 2553 3935 fieri
2564 3894 2757 3953 potest.
2773 3882 2873 3934 Eu·

783 3958 924 4009 tibus.
948 3959 1130 4008 Forte:
1157 3957 1574 4029 conspiciuntur,
1605 3958 1657 4009 id
1682 3973 1788 4025 est,
1942 3981 1987 4014 2.
2008 3964 2324 4014 Patientiam
2348 3963 2514 4035 magis
2540 3961 2636 4015 itta
2665 3963 2873 4016 miserit.

783 4049 1068 4123 conspecta
1107 4036 1267 4103 fiunt,
1295 4035 1567 4088 hominum
1602 4037 1788 4091 oculos
1866 4043 2033 4111 Lege:
2075 4041 2268 4110 “Quod
2309 4041 2567 4112 quosdam
2603 4042 2765 4093 totius
2799 4040 2877 4092 vi-

786 4118 836 4167 in
866 4133 922 4168 se
951 4132 1279 4170 convertunt.
1311 4120 1478 4171 Gnon.
1517 4121 1615 4170 Hic
1641 4120 1786 4171 locus
1875 4143 1897 4167 κ
1917 4134 1980 4171 1ae
2004 4119 2280 4191 pertulisse
2312 4121 2565 4191 patientia
2590 4119 2753 4189 magis
2780 4116 2877 4170 ina

785 4199 942 4248 talem
971 4199 1394 4251 emendationem
1423 4202 1686 4269 requirere
1710 4202 1791 4250 vi-
1876 4225 1897 4247 κ
1916 4221 2095 4254 severa
2112 4203 2327 4253 miratur
2346 4203 2646 4272 antiquitas.
2664 4225 2686 4248 ι
2700 4202 2875 4253 Gnou-

784 4278 966 4346 detur,
1020 4282 1118 4331 nisi
1158 4299 1371 4334 sensum
1413 4283 1679 4352 passivum
1724 4282 1795 4348 orest·
1870 4281 2135 4332 Patientia
2157 4299 2227 4331 m.
2252 4281 2286 4331 i,
2308 4281 2442 4332 mira
2465 4280 2702 4346 mimtur,
2720 4279 2817 4331 W.
