3200 5117
809 580 922 642 162
1314 579 1405 639 M.
1456 576 1702 639 FABII
1749 578 2382 658 QL'IN'I'lLlAM

797 702 1077 773 divitem
1121 701 1336 772 detuli
1375 729 1571 773 reum
1626 728 1894 799 pauper
1929 701 2292 789 inimicus,
2338 702 2537 772 occisi
2570 725 2798 799 pater;
2835 727 2900 777 et

801 817 1070 915 postulo
1088 874 1106 904 ,
1136 838 1211 887 ut
1234 816 1407 886 mihi
1431 816 1780 905 credatur,
1810 817 2292 887 testimonium
2323 816 2395 887 in
2420 845 2576 889 mea
2597 819 2891 892 orbitate

800 932 1095 1006 dicenti:
1136 932 1365 1029 itaque
1411 958 1549 1002 non
1598 932 1962 1029 deprecor,
2004 958 2145 1027 quo
2180 932 2414 1002 minus
2461 933 2636 1003 mihi
2670 934 2894 1005 velitis

800 1048 1033 1137 irasci,
1067 1047 1287 1117 donec
1318 1048 1609 1144 probem
1637 1074 1650 1117 :
1684 1068 1995 1143 torquete
2020 1067 2382 1145 tamquam
2414 1049 2892 1119 mentientem.

896 1167 1014 1235 IV.
1063 1168 1230 1253 Lex,
1273 1164 1537 1260 inquit,
1584 1163 1885 1235 liberum
1930 1163 2294 1234 hominem
2334 1165 2636 1263 torqueri
2672 1186 2889 1237 vetat:

797 1307 919 1378 per
950 1280 1535 1381 fidem,judice8,
1570 1279 1729 1377 quis
1760 1306 1902 1349 non
1940 1279 2071 1349 hoc
2102 1306 2268 1349 eum
2299 1281 2714 1377 respondere
2743 1309 2895 1353 cre-

796 1397 913 1467 dat
936 1454 952 1485 ,
977 1398 1174 1497 cujus
1205 1418 1545 1467 tormenta
1578 1396 1975 1493 poscantur!
2006 1399 2334 1487 Nemini,
2359 1399 2630 1497 judices
2650 1459 2668 1488 ,
2692 1402 2893 1474 credo

799 1510 1099 1582 dubium
1123 1568 1139 1599 ,
1167 1511 1388 1608 legem
1408 1567 1426 1598 ,
1453 1538 1607 1609 quae
1633 1511 1934 1606 torqueri
1963 1511 2263 1582 liberum
2287 1512 2653 1584 hominem
2680 1535 2891 1603 vetat,

796 1628 927 1698 hoc
958 1626 1375 1724 prospexisse
1405 1647 1711 1711 tantum,
1748 1652 1835 1695 ne
1862 1626 2020 1725 quis
2046 1647 2478 1723 torqueretur
2508 1628 2793 1701 invitus:
2828 1650 2896 1700 et

789 1743 987 1843 jura,
1028 1769 1179 1840 quae
1210 1769 1335 1812 nos
1374 1770 1413 1812 a
1440 1741 1795 1813 servilium
1831 1769 2197 1839 corporum
2243 1742 2642 1815 conditione
2680 1772 2895 1817 secer-

797 1880 1018 1948 nunt,
1047 1858 1492 1955 impatientiae
1525 1878 1800 1929 tantum
1835 1858 2246 1929 succurrisse
2277 1859 2694 1931 nolentium.
2729 1863 2895 1931 Om-

796 1973 1001 2044 nium
1036 1974 1537 2044 beneficiorum
1577 1973 1701 2044 ista
1737 1993 1981 2043 natura
2018 1995 2152 2062 est,
2190 1996 2265 2044 ut
2298 2002 2440 2045 non
2476 1976 2561 2046 sit
2591 1977 2892 2047 necessi-

795 2110 929 2176 tas,
958 2089 1073 2157 sed
1106 2110 1432 2186 potestas:
1472 2088 1818 2185 quidquid
1852 2087 1924 2157 in
1956 2089 2295 2159 honorem
2324 2090 2620 2192 alicujus
2653 2091 2894 2163 inven-

795 2225 948 2274 tum
1003 2226 1133 2290 est,
1186 2204 1454 2275 desinet
1509 2204 1949 2301 privilegium
1999 2206 2225 2275 vocari
2280 2233 2509 2303 posse,
2559 2207 2612 2276 si
2669 2234 2886 2306 cogas

797 2322 1065 2392 Cuncta
1092 2380 1108 2408 ,
1143 2321 1194 2389 si
1229 2321 1521 2407 videtur,
1547 2322 1710 2421 jura
1744 2322 2155 2418 percurrite:
2191 2348 2539 2420 nusquam
2574 2323 2746 2395 adeo
2771 2351 2892 2423 pro

794 2434 1000 2504 nobis
1027 2433 1318 2506 sollicita
1346 2435 1450 2505 lex
1481 2457 1610 2523 est,
1646 2458 1723 2506 ut
1747 2437 1933 2534 quod
1967 2458 2268 2534 praestat,
2303 2459 2717 2535 extorqueat.
2750 2441 2892 2511 De-

800 2551 901 2621 dit
932 2577 1105 2619 caeco
1138 2549 1448 2622 talionis¹
1485 2553 1863 2641 actionem,
1903 2581 2045 2625 non
2076 2581 2323 2625 manus
2350 2557 2721 2627 recusantis
2753 2557 2892 2626 im-

798 2666 1027 2764 pellit:
1053 2664 1469 2763 injuriarum
1491 2725 1508 2755 ,
1534 2668 1737 2739 caedis
1763 2695 1964 2765 agere
1991 2670 2345 2765 permisit²
2367 2727 2384 2755 ,
2408 2670 2524 2740 sed
2551 2697 2690 2741 non
2715 2671 2892 2768 cogit

801 2778 1087 2854 invitos:
1128 2783 1298 2853 adeo
1333 2784 1570 2883 paene3
1613 2786 1828 2856 levius
1868 2806 1964 2855 est
1999 2786 2340 2856 ultionem
2383 2787 2641 2884 perire,
2678 2814 2886 2883 quam

799 2919 1202 2996 potestatem
1231 2924 1245 2967 ε
1269 2925 1487 2996 genus
1507 2899 1846 2969 servitutis
1868 2918 1967 2970 est
1988 2922 2218 2970 coacta
2238 2900 2512 2969 libertas
2529 2958 2547 2989 ,
2571 2921 2637 2971 et
2651 2901 2889 2972 eadem

803 3013 1162 3112 iniquitaS,
1207 3013 1553 3112 quidquid
1600 3014 1686 3083 de
1722 3013 1935 3084 invito
1975 3014 2263 3085 homine
2307 3016 2534 3086 facias.
2567 3016 2690 3086 Vis
2723 3016 2889 3089 scire

801 3130 972 3226 quid
992 3129 1094 3199 lex
1116 3128 1236 3199 ista
1255 3127 1672 3226 prospexerit
1692 3157 1707 3216 ;
1729 3155 1869 3199 non
1893 3129 2117 3226 exig0,
2140 3150 2215 3201 ut
2230 3130 2634 3225 torquearis.
2652 3128 2889 3218 Quam

802 3244 1055 3331 multa,
1094 3245 1190 3314 dii
1228 3243 1544 3339 deaeque!
1583 3271 1729 3314 non
1767 3245 2002 3315 minus
2036 3266 2198 3317 sunt
2230 3245 2453 3346 justa,
2490 3273 2708 3345 quam
2742 3244 2883 3316 lex:

878 3515 919 3546 ι.
951 3496 1201 3549 Talionis.
1238 3496 1517 3568 Adscripta
1551 3510 1661 3547 erat
1696 3498 1804 3547 hcec
1892 3500 2020 3548 «cui
2057 3518 2243 3549 manus
2281 3501 2495 3569 przecisa
2533 3511 2643 3562 est,
2679 3498 2892 3566 injuria·

798 3575 1013 3641 Glossa,
1040 3589 1090 3625 et
1115 3577 1239 3645 ipsis
1264 3576 1436 3627 verbis
1464 3580 1692 3628 auctoris
1718 3578 1806 3626 im·
1891 3597 1912 3620 c·
1932 3595 2063 3627 rum.
2089 3601 2110 3622 ι
2142 3580 2199 3627 ln
2231 3577 2310 3629 his
2340 3592 2392 3627 et
2416 3575 2672 3628 similibus
2697 3576 2893 3628 subau-

796 3657 959 3705 mixta
980 3692 996 3719 ,
1028 3672 1133 3704 non
1168 3657 1220 3705 in
1259 3656 1543 3723 marginem
1577 3658 1800 3725 rejecta:
1885 3656 2025 3708 ditur
2053 3659 2309 3709 ablativus
2337 3660 2585 3724 crimine,
2616 3670 2706 3709 aut
2734 3657 2889 3709 actio-

798 3737 955 3788 Talt'o
980 3736 1302 3809 diciturffiqui
1324 3735 1442 3801 tali,
1468 3738 1610 3787 idest
1631 3736 1804 3806 (idem
1887 3755 1967 3785 ne.
1994 3738 2083 3787 En.

796 3818 1001 3886 colu),
1023 3818 1215 3879 simui,-
1245 3830 1299 3869 ut
1324 3819 1409 3869 cui
1433 3818 1612 3869 oculus
1632 3819 1803 3890 aufer·
1954 3815 2003 3865 3.
2048 3815 2192 3867 Adeo
2231 3834 2383 3887 pene.
2430 3815 2622 3867 Melius
2661 3812 2892 3865 cohaere·

796 3913 884 3952 tur
900 3900 1151 3970 (offertur
1166 3901 1341 3972 colb.)
1361 3901 1572 3952 oculum
1593 3902 1804 3971 auferat
1881 3909 2001 3945 rent
2039 3898 2213 3947 omnia
2232 3936 2248 3962 2
2287 3898 2331 3948 Si
2379 3897 2555 3967 legas,
2599 3896 2711 3948 ideo
2753 3896 2893 3968 quod

793 3980 1202 4052 (offeratColb.)
1218 3982 1301 4033 vel
1317 3984 1501 4055 siquid
1514 3983 1639 4044 tale;
1654 3983 1797 4034 Leid.
1876 3995 2057 4048 paene‚·
2085 3978 2164 4029 vel
2196 3979 2323 4030 adeo
2348 3997 2528 4051 poenas
2553 3978 2712 4029 levius
2733 3988 2785 4028 et
2810 3976 2893 4027 ul-

791 4079 877 4131 pr.
906 4079 1009 4110 sec.
1028 4060 1179 4111 Voss.
1208 4081 1284 4131 pr.
1314 4081 1417 4113 sec.
1442 4061 1594 4112 Colb.
1881 4058 2093 4108 tionem.
2116 4058 2308 4109 Sensus
2328 4072 2406 4109 est
2426 4080 2437 4108 :
2459 4059 2692 4128 aequiore
2714 4058 2891 4107 animo

868 4160 915 4194 2.
942 4143 1263 4213 Injuriarum
1288 4161 1439 4215 affere
1462 4143 1710 4213 permisit.
1741 4144 1800 4193 In
1879 4141 2183 4208 patiuntur,
2210 4139 2355 4211 quod
2390 4157 2498 4190 non
2532 4138 2890 4203 ulciscuntur,

793 4242 849 4274 re
867 4223 1065 4273 forensi
1081 4225 1355 4293 proprium
1376 4235 1427 4271 et
1443 4221 1678 4273 solemne
1694 4241 1802 4272 ver·
1881 4238 2043 4290 quam
2087 4220 2232 4292 quod
2273 4220 2459 4273 ulcisci
2505 4240 2613 4273 uon
2648 4231 2890 4292 possunt.

791 4298 939 4352 bum.
957 4302 1125 4355 Cicer.
1148 4300 1213 4352 de
1234 4304 1432 4353 Invent.
1460 4317 1513 4350 2:
1547 4322 1569 4347 u
1588 4302 1710 4371 Agit
1729 4302 1799 4368 is,
1881 4302 2100 4355 Senum.
