3200 5117
831 560 1103 623 DECL.
1151 560 1344 624 xvl.
1393 562 1675 626 Amol
1722 562 2044 628 VADES.
2354 564 2480 656 349

389 681 654 755 caecitas
682 701 816 753 est:
850 681 1030 753 hinc·
1049 680 1225 754 illud
1252 682 1513 774 evenit,
1549 684 1741 780 quod
1766 711 2010 758 sumus
2041 686 2295 787 pariter
2325 688 2481 760 alli-

388 795 566 894 gati:
613 794 709 867 sic
751 796 974 895 magis
1014 797 1335 869 adversus
1374 798 1683 870 solutum
1732 827 1962 873 carcer
1997 801 2318 875 inventus
2356 825 2475 875 est.

386 911 647 1000 Pudet,
667 910 981 1011 judices,
1014 913 1209 985 fateri
1229 943 1248 1002 3
1271 913 1426 1014 jam
1460 913 1535 984 in
1565 913 1697 986 hoc
1723 914 1983 1006 victus,
2006 915 2160 1018 jam
2194 917 2482 991 inferior

385 1026 666 1099 recessi:
695 1052 777 1098 ex
805 1025 1080 1098 duobus
1104 1027 1325 1125 magis
1351 1048 1648 1119 amatur,
1674 1056 1892 1128 quem
1917 1050 2253 1128 tyrannus
2281 1059 2479 1132 para-

386 1164 497 1215 tus
516 1163 616 1214 est
632 1140 937 1241 alligare.
955 1142 1326 1231 Quantum
1347 1143 1473 1215 tibi
1488 1201 1507 1234 ,
1530 1144 1787 1233 amice,
1807 1144 2067 1220 debeo?
2084 1173 2227 1220 non
2249 1148 2480 1249 potuit

381 1283 514 1332 nos
539 1254 881 1346 dividere,
912 1255 1043 1326 nisi
1066 1277 1322 1327 mater:
1362 1256 1487 1329 tibi
1519 1257 1834 1356 primum
1870 1260 2130 1332 caecitas
2160 1262 2478 1334 nuntiata

386 1392 522 1460 est;
562 1391 722 1442 tuus
749 1369 862 1441 hic
896 1370 1185 1441 affectus
1217 1369 1385 1461 fuit,
1420 1371 1612 1469 quod
1634 1372 1765 1443 hoc
1791 1371 2085 1446 credidit
2115 1394 2472 1473 tyrannus.

384 1485 581 1576 Quid
606 1484 726 1557 ille
754 1511 898 1558 non
923 1484 1126 1556 fecit?
1156 1504 1232 1556 ut
1259 1512 1375 1558 rex
1404 1484 1810 1559 desideravit
1830 1488 2162 1562 vicarium
2194 1518 2471 1591 corpus,

384 1601 741 1700 amplexus
785 1623 890 1674 est
936 1620 1242 1673 catenas:
1297 1601 1626 1700 sponderi
1670 1602 1801 1675 sibi
1843 1603 2061 1676 voluit
2107 1606 2472 1680 hominem

386 1714 804 1792 rediturum:
834 1742 956 1815 per
978 1715 1198 1788 maria
1214 1771 1233 1804 ‚
1259 1742 1382 1815 per
1405 1738 1698 1789 matrem
1722 1720 2113 1817 repromisit
2134 1719 2219 1792 de
2245 1721 2475 1795 incer-

383 1831 508 1920 tis,
563 1851 925 1931 tamquam
968 1831 1053 1903 de
1098 1831 1341 1904 animo
1384 1858 1534 1904 suo.
1588 1832 1768 1922 Quis
1812 1833 2188 1906 hominum
2231 1862 2357 1935 pro
2401 1865 2472 1910 se

380 1967 529 2018 tam
563 1945 786 2018 multa
821 1946 1138 2019 fecisset?
1182 1946 1533 2046 praestitit,
1574 1947 1909 2047 inquam,
1952 1949 2252 2041 amicus,
2292 1976 2458 2049 prae-

382 2062 551 2136 stitit
589 2089 775 2152 rem,
822 2091 1037 2162 quam
1082 2062 1447 2136 videbatur
1489 2063 1647 2137 ideo
1689 2085 2026 2163 tyrannus
2066 2066 2470 2160 indulsisse,

380 2205 471 2251 ne
498 2179 689 2251 fieret
712 2206 725 2250 :
752 2198 820 2250 et
839 2179 1205 2251 hominem
1226 2236 1246 2271 ‚
1267 2179 1391 2278 qui
1418 2178 1492 2250 in
1520 2178 1728 2250 rebus
1751 2180 2085 2252 humanis
2111 2180 2303 2253 hunc
2327 2208 2472 2254 esse

379 2292 666 2366 nolebat
691 2294 1022 2367 affectum
1045 2351 1063 2385 ,
1102 2292 1525 2392 decipimus,
1557 2292 1729 2365 dum
1766 2314 2142 2367 tentamur.

476 2411 597 2479 IV.
634 2412 782 2509 Ego
822 2436 966 2481 non
1000 2407 1320 2497 invenio,
1362 2434 1487 2478 cur
1518 2407 1793 2480 horreat
1828 2429 2048 2481 mater
2085 2435 2469 2500 carcerem;

381 2524 552 2621 quid
580 2524 709 2596 sibi
740 2524 902 2597 velit
935 2523 1130 2623 quasi
1168 2522 1536 2596 destinatas
1565 2536 1582 2567 ¹
1633 2522 1899 2622 operire
1942 2524 2275 2597 cervices:
2322 2551 2470 2597 non

379 2638 526 2711 odit
547 2666 657 2710 me
681 2660 1016 2737 tyrannus
1033 2695 1052 2728 ‚
1079 2638 1187 2739 cuj
1198 2664 1276 2710 us
1303 2665 1445 2709 non
1473 2632 1785 2728 interest,
1811 2664 1898 2712 an
1921 2638 2138 2711 alium
2165 2638 2467 2714 occidat:

380 2754 700 2827 miserere
734 2776 976 2844 mater,
1007 2754 1064 2826 si
1098 2753 1254 2854 quis
1294 2775 1393 2825 est
1429 2778 1847 2851 magnorum
1882 2753 2291 2826 meritorum
2331 2779 2471 2852 pu-

381 2867 540 2958 dor;
583 2894 870 2968 querere
917 2868 1106 2968 quod
1146 2893 1372 2938 unum
1417 2865 1501 2937 de
1535 2865 1836 2937 caecitate
1872 2865 2353 2966 impatientius
2391 2894 2471 2942 ex

375 2984 576 3057 nobis
599 2983 850 3057 amaris
874 3011 1150 3084 semper
1172 2983 1552 3055 absentem.
1585 2981 1722 3052 Cui
1755 3001 1832 3053 tu
1856 2982 2148 3053 fortunae
2166 3038 2186 3073 ‚
2212 2983 2470 3082 quibus

376 3099 892 3174 necessitatibus
930 3099 1158 3200 injicis
1191 3095 1532 3170 manum?
1576 3122 1693 3168 me
1742 3096 1829 3167 ad
1872 3095 2183 3167 amicum
2222 3123 2468 3170 meum

376 3214 766 3288 admitteret
784 3213 1064 3288 alterius
1080 3235 1354 3303 catena3
1387 3231 1455 3284 et
1473 3232 1810 3311 tyrannus
1830 3236 2021 3281 nunc
2043 3209 2219 3281 mihi
2243 3231 2468 3310 portas

454 3401 897 3454 1.Dest1·natas.lta
912 3401 1375 3469 decl.1V‚4:«Hoc
1458 3411 1580 3470 epte
1607 3397 1797 3449 Badius
1826 3415 1924 3467 per
1948 3408 2152 3467 tegere,
2183 3394 2468 3450 defendere

384 3501 406 3526 ι
426 3478 745 3533 destinatum
791 3478 1204 3551 damnatumque
1254 3498 1374 3532 cor·
1459 3479 1708 3551 explicat)
1718 3491 2024 3548 corruptum
2041 3491 2174 3549 puto
2189 3478 2467 3532 :Francius

382 3579 405 3608 ο
424 3580 542 3633 pus.
561 3586 583 3610 a
605 3563 804 3626 Liv.11‚
820 3562 913 3629 54:
938 3584 959 3608 α
976 3559 1140 3615 Claris
1161 3563 1377 3631 insigni·
1444 3564 1614 3636 ferire
1631 3563 1946 3630 conjecerat.
1970 3559 2071 3612 Sed
2091 3562 2135 3612 si
2154 3560 2335 3612 liceret
2346 3558 2468 3633 fin-

381 3659 404 3688 e
424 3640 545 3708 bus,
559 3641 700 3694 velut
719 3639 917 3705 infulis,
935 3639 1135 3692 velatos
1155 3639 1222 3692 ad
1240 3659 1379 3691 mor·
1455 3659 1577 3716 gere
1595 3658 1852 3711 reponere
1865 3676 1881 3704 ‚
1897 3656 1982 3690 res
1997 3652 2135 3691 esset
2151 3637 2310 3709 plana
2325 3678 2343 3706 ‚
2359 3658 2466 3692 non

381 3740 406 3768 ο
424 3736 532 3775 tem
555 3723 818 3775 destinari.
838 3747 860 3769 n
890 3722 1038 3775 Decl.
1054 3724 1169 3773 vm
1187 3742 1199 3773 ι
1233 3743 1256 3767 ιι
1274 3723 1379 3773 Tot
1458 3722 1669 3773 invenio
1694 3740 1790 3772 cur
1811 3719 2027 3772 horreat
2049 3738 2314 3772 carcerem
2330 3759 2348 3787 ‚
2373 3740 2470 3774 cur

381 3822 404 3847 ι
420 3802 710 3856 destinatos
725 3814 910 3873 totque
923 3803 1234 3873 perituros.»
1254 3802 1380 3853 Rec-
1461 3799 1560 3852 sibi
1602 3813 1771 3851 mater
1811 3799 1975 3870 fingat
2016 3801 2243 3851 cervices
2285 3817 2428 3852 meas
2448 3838 2466 3868 ,

376 3897 427 3937 te
443 3884 656 3955 quidem
665 3883 1208 3937 vocab.destt'natosita
1219 3881 1379 3953 expli·
1459 3884 1610 3953 quasi
1628 3879 1911 3932 destinatas
1932 3880 2099 3931 securi
2115 3900 2130 3941 ;
2150 3896 2271 3929 narn
2293 3892 2466 3951 tyran-

373 3977 552 4027 catur3
572 3963 665 4016 sed
681 3961 806 4036 quid
823 3976 921 4028 est,
933 3979 1130 4033 quaeso,
1143 3962 1236 4014 sibi
1254 3980 1377 4034 ope·
1456 3978 1557 4011 nus
1578 3978 1661 4010 me
1681 3978 1790 4010 non
1811 3957 1949 4024 odit,
1973 3971 2025 4009 et
2048 3955 2168 4008 ideo
2194 3976 2304 4008 non
2326 3959 2464 4009 occi-

372 4045 472 4096 rt're
484 4044 717 4110 cervices,
730 4039 1378 4094 autsibt'destinatastox
1459 4037 1581 4090 det:
1612 4050 1794 4110 posset
1828 4037 1982 4087 etiam
2016 4035 2147 4104 legi,
2177 4053 2462 4101 carcerem,

374 4124 588 4197 quidem
604 4127 860 4190 occurrit,
875 4124 1099 4195 perituri
1099 4119 1214 4194 filii
1212 4124 1378 4195 juqu·
1458 4118 1549 4188 qui
1573 4115 1672 4167 sibi
1696 4113 1821 4165 velit
1841 4113 1985 4185 quasi
2007 4112 2281 4164 destinatas
2303 4113 2464 4163 redire

372 4203 487 4255 lum
516 4204 822 4257 auctoritate
834 4202 973 4275 juris
999 4200 1246 4272 operires,-
1284 4199 1375 4251 sed
1457 4200 1672 4250 cervices
1685 4219 1704 4258 ,-
1729 4193 1823 4247 sed
1847 4194 1995 4246 locus
2017 4191 2105 4245 hic
2129 4191 2242 4245 aliis
2267 4209 2462 4245 sanan·-

373 4280 462 4335 hio
485 4280 618 4335 illud
633 4282 850 4335 verbum
874 4281 1071 4351 operire
1096 4277 1276 4351 (quod
1299 4280 1377 4331 in·
1456 4279 1555 4334 dus
1580 4291 1660 4332 est
1683 4273 2077 4347 relinquendus.
2100 4276 2266 4332 Bumr.
