3200 5117
787 552 913 619 290
1291 530 1383 594 M.
1434 529 1683 594 FABu
1728 528 2357 613 Qum‘mtum

785 674 958 725 esset
995 651 1227 724 officio
1263 670 1384 722 tuo
1418 652 1759 724 maturius
1793 653 2082 743 redisse,
2118 679 2196 725 ex
2230 651 2565 726 industria
2595 675 2880 757 tempus

780 769 1021 842 trivisti
1046 797 1059 840 :
1090 796 1234 841 non
1263 788 1629 868 tempestas
1657 769 1727 841 in
1750 795 1956 841 causa
1978 768 2147 858 fuit,
2174 797 2317 843 non
2333 769 2434 841 vis
2459 768 2602 842 ulla
2626 772 2869 844 vicinae

782 886 1101 959 civitatis:
1137 911 1276 956 una
1298 884 1559 957 ratione
1585 906 1896 957 moratus
1920 913 1991 959 es
2007 943 2026 976 ,
2054 885 2379 958 nondum
2402 908 2545 958 erat
2567 907 2864 987 tempus.

778 1002 1064 1075 Adeone
1089 1001 1289 1072 nobis
1325 1000 1615 1072 miseriae
1648 1000 1945 1100 publicat·
1979 1000 2608 1074 excideruntI'adeo
2638 1002 2869 1102 inspe-

780 1138 923 1190 rato
943 1120 1293 1188 frumento
1316 1117 1804 1215 obstupuimus
1823 1175 1842 1206 ,
1871 1139 1949 1189 ut
1967 1115 2109 1188 baec
2128 1116 2477 1189 audienda
2495 1116 2678 1188 sint?
2696 1116 2868 1189 nlti-

779 1259 980 1304 mum
1000 1232 1231 1303 omnis
1247 1232 1598 1304 memoria:
1620 1247 1635 1276 ¹
1668 1258 1863 1303 reum
1886 1259 2029 1303 una
2048 1258 2175 1305 vox
2197 1231 2642 1304 innocentem
2662 1232 2865 1305 facit?

773 1346 1250 1446 populatorem
1273 1374 1796 1443 eversoremque
1823 1347 2106 1419 civitatis
2131 1346 2262 1418 nisi
2291 1346 2379 1418 ad
2406 1360 2434 1392 ²
2451 1373 2860 1447 supremum

774 1460 1122 1533 damnabo
1145 1520 1163 1548 ,
1195 1462 1624 1534 absolvatur:
1663 1462 1985 1558 publicus
2019 1458 2220 1535 reus³
2254 1461 2472 1533 rediit.

870 1578 1088 1646 XXV.
1120 1575 1330 1646 Illum
1352 1634 1370 1664 ,
1406 1575 1779 1672 respondet
1798 1633 1816 1664 ,
1848 1574 2039 1645 diem
2068 1574 2413 1646 dedimus.
2442 1578 2557 1646 Tu
2584 1598 2818 1649 tamen
2838 1634 2858 1665 ,

771 1691 827 1761 si
865 1688 1344 1788 interpellatus
1386 1687 1910 1787 tempestatibus
1952 1688 2165 1758 serius
2205 1688 2536 1777 venisses,
2582 1688 2860 1780 limam,

773 1827 837 1877 et
864 1804 1230 1902 ambiguos
1261 1802 1464 1874 flatus
1484 1858 1503 1891 ,
1539 1823 1610 1873 et
1642 1800 1767 1873 tibi
1803 1801 2062 1873 bonam
2093 1827 2371 1873 causam
2400 1803 2649 1876 habere
2677 1804 2865 1878 vide-

773 1921 975 2011 reriS,
1011 1947 1234 2017 quum
1270 1919 1568 2007 diceres,
1606 1938 1764 1989 ante
1800 1943 1946 1988 non
1980 1918 2208 2016 potui:
2247 1939 2314 1989 et
2345 1945 2469 1991 nos
2501 1919 2642 1992 baec
2678 1922 2861 2020 cogi-

769 2037 1102 2125 tavimus,
1137 2035 1248 2106 his
1286 2033 1562 2105 casibus
1605 2031 2097 2129 ampliavimus
2134 2053 2441 2131 tempus:
2486 2058 2612 2105 nos
2650 2034 2855 2105 illum

769 2152 894 2223 tibi
932 2152 1121 2223 diem
1157 2150 1516 2221 dedimus:
1554 2148 1674 2219 sed
1702 2148 1870 2246 quia
1903 2147 2076 2219 illud
2111 2147 2303 2220 citius
2338 2147 2600 2240 emisti,
2638 2176 2855 2246 quam

772 2267 1198 2363 speravimus
1216 2323 1234 2354 ,
1270 2291 1479 2366 supra
1502 2284 1741 2335 votum
1771 2283 2087 2335 nostrum
2117 2264 2493 2362 navigasti,
2525 2264 2614 2336 ad
2645 2266 2859 2364 proxi-

764 2410 968 2456 mum
992 2382 1154 2452 litus
1184 2403 1454 2453 mature
1485 2380 1716 2453 classis
1741 2381 2082 2479 applicata
2102 2402 2217 2453 est.
2247 2383 2395 2480 Ego
2418 2382 2543 2454 tibi
2568 2409 2849 2482 possum

767 2498 925 2571 satis
955 2496 1194 2569 irasci?
1221 2496 1614 2569 felicitatem
1646 2517 1951 2568 nostram
1981 2497 2375 2595 perdidisti:
2413 2524 2613 2596 ergo,
2644 2524 2856 2596 quan-

765 2635 917 2688 tum
944 2615 1019 2684 in
1044 2634 1108 2685 te
1127 2672 1146 2704 ,
1174 2634 1449 2711 tempus
1471 2633 1966 2712 consumptum
1992 2633 2122 2702 est,
2151 2611 2296 2683 dies
2316 2614 2633 2703 excessit,
2658 2614 2851 2715 pejus

765 2729 907 2829 pati
941 2728 1114 2801 nibil
1143 2755 1547 2828 possumus,
1580 2729 1699 2800 sed
1731 2726 2031 2827 pessima
2061 2725 2181 2798 diu
2216 2727 2547 2827 patimur.
2577 2730 2851 2827 Imputa

765 2989 832 3022 ne
869 2971 986 3041 quis
1025 2969 1133 3021 hoc
1170 2979 1423 3040 proetextu
1463 2980 1771 3030 accusaret,

763 3049 912 3120 quod
944 3051 1198 3102 maturius
1234 3067 1388 3119 quarn
1422 3045 1651 3098 debebat
1682 3063 1766 3095 re-

764 3133 973 3197 diisset,
1005 3132 1154 3203 quasi
1185 3129 1286 3181 hac
1315 3129 1677 3190 festinatione,
1708 3140 1765 3176 ut

763 3225 901 3264 recte
925 3210 1053 3262 dixit
1076 3208 1269 3261 Badius
1285 3248 1302 3276 ,
1331 3226 1510 3258 auram
1538 3203 1767 3276 popula-

761 3309 872 3343 rem
904 3302 1196 3361 captasset,
1226 3300 1278 3339 et
1314 3286 1387 3338 ita
1421 3288 1556 3336 viam
1583 3283 1652 3335 ad
1690 3296 1765 3355 ty-

761 3368 1036 3420 rannidem
1059 3367 1157 3420 sibi
1182 3367 1423 3417 muniret.
1452 3367 1617 3414 Burin.

839 3467 856 3500 1
870 3489 881 3500 .
902 3448 1158 3499 Ultimum
1173 3446 1340 3496 omnis
1354 3445 1631 3494 memorioe.
1649 3442 1761 3494 Nee

758 3528 862 3581 hoc
888 3529 1103 3579 obvium
1125 3523 1381 3596 loquendi
1408 3543 1591 3593 genus.
1627 3523 1759 3574 Ulti-

757 3624 869 3660 mos
901 3606 1113 3678 quidem
1147 3623 1282 3674 saepe
1305 3603 1561 3674 pessimos
1589 3615 1644 3653 et
1667 3599 1760 3651 de-

757 3688 998 3740 terrimos
1039 3685 1144 3737 dici
1181 3685 1490 3735 invenimus.
1531 3685 1610 3733 Ita
1645 3683 1754 3734 Liv.

755 3769 953 3832 xxv1,
963 3766 1022 3818 6:
1042 3764 1299 3817 «Ultimus
1309 3764 1717 3834 Campanorum.
1728 3788 1750 3812 u

756 3853 836 3903 Ita
867 3849 984 3901 alii:
1014 3847 1132 3900 vide
1163 3847 1367 3897 Fer-rar.
1397 3843 1559 3895 Elect.
1586 3847 1635 3910 1,
1676 3862 1753 3913 ¹9·

752 3928 856 3983 Sed
873 3927 1118 3980 ultimum
1143 3924 1314 3977 omnis
1331 3924 1612 3989 memorioe,
1638 3923 1755 3993 quis

753 4005 965 4072 dixerit,
992 4018 1181 4082 prpter
1199 4003 1362 4073 hujus
1384 3999 1757 4054 declamatoris

753 4101 1050 4153 auctorem,
1080 4105 1187 4137 non
1217 4084 1446 4136 invenio.
1472 4082 1551 4134 Cl.
1577 4082 1758 4134 Schul-

749 4170 879 4240 ting.
899 4164 1193 4238 explicabat
1211 4184 1308 4236 pro
1325 4180 1530 4215 summo
1543 4200 1559 4228 ,
1579 4175 1640 4213 ut
1656 4163 1727 4213 ita
1739 4199 1756 4226 ,

753 4253 954 4299 summa
977 4244 1087 4297 dies
1106 4256 1320 4307 contra,
1340 4259 1440 4313 pro
1459 4239 1644 4293 ultima
1657 4259 1755 4312 po-

1847 2967 2023 3018 nitur:
2063 2964 2154 3017 sed
2192 2983 2295 3017 nec
2327 2963 2433 3017 hoc
2464 2963 2617 3017 vaide
2646 2962 2845 3034 placet.

1848 3044 1919 3096 Sit
1959 3062 2085 3115 ergo
2111 3046 2250 3096 inter
2274 3043 2556 3114 singularia
2576 3039 2845 3092 declama-

1846 3124 2004 3187 toris,
2052 3136 2109 3173 ut
2152 3121 2254 3175 alia
2296 3120 2483 3188 multa,
2519 3123 2676 3172 etiam
2717 3118 2843 3172 hoc.

1851 3205 2122 3255 But-ins.

1920 3300 1967 3334 2.
1992 3282 2079 3335 Ad
2109 3300 2423 3353 supremum.
2454 3282 2641 3345 Forte,
2668 3278 2739 3331 ad
2762 3297 2845 3330 su-
2922 3340 2929 3344 ,

1843 3378 2099 3430 premam,
2114 3360 2167 3411 id
2184 3374 2280 3424 est,
2301 3359 2439 3412 diem
2460 3359 2665 3423 mortis,
2680 3369 2731 3409 et
2748 3373 2843 3430 pro

1845 3439 2129 3494 sceleribus
2163 3440 2391 3493 letalem.
2422 3442 2507 3491 An
2534 3456 2660 3492 vero
2683 3439 2845 3508 παρ’·

1839 3521 1909 3572 cit
1957 3519 2023 3571 ad
2059 3519 2244 3571 horam
2277 3518 2502 3591 judicii?
2530 3518 2651 3570 vide
2681 3518 2841 3569 Gron.

1839 3595 1905 3648 ad
1925 3596 2090 3649 Plaut.
2105 3599 2309 3649 Asinar.
2323 3598 2411 3662 111,
2431 3614 2448 3647 ι
2466 3613 2485 3648 ι
2501 3596 2611 3662 μή.
2628 3596 2839 3647 Senum.

1909 3677 1959 3728 3.
1987 3675 2234 3728 Pth’cus
2256 3693 2384 3728 reus.
2413 3673 2665 3740 ovidius,
2690 3674 2840 3725 Trist.

1837 3760 1886 3824 1,
1919 3777 1936 3809 1
1958 3780 1968 3808 :
2009 3780 2031 3802 ιι
2049 3760 2114 3809 Et
2142 3775 2367 3829 peragar
2390 3755 2578 3829 populi
2599 3754 2840 3828 publicus

1844 3859 1865 3884 ι
1887 3857 1979 3890 ore
1998 3858 2138 3892 reus.
2159 3862 2184 3886 ι·

1908 3921 1957 3987 4.
1992 3922 2277 3973 Excusant
2308 3936 2469 3971 mm·
2504 3918 2749 3983 Distu,
2783 3927 2844 3968 nt

1836 4016 2079 4051 excusare
2110 3997 2497 4064 valetudinem,
2533 4007 2587 4048 et
2621 3994 2841 4060 nmilia,

1837 4077 1904 4129 tle
1941 4078 2134 4149 quibus
2159 4076 2275 4130 vid.
2298 4075 2457 4128 leae
2479 4073 2624 4145 mag,
2662 4073 2753 4126 tib.
2773 4068 2842 4138 V,

1838 4177 1884 4210 c.
1908 4159 2005 4229 67,
2029 4159 2271 4211 etVorst.
2293 4156 2571 4210 ndsunin.
2591 4154 2842 4224 lima,

1838 4254 1890 4293 st
1910 4240 2082 4293 Valer.
2110 4240 2250 4292 Man.
2274 4240 2372 4308 Vl,
2395 4239 2467 4306 4,
2496 4254 2541 4292 ι.
2562 4239 2730 4291 Ba·-
