3200 5117
1234 528 1322 590 M.
1372 526 1622 589 FAssn
1667 479 2306 608 QL‘1NT11J1AN1

729 672 926 750 putas
953 650 1169 722 amari
1205 652 1421 747 magis
1439 708 1457 739 ,
1490 676 1700 746 quem
1728 676 1868 720 non
1896 651 2125 722 ames?
2153 649 2437 721 Falleris
2456 709 2475 742 ,
2492 650 2769 752 juvenis
2796 682 2807 724 ;

726 764 1071 863 longeque
1105 784 1169 836 te
1204 765 1292 835 ab
1337 763 1682 834 intellectu
1719 791 1950 835 rerum
1987 785 2245 836 naturae
2281 768 2586 865 seposuit
2608 796 2814 866 parva

727 881 1112 978 persuasio,
1145 880 1265 976 qui
1303 899 1499 978 putas
1548 905 1628 949 ex
1667 879 1970 977 paternis
2004 880 2367 952 affectibus
2403 882 2548 953 filio
2591 884 2813 982 perire

728 996 1073 1092 quidquid
1099 995 1171 1065 in
1204 995 1413 1066 altero
1448 997 1531 1065 de
1557 996 1955 1066 necessitate
1979 1011 1995 1040 ¹
2030 999 2524 1095 praeponderat.

824 1114 974 1185 ΧΠ.
1008 1116 1140 1183 Par
1170 1133 1269 1183 est
1300 1112 1374 1182 in
1406 1139 1648 1183 omnes
1678 1111 1963 1203 liberos,
1996 1115 2376 1211 eademque
2406 1117 2658 1214 pietaS,
2694 1117 2812 1188 sed

731 1227 935 1300 habet
958 1228 1031 1300 in
1054 1229 1290 1325 aliquo
1312 1229 1722 1327 plerumque
1743 1229 2052 1327 proprias
2074 1230 2521 1328 indulgentiae
2547 1258 2810 1322 causas,

728 1364 794 1414 et
819 1344 1002 1414 salva
1033 1343 1328 1414 caritatis
1357 1341 1743 1448 aequalitate
1765 1401 1782 1430 ,
1815 1363 1913 1413 est
1942 1342 2276 1439 quiddam
2299 1400 2317 1432 ,
2348 1371 2471 1443 per
2500 1344 2688 1440 quod
2715 1366 2815 1415 ta-

727 1459 858 1529 cito
887 1460 1138 1530 mentis
1174 1459 1498 1529 instinctu
1531 1457 1835 1555 singulos
1868 1485 2135 1549 rursus,
2169 1480 2500 1556 tanquam
2533 1460 2812 1550 unicos,

725 1600 1061 1646 amemus.
1085 1576 1295 1645 Hunc
1315 1574 1581 1673 primus
1605 1574 1930 1644 nascendi
1960 1574 2152 1646 locus
2171 1631 2189 1664 ,
2218 1573 2418 1645 illum
2445 1576 2809 1672 gratiorem

726 1692 1068 1790 praefecit²
1105 1693 1432 1779 infantia;
1474 1692 1693 1761 alium
1730 1692 1942 1763 laetior
1967 1692 2232 1783 vultus,
2268 1714 2332 1764 et
2369 1692 2692 1764 blandior
2718 1720 2816 1763 os-

726 1809 897 1880 culis
942 1810 1512 1908 amplexibusque
1554 1809 1808 1896 facies;
1856 1809 2193 1905 quosdam
2237 1808 2456 1906 magis
2498 1808 2812 1879 severitas

724 1925 1165 2024 probitasque
1195 1924 1673 2011 commendat;
1709 1925 1781 1994 in
1817 1923 2238 2020 quibusdam
2270 1923 2659 2021 diliguntur
2688 1923 2813 1993 im-

723 2042 1093 2139 patientius
1119 2041 1533 2113 calamitates
1555 2038 1614 2108 ³:
1645 2060 1711 2110 et
1740 2041 2000 2111 damna
2032 2066 2399 2138 corporum
2422 2038 2475 2126 4‘,
2503 2037 2813 2109 debilita-

722 2176 956 2252 tesque
1000 2157 1474 2228 membrorum
1516 2155 1891 2227 notabilius
1940 2156 2375 2228 miseratione
2410 2154 2812 2254 complecti-

724 2297 904 2341 mur.
926 2273 1121 2342 Salva
1136 2294 1476 2344 esttamen
1496 2271 1961 2360 universitas5,
1982 2299 2200 2368 quum
2221 2270 2568 2368 quidquid
2585 2270 2658 2341 in
2674 2268 2809 2341 alio

725 2411 983 2459 cessare
1004 2388 1262 2460 creditu
1273 2417 1322 2476 r,
1347 2389 1419 2459 in
1438 2389 1649 2460 altero
1667 2389 1956 2460 restituit
1972 2388 2138 2459 alter
2153 2389 2435 2458 affectus
2449 2385 2512 2456 6:
2532 2412 2807 2457 securus

722 2501 811 2572 sis
830 2559 849 2591 ,
875 2530 1018 2574 non
1050 2503 1473 2575 intercidunt
1493 2505 1617 2574 ista
1634 2563 1652 2594 ,
1673 2531 1814 2576 non
1837 2525 2168 2602 pereunt;
2195 2504 2311 2575 sed
2337 2502 2635 2574 invicem
2657 2502 2809 2572 vin-

722 2636 919 2705 cunt,
957 2617 1352 2715 praevalent,
1383 2618 1665 2689 cedunt:
1704 2619 1849 2689 filio
1884 2645 2025 2690 non
2057 2639 2275 2717 potest
2309 2616 2640 2716 praeferri,
2672 2615 2805 2684 nisi

722 2732 931 2803 filius.
956 2733 1314 2823 Blandiar,
1343 2733 1646 2835 judiceS,
1678 2735 2029 2835 paulisper
2052 2733 2555 2808 calamitatibus
2593 2730 2804 2819 meis;

722 2867 786 2917 et
805 2848 900 2918 sic
914 2875 1112 2947 agam
1132 2906 1150 2937 ,
1168 2870 1524 2946 tamquam
1549 2851 1735 2950 apud
1754 2852 2004 2949 piratas
2028 2850 2412 2922 invenerim
2431 2870 2806 2945 utrumque

721 2989 992 3035 sanum.
1013 2964 1230 3036 Attuli
1262 2966 1409 3036 sine
1444 2965 1662 3036 dubio
1689 2967 1988 3063 pretium
2019 2966 2319 3035 duorum
2344 3022 2361 3053 ,
2398 2963 2517 3034 sed
2553 2985 2808 3034 utrum-

742 547 856 590 112

1801 3162 2042 3214 quosque
2066 3162 2217 3194 suam
2241 3162 2348 3194 non
2373 3143 2565 3195 mereri
2586 3141 2801 3194 calami-

1800 3235 1960 3274 tatem
1987 3224 2355 3275 existimamus.
2383 3225 2475 3274 Eo.

1869 3293 1920 3359 4.
1943 3293 2150 3344 Damna
2175 3311 2445 3362 corporum
2468 3313 2483 3341 .·
2508 3291 2704 3344 scilicet
2727 3292 2801 3342 in-

1800 3371 2084 3423 firmitates.
2109 3374 2182 3420 Ita
2209 3370 2377 3421 l’haed.
2401 3373 2492 3435 111,
2519 3389 2577 3422 a:
2611 3394 2633 3415 a
2653 3371 2803 3421 Dam-

1805 3472 1827 3494 ι
1847 3469 1975 3501 num
2017 3452 2305 3500 insectatus
2349 3462 2425 3500 est
2464 3449 2639 3500 amissi
2680 3468 2801 3499 cor-

1803 3553 1825 3574 «
1847 3532 2011 3599 poris.
2035 3552 2056 3575 n

795 3160 812 3193 ι
824 3181 837 3193 .
852 3144 929 3193 De
943 3143 1248 3195 necessitate.
1260 3142 1420 3210 Quod
1438 3140 1568 3193 alter
1583 3141 1720 3195 filius

717 3237 854 3275 esset
890 3225 1115 3275 faciliori
1154 3223 1365 3286 indole,
1404 3238 1454 3275 et
1493 3242 1721 3294 corpore

717 3301 909 3367 debili,
940 3302 1167 3373 ideoque
1195 3303 1397 3371 injuriae
1428 3303 1590 3371 magis
1620 3300 1734 3352 ob-'

716 3384 939 3448 noxius,
963 3403 1176 3434 necesse
1206 3396 1318 3434 erat
1352 3396 1409 3434 ut
1444 3383 1496 3432 in
1531 3385 1718 3452 majori

716 3466 948 3532 parentia
964 3483 1141 3516 amore
1158 3477 1389 3514 tutamen
1411 3463 1485 3514 illi
1506 3483 1720 3517 succur-

716 3553 867 3594 reret.
896 3544 987 3594 En.

789 3638 835 3671 2.
853 3621 1112 3691 Praefect't.
1134 3623 1440 3692 Priusfect't.
1458 3623 1548 3674 W.
1568 3623 1721 3675 Prior

702 3701 856 3770 fecit.
887 3702 1030 3754 Leid.
1060 3706 1304 3773 pr.Voss.
1335 3724 1414 3774 pr.
1449 3723 1550 3756 sec.
1578 3705 1713 3756 Pith.

713 3778 884 3831 Colin.
899 3783 1089 3833 Pareus
1105 3800 1116 3827 :
1134 3780 1287 3832 illum
1299 3782 1577 3854 qratiorem
1589 3801 1719 3855 proe-

701 3861 839 3930 fecit
852 3851 1100 3931 infant-ia,
1116 3860 1304 3914 Colon.
1322 3863 1520 3935 Gryph.
1534 3863 1716 3916 Mallet

716 3940 994 3991 Burmann.
1016 3938 1167 3991 illum
1185 3941 1461 4014 qratiorem
1474 3943 1609 4013 fecit
1623 3963 1719 4015 pa-

714 4017 782 4066 tri
798 4036 897 4088 pro
918 4019 1104 4089 priore.

784 4100 834 4151 3.
862 4099 1172 4175 Diliyuntur
1197 4102 1544 4173 impatientius
1570 4100 1714 4152 cala-

712 4178 930 4231 mitates.
955 4179 1032 4230 Eo
1058 4179 1203 4251 quod
1231 4181 1563 4251 impatienter
1590 4181 1714 4232 feri-

712 4273 829 4310 mus
854 4260 1071 4310 miseros
1096 4259 1234 4323 fieri,
1256 4277 1390 4329 quos
1418 4256 1711 4329 diligimus,

1870 3608 1918 3660 5.
1944 3608 2284 3670 Πηὶυενςίταε,
2301 3625 2478 3677 quum.
2498 3605 2703 3676 Nempe
2722 3606 2802 3656 af-

1798 3687 2067 3750 fectuum,
2091 3687 2181 3755 qui
2212 3685 2278 3736 ad
2310 3684 2523 3735 moralis
2556 3703 2800 3736 normam

1797 3765 2098 3834 generalem
2111 3762 2194 3815 vel
2208 3765 2504 3818 universam
2521 3763 2801 3814 restituun-

1798 3859 1900 3909 tur,
1926 3864 2117 3916 quum,
2141 3859 2239 3896 etc.
2267 3843 2358 3895 En.

1866 3926 1917 3976 6.
1955 3925 2108 3978 Alter
2134 3926 2373 3997 affectus.
2408 3927 2508 3977 Pro
2540 3923 2709 3991 alius,
2739 3937 2797 3975 nt

1796 4026 1930 4079 saepe
1963 4008 2106 4079 apud
2134 4009 2407 4072 Tacitum,
2440 4020 2492 4058 et
2523 4006 2674 4058 alios.
2707 4006 2798 4056 Eat

1797 4104 1921 4156 ergo
1947 4086 2157 4137 aliunde
2182 4101 2361 4150 ortus,
2390 4084 2491 4137 alia
2519 4101 2678 4136 causa
2705 4101 2796 4134 ex-

1794 4170 2012 4234 citatus,
2034 4183 2094 4222 ut
2116 4187 2176 4221 ex
2207 4169 2427 4220 infantia
2443 4206 2460 4234 ,
2489 4186 2549 4217 ex
2574 4166 2691 4218 laeta
2712 4164 2796 4216 fa·-

1794 4252 1872 4303 cie
1887 4289 1905 4316 ,
1930 4263 2027 4301 etc.
