3200 5117
680 542 949 606 DEcL.
997 538 1208 603 vm.
1255 534 1613 609 GEMIM
1658 539 2320 609 LANGUENTES.
2421 564 2537 629 ¹97
2577 576 2582 585 -

460 661 580 733 vix·
611 688 789 762 aegre
838 665 1093 741 misero
1152 662 1347 737 licuit
1398 661 1624 750 mori;
1674 663 1784 734 Vix
1839 688 1880 735 a
1933 664 2350 737 cruciatibus
2401 663 2543 735 suis

456 775 692 850 anima
725 777 1012 851 dimissa
1049 797 1173 850 est.
1201 778 1571 849 Inventum
1617 779 1874 875 putatis
1907 803 2051 851 esse
2083 776 2544 877 languorem?

458 889 823 990 inventum
875 914 979 967 est
1020 891 1235 967 illum.
1275 891 1577 991 potuisse
1623 891 1874 967 sanari.
1929 892 2253 990 Agedum
2285 948 2305 981 ‚
2344 918 2543 964 com-

456 1030 697 1080 mento
756 1030 877 1081 tuo
921 1035 1128 1081 senex
1176 1006 1521 1105 superbus
1574 1005 1881 1080 exsulta:
1943 1008 2157 1081 habes
2206 1006 2396 1106 quod
2451 1006 2543 1080 li—

455 1120 675 1213 beris,
704 1124 895 1223 quod
921 1123 1322 1223 parentibus
1345 1178 1365 1212 ,
1402 1121 1593 1219 quod
1633 1122 1977 1222 imputare
2017 1123 2250 1197 seculo
2291 1122 2542 1223 possis;

452 1235 673 1309 fecisti
724 1238 1082 1311 medicum
1129 1236 1472 1336 parricida
1520 1236 1899 1309 meliorem.
1925 1236 2154 1311 'Libet
2201 1237 2543 1311 mehercle

458 1349 710 1423 intueri
753 1379 879 1451 par
915 1351 1132 1424 illud:
1179 1377 1441 1449 aegrum
1488 1350 1769 1423 vidisses
1808 1351 2213 1442 hominem,
2255 1352 2539 1451 qualem

457 1493 602 1538 non
637 1467 966 1542 salutares
996 1467 1438 1541 medentium
1465 1494 1718 1541 manus
1739 1524 1759 1559 ‚
1794 1496 1938 1541 non
1966 1496 2074 1541 ars
2103 1469 2382 1542 inventa
2415 1497 2541 1568 pro

456 1581 631 1672 vita,
677 1585 796 1657 sed
829 1585 962 1658 diri
994 1586 1301 1657 ferarum
1332 1584 1693 1683 rabidique
1738 1612 2008 1658 morsus
2029 1643 2050 1675 ,
2079 1607 2145 1657 et
2169 1586 2401 1658 avium
2432 1587 2542 1657 fa-

456 1726 608 1772 mes
630 1702 867 1774 satiata
880 1701 1188 1774 destituit
1201 1757 1220 1790 ‚
1240 1702 1406 1773 hinc
1420 1701 1642 1775 alium
1661 1701 1735 1773 in
1755 1728 1965 1774 novas
1981 1701 2152 1774 vires
2167 1728 2540 1800 recensque

456 1814 671 1887 robur
710 1816 980 1890 reddito
1022 1818 1251 1915 vigore
1281 1838 1704 1915 surgentem.
1736 1816 1965 1890 Vultis
1995 1817 2165 1895 scire
2185 1874 2205 1907 ,
2227 1816 2540 1917 judice-3,

456 1927 644 2001 unde
667 1931 929 2003 venerit
956 1951 1142 2003 tanta
1169 1930 1563 2004 diversitas?
1586 1931 1790 2003 illum
1813 1953 2006 2031 pater
2032 1931 2320 2021 curavit,
2349 1930 2542 2002 hunc

458 2065 709 2116 mater:
742 2067 1089 2144 quantum
1108 2104 1129 2136 ,
1157 2045 1419 2144 inquit,
1454 2046 1704 2119 misera
1722 2047 1973 2145 pertuli
1994 2047 2339 2136 laborem,
2365 2046 2540 2117 dum

456 2178 595 2231 tam
632 2188 966 2261 magnam
1004 2165 1204 2235 foveo
1232 2162 1621 2235 tristitiam?
1648 2191 1793 2235 non
1825 2164 1960 2235 fuit
1988 2164 2167 2236 mihi
2196 2164 2339 2236 rixa
2375 2189 2539 2235 cum

454 2275 751 2367 morbis,
793 2305 923 2352 nec
956 2302 1121 2351 cum
1163 2278 1615 2379 repugnantis
1631 2278 2063 2352 2valetudinis
2097 2280 2322 2378 rigore
2363 2304 2541 2350 con-

455 2389 716 2462 tentio:
744 2412 929 2465 totus
954 2394 1028 2465 in
1053 2394 1375 2466 lacrimas
1404 2420 1916 2493 moeroremque
1941 2394 2284 2473 resolutus
2305 2393 2544 2466 oderat

363 2573 369 2579 .
453 2501 726 2593 lucem3
776 2507 1146 2605 respuebat
1176 2508 1406 2596 cibos;
1447 2507 1839 2582 fastidiebat
1872 2509 2158 2583 haustus
2178 2567 2199 2600 ,
2232 2531 2300 2581 et
2326 2508 2540 2581 vitam

453 2618 803 2721 parricidii
837 2620 1099 2719 pudore
1123 2621 1472 2719 fugiebat:
1512 2622 1587 2693 in
1622 2624 1819 2695 omni
1849 2622 2388 2722 proclamatione
2412 2650 2540 2721 ge-

453 2731 807 2830 mituque,
848 2735 1090 2806 frater:
1135 2735 1251 2807 ille
1293 2735 1537 2807 diebus
1570 2760 1652 2809 ac
1690 2737 2015 2810 noctibus
2052 2735 2535 2835 cogitatione5‚

450 2844 570 2918 ille
600 2849 968 2945 torquebat
998 2848 1255 2922 oculos,
1297 2853 1400 2921 De
1436 2849 1694 2948 quibus
1729 2873 1804 2922 tu
1840 2852 2071 2949 angria,
2100 2851 2540 2949 impotentis—

448 2962 627 3036 eima
648 2964 996 3037 medicina
1012 3023 1032 3055 ‚
1058 2964 1347 3037 mentita
1373 2963 1485 3037 es?
1502 2964 1843 3054 nonfuit,
1876 2992 2018 3036 non
2044 2964 2178 3036 fuit
2203 2964 2352 3036 solo
2378 2962 2538 3035 lan-

449 3102 661 3173 guore
712 3079 1057 3177 periturus
1088 3136 1106 3169 ,
1159 3106 1373 3178 quem
1423 3066 1569 3151 non
1617 3078 1847 3179 potuit
1897 3103 2026 3149 nec
2079 3103 2264 3147 mors
2312 3076 2537 3148 fratris

450 3194 777 3267 occidere.
800 3196 996 3286 Quid
1020 3196 1226 3295 igitur
1242 3252 1262 3286 ‚
1283 3195 1510 3294 inquit
1528 3194 1918 3268 miserrima
1938 3193 2396 3281 feminarum,
2413 3219 2538 3267 sae-
2594 3200 2599 3209 '

450 3304 721 3377 vissime
751 3335 992 3399 senex,
1026 3334 1105 3380 ex
1137 3308 1263 3381 hac
1297 3308 1771 3381 recordatione
1801 3306 2204 3379 tristissimae
2233 3305 2536 3378 orbitatis

451 3416 538 3488 ad
572 3419 697 3493 hos
723 3423 989 3515 vultus,
1017 3424 1410 3520 faciemque
1445 3422 1893 3496 converteris?
1923 3422 2073 3495 sine
2108 3420 2324 3494 dubio
2350 3420 2535 3495 filius

450 3554 548 3604 est
568 3591 589 3624 ‚
617 3556 684 3606 et
708 3559 859 3636 post
890 3540 1319 3638 gravissimas
1351 3540 1925 3611 denunciationes
1960 3537 2272 3625 redditus
2305 3536 2483 3611 vitae.

552 3651 772 3723 XXII.
798 3655 932 3727 Sed
962 3656 1278 3754 ignoscat
1306 3677 1589 3746 natura,
1620 3656 1871 3754 pietas;
1901 3681 2044 3729 non
2079 3640 2177 3726 est
2203 3652 2530 3725 solatium

450 3768 649 3838 matri
676 3795 858 3841 unus
887 3798 966 3843 ex
989 3773 1325 3870 geminis:
1357 3772 1625 3846 felicior
1651 3771 1766 3844 ille
1791 3771 1989 3844 dolor
2020 3791 2148 3860 eat,
2177 3769 2300 3867 qui
2327 3791 2534 3841 trans·

408 3882 541 3981 ‘igi
576 3883 815 3956 saltem
860 3912 1023 3956 curn
1064 3888 1283 3960 oculis
1320 3902 1612 3988 potest¹,
1649 3908 2054 3981 renovatur,
2097 3884 2531 3973 accenditur,

526 4096 571 4131 1.
591 4040 831 4154 l'ransiqt'
842 4099 960 4133 cum
974 4077 1135 4134 oculis
1143 4092 1323 4153 potest.
1340 4085 1445 4153 Lo-
1514 4058 1688 4154 fuerit
1713 4100 1831 4133 cum
1857 4081 2071 4132 materia
2097 4075 2324 4131 tumultu
2347 4088 2399 4128 et
2418 4074 2532 4128 cla-

438 4160 592 4239 “cutio
624 4158 801 4211 similis
838 4157 942 4224 illi,
975 4178 1136 4231 quam
1166 4158 1445 4213 illustravi·
1526 4178 1668 4212 more
1695 4169 2023 4213 transactum.
2053 4158 2149 4209 Hic
2177 4175 2300 4226 ergo
2330 4152 2531 4225 signifi-

449 4260 563 4295 mus
584 4240 652 4294 ad
670 4242 795 4294 lust.
822 4240 913 4295 lib.
930 4243 1050 4308 vu,
1072 4259 1115 4294 ι.
1138 4244 1208 4296 Ut
1218 4240 1447 4314 pulchre
1522 4256 1610 4297 ‘cat
1629 4281 1647 4312 ,
1682 4242 1828 4295 illum
1867 4239 2105 4293 dolorem
2140 4238 2345 4291 felicem
2382 4252 2528 4300 esse,
