<?xml version="1.0" encoding="UTF-8"?>
<!DOCTYPE html PUBLIC "-//W3C//DTD XHTML 1.0 Transitional//EN"
    "http://www.w3.org/TR/xhtml1/DTD/xhtml1-transitional.dtd">
<html xmlns="http://www.w3.org/1999/xhtml" xml:lang="en" lang="en">
 <head>
  <title>
</title>
<meta http-equiv="Content-Type" content="text/html;charset=utf-8" />
  <meta name='ocr-system' content='tesseract 3.04.00' />
  <meta name='ocr-capabilities' content='ocr_page ocr_carea ocr_par ocr_line ocrx_word'/>
</head>
<body>
  <div class='ocr_page' id='page_1' title='image "./deinstitutioneo01flacgoog_0054.png"; bbox 0 0 3200 5117; ppageno 0'>
   <div class='ocr_carea' id='block_1_1' title="bbox 684 2874 700 2908">
    <p class='ocr_par' dir='ltr' id='par_1_1' title="bbox 684 2874 700 2908">
     <span class='ocr_line' id='line_1_1' title="bbox 684 2874 700 2908; baseline 0 0"><span class='ocrx_word' id='word_1_1' title='bbox 684 2874 700 2908; x_wconf 90' lang='grc' dir='ltr'><em>Ι</em></span> 
     </span>
    </p>
   </div>
   <div class='ocr_carea' id='block_1_2' title="bbox 772 532 844 572">
    <p class='ocr_par' dir='ltr' id='par_1_2' title="bbox 772 532 844 572">
     <span class='ocr_line' id='line_1_2' title="bbox 772 532 844 572; baseline 0 0"><span class='ocrx_word' id='word_1_2' title='bbox 772 532 844 572; x_wconf 83' lang='lat'><strong>10</strong></span> 
     </span>
    </p>
   </div>
   <div class='ocr_carea' id='block_1_3' title="bbox 1257 507 2325 592">
    <p class='ocr_par' dir='ltr' id='par_1_3' title="bbox 1257 507 2325 592">
     <span class='ocr_line' id='line_1_3' title="bbox 1257 507 2325 592; baseline -0.004 -17"><span class='ocrx_word' id='word_1_3' title='bbox 1257 513 1347 575; x_wconf 90' lang='lat' dir='ltr'><strong>M.</strong></span> <span class='ocrx_word' id='word_1_4' title='bbox 1396 510 1643 574; x_wconf 83' lang='lat' dir='ltr'>FABH</span> <span class='ocrx_word' id='word_1_5' title='bbox 1691 507 2325 592; x_wconf 84' lang='lat' dir='ltr'><strong>QUINTILIANI</strong></span> 
     </span>
    </p>
   </div>
   <div class='ocr_carea' id='block_1_4' title="bbox 744 629 2878 2328">
    <p class='ocr_par' dir='ltr' id='par_1_4' title="bbox 744 629 2878 2328">
     <span class='ocr_line' id='line_1_4' title="bbox 754 629 2824 728; baseline -0.002 -28"><span class='ocrx_word' id='word_1_6' title='bbox 754 630 1002 702; x_wconf 84' lang='lat' dir='ltr'><strong>merito</strong></span> <span class='ocrx_word' id='word_1_7' title='bbox 1034 631 1425 728; x_wconf 81' lang='lat' dir='ltr'><strong>perdiderit.</strong></span> <span class='ocrx_word' id='word_1_8' title='bbox 1462 632 1655 722; x_wconf 88' lang='lat' dir='ltr'><strong>Quid</strong></span> <span class='ocrx_word' id='word_1_9' title='bbox 1690 631 1880 702; x_wconf 86' lang='lat' dir='ltr'><strong>aliud</strong></span> <span class='ocrx_word' id='word_1_10' title='bbox 1912 630 2165 702; x_wconf 76' lang='lat' dir='ltr'><strong>caecitas</strong></span> <span class='ocrx_word' id='word_1_11' title='bbox 2195 629 2425 716; x_wconf 81' lang='lat' dir='ltr'><strong>discit,</strong></span> <span class='ocrx_word' id='word_1_12' title='bbox 2461 652 2671 726; x_wconf 88' lang='lat' dir='ltr'><strong>quam</strong></span> <span class='ocrx_word' id='word_1_13' title='bbox 2708 652 2824 696; x_wconf 90' lang='lat' dir='ltr'><strong>ro-</strong></span> 
     </span>
     <span class='ocr_line' id='line_1_5' title="bbox 758 739 2821 842; baseline -0.002 -26"><span class='ocrx_word' id='word_1_14' title='bbox 758 771 947 841; x_wconf 81' lang='lat' dir='ltr'><strong>gare,</strong></span> <span class='ocrx_word' id='word_1_15' title='bbox 991 746 1326 817; x_wconf 81' lang='lat' dir='ltr'><strong>blandiri?</strong></span> <span class='ocrx_word' id='word_1_16' title='bbox 1368 748 1634 817; x_wconf 85' lang='lat' dir='ltr'><strong>Odium</strong></span> <span class='ocrx_word' id='word_1_17' title='bbox 1670 772 1878 816; x_wconf 90' lang='lat' dir='ltr'><strong>omne</strong></span> <span class='ocrx_word' id='word_1_18' title='bbox 1917 744 2250 842; x_wconf 87' lang='lat' dir='ltr'><strong>adjuvant</strong></span> <span class='ocrx_word' id='word_1_19' title='bbox 2281 742 2494 829; x_wconf 86' lang='lat' dir='ltr'><strong>oculi,</strong></span> <span class='ocrx_word' id='word_1_20' title='bbox 2534 762 2598 811; x_wconf 90' lang='lat' dir='ltr'><strong>et</strong></span> <span class='ocrx_word' id='word_1_21' title='bbox 2633 739 2821 811; x_wconf 88' lang='lat' dir='ltr'><strong>hunc</strong></span> 
     </span>
     <span class='ocr_line' id='line_1_6' title="bbox 757 856 2822 958; baseline -0.003 -28"><span class='ocrx_word' id='word_1_22' title='bbox 757 861 828 930; x_wconf 89' lang='lat' dir='ltr'><strong>in</strong></span> <span class='ocrx_word' id='word_1_23' title='bbox 868 863 1247 958; x_wconf 81' lang='lat' dir='ltr'><strong>pectoribus</strong></span> <span class='ocrx_word' id='word_1_24' title='bbox 1272 862 1596 933; x_wconf 88' lang='lat' dir='ltr'><strong>humanis</strong></span> <span class='ocrx_word' id='word_1_25' title='bbox 1620 863 1924 933; x_wconf 88' lang='lat' dir='ltr'><strong>furorem</strong></span> <span class='ocrx_word' id='word_1_26' title='bbox 1951 860 2221 930; x_wconf 87' lang='lat' dir='ltr'><strong>lumina</strong></span> <span class='ocrx_word' id='word_1_27' title='bbox 2248 856 2668 927; x_wconf 88' lang='lat' dir='ltr'><strong>accendunt:</strong></span> <span class='ocrx_word' id='word_1_28' title='bbox 2696 880 2822 925; x_wconf 92' lang='lat' dir='ltr'><strong>nec</strong></span> 
     </span>
     <span class='ocr_line' id='line_1_7' title="bbox 756 969 2821 1072; baseline -0.001 -29"><span class='ocrx_word' id='word_1_29' title='bbox 756 975 916 1045; x_wconf 87' lang='lat' dir='ltr'><strong>levis</strong></span> <span class='ocrx_word' id='word_1_30' title='bbox 949 977 1200 1047; x_wconf 85' lang='lat' dir='ltr'><strong>animis</strong></span> <span class='ocrx_word' id='word_1_31' title='bbox 1234 977 1495 1048; x_wconf 88' lang='lat' dir='ltr'><strong>accedit</strong></span> <span class='ocrx_word' id='word_1_32' title='bbox 1525 977 1821 1064; x_wconf 89' lang='lat' dir='ltr'><strong>insania,</strong></span> <span class='ocrx_word' id='word_1_33' title='bbox 1857 973 2119 1072; x_wconf 87' lang='lat' dir='ltr'><strong>quoties</strong></span> <span class='ocrx_word' id='word_1_34' title='bbox 2144 1000 2353 1071; x_wconf 90' lang='lat' dir='ltr'><strong>quem</strong></span> <span class='ocrx_word' id='word_1_35' title='bbox 2378 969 2697 1044; x_wconf 88' lang='lat' dir='ltr'><strong>execreris</strong></span> <span class='ocrx_word' id='word_1_36' title='bbox 2722 997 2821 1041; x_wconf 86' lang='lat' dir='ltr'><strong>as·</strong></span> 
     </span>
     <span class='ocr_line' id='line_1_8' title="bbox 754 1083 2864 1188; baseline -0.003 -29"><span class='ocrx_word' id='word_1_37' title='bbox 754 1089 992 1186; x_wconf 78' lang='lat' dir='ltr'><strong>piciaS.</strong></span> <span class='ocrx_word' id='word_1_38' title='bbox 1020 1093 1257 1162; x_wconf 87' lang='lat' dir='ltr'><strong>Caecus</strong></span> <span class='ocrx_word' id='word_1_39' title='bbox 1281 1092 1592 1163; x_wconf 88' lang='lat' dir='ltr'><strong>miserior</strong></span> <span class='ocrx_word' id='word_1_40' title='bbox 1612 1113 1739 1178; x_wconf 87' lang='lat' dir='ltr'><strong>est,</strong></span> <span class='ocrx_word' id='word_1_41' title='bbox 1765 1118 1977 1188; x_wconf 83' lang='lat' dir='ltr'><strong>quam</strong></span> <span class='ocrx_word' id='word_1_42' title='bbox 2001 1112 2075 1160; x_wconf 92' lang='lat' dir='ltr'><strong>ut</strong></span> <span class='ocrx_word' id='word_1_43' title='bbox 2093 1089 2346 1161; x_wconf 87' lang='lat' dir='ltr'><strong>invisus</strong></span> <span class='ocrx_word' id='word_1_44' title='bbox 2370 1088 2486 1172; x_wconf 82' lang='lat' dir='ltr'><strong>sit3</strong></span> <span class='ocrx_word' id='word_1_45' title='bbox 2503 1083 2824 1156; x_wconf 74' lang='lat' dir='ltr'><strong>timidior</strong></span> <span class='ocrx_word' id='word_1_46' title='bbox 2859 1119 2864 1128; x_wconf 95' lang='lat'>·</span> 
     </span>
     <span class='ocr_line' id='line_1_9' title="bbox 755 1199 2822 1299; baseline -0.002 -26"><span class='ocrx_word' id='word_1_47' title='bbox 755 1223 883 1290; x_wconf 85' lang='lat' dir='ltr'><strong>est,</strong></span> <span class='ocrx_word' id='word_1_48' title='bbox 927 1232 1140 1299; x_wconf 86' lang='lat' dir='ltr'><strong>quam</strong></span> <span class='ocrx_word' id='word_1_49' title='bbox 1186 1227 1265 1289; x_wconf 79' lang='lat' dir='ltr'><strong>ut</strong></span> <span class='ocrx_word' id='word_1_50' title='bbox 1304 1206 1540 1277; x_wconf 89' lang='lat' dir='ltr'><strong>oderit.</strong></span> <span class='ocrx_word' id='word_1_51' title='bbox 1594 1210 1922 1276; x_wconf 83' lang='lat' dir='ltr'><strong>Praeterea</strong></span> <span class='ocrx_word' id='word_1_52' title='bbox 1963 1202 2369 1274; x_wconf 82' lang='lat' dir='ltr'><strong>nocentibus</strong></span> <span class='ocrx_word' id='word_1_53' title='bbox 2411 1199 2642 1270; x_wconf 88' lang='lat' dir='ltr'><strong>liberis</strong></span> <span class='ocrx_word' id='word_1_54' title='bbox 2683 1199 2822 1269; x_wconf 89' lang='lat' dir='ltr'><strong>fre-</strong></span> 
     </span>
     <span class='ocr_line' id='line_1_10' title="bbox 745 1303 2818 1416; baseline -0.002 -31"><span class='ocrx_word' id='word_1_55' title='bbox 745 1318 1232 1413; x_wconf 82' lang='lat' dir='ltr'><strong>quentissimas</strong></span> <span class='ocrx_word' id='word_1_56' title='bbox 1253 1319 1338 1389; x_wconf 88' lang='lat' dir='ltr'><strong>ad</strong></span> <span class='ocrx_word' id='word_1_57' title='bbox 1359 1319 1799 1416; x_wconf 88' lang='lat' dir='ltr'><strong>parricidium</strong></span> <span class='ocrx_word' id='word_1_58' title='bbox 1816 1345 2045 1389; x_wconf 86' lang='lat' dir='ltr'><strong>causas</strong></span> <span class='ocrx_word' id='word_1_59' title='bbox 2072 1303 2401 1413; x_wconf 73' lang='lat' dir='ltr'><strong>suggessit</strong></span> <span class='ocrx_word' id='word_1_60' title='bbox 2427 1314 2602 1384; x_wconf 90' lang='lat' dir='ltr'><strong>illud</strong></span> <span class='ocrx_word' id='word_1_61' title='bbox 2631 1310 2818 1409; x_wconf 90' lang='lat' dir='ltr'><strong>quod</strong></span> 
     </span>
     <span class='ocr_line' id='line_1_11' title="bbox 752 1427 2819 1527; baseline -0.003 -27"><span class='ocrx_word' id='word_1_62' title='bbox 752 1431 1094 1504; x_wconf 88' lang='lat' dir='ltr'><strong>videbant.</strong></span> <span class='ocrx_word' id='word_1_63' title='bbox 1128 1435 1333 1505; x_wconf 89' lang='lat' dir='ltr'><strong>Vitiis</strong></span> <span class='ocrx_word' id='word_1_64' title='bbox 1366 1435 1555 1505; x_wconf 90' lang='lat' dir='ltr'><strong>enim</strong></span> <span class='ocrx_word' id='word_1_65' title='bbox 1587 1433 1828 1504; x_wconf 88' lang='lat' dir='ltr'><strong>nostris</strong></span> <span class='ocrx_word' id='word_1_66' title='bbox 1859 1432 1928 1503; x_wconf 91' lang='lat' dir='ltr'><strong>in</strong></span> <span class='ocrx_word' id='word_1_67' title='bbox 1964 1433 2276 1503; x_wconf 88' lang='lat' dir='ltr'><strong>animum</strong></span> <span class='ocrx_word' id='word_1_68' title='bbox 2310 1456 2431 1527; x_wconf 88' lang='lat' dir='ltr'><strong>per</strong></span> <span class='ocrx_word' id='word_1_69' title='bbox 2455 1427 2689 1498; x_wconf 90' lang='lat' dir='ltr'><strong>oculos</strong></span> <span class='ocrx_word' id='word_1_70' title='bbox 2711 1427 2819 1495; x_wconf 88' lang='lat' dir='ltr'><strong>via</strong></span> 
     </span>
     <span class='ocr_line' id='line_1_12' title="bbox 753 1542 2821 1646; baseline -0.003 -31"><span class='ocrx_word' id='word_1_71' title='bbox 753 1565 871 1616; x_wconf 86' lang='lat' dir='ltr'><strong>cst.</strong></span> <span class='ocrx_word' id='word_1_72' title='bbox 917 1547 1088 1618; x_wconf 87' lang='lat' dir='ltr'><strong>Aliis</strong></span> <span class='ocrx_word' id='word_1_73' title='bbox 1130 1548 1406 1618; x_wconf 84' lang='lat' dir='ltr'><strong>tradidit</strong></span> <span class='ocrx_word' id='word_1_74' title='bbox 1444 1549 1514 1618; x_wconf 91' lang='lat' dir='ltr'><strong>in</strong></span> <span class='ocrx_word' id='word_1_75' title='bbox 1549 1568 1910 1646; x_wconf 85' lang='lat' dir='ltr'><strong>parentum</strong></span> <span class='ocrx_word' id='word_1_76' title='bbox 1947 1545 2355 1642; x_wconf 83' lang='lat' dir='ltr'><strong>sanguinem</strong></span> <span class='ocrx_word' id='word_1_77' title='bbox 2391 1542 2658 1613; x_wconf 84' lang='lat' dir='ltr'><strong>luxuria</strong></span> <span class='ocrx_word' id='word_1_78' title='bbox 2687 1542 2821 1610; x_wconf 85' lang='lat' dir='ltr'><strong>fer-</strong></span> 
     </span>
     <span class='ocr_line' id='line_1_13' title="bbox 753 1657 2822 1747; baseline -0.001 -19"><span class='ocrx_word' id='word_1_79' title='bbox 753 1685 911 1729; x_wconf 87' lang='lat' dir='ltr'><strong>rum</strong></span> <span class='ocrx_word' id='word_1_80' title='bbox 927 1716 943 1747; x_wconf 90' lang='lat'><strong>,</strong></span> <span class='ocrx_word' id='word_1_81' title='bbox 968 1658 1234 1732; x_wconf 85' lang='lat' dir='ltr'><strong>luxuria</strong></span> <span class='ocrx_word' id='word_1_82' title='bbox 1255 1662 1637 1732; x_wconf 88' lang='lat' dir='ltr'><strong>videntium</strong></span> <span class='ocrx_word' id='word_1_83' title='bbox 1661 1662 1924 1733; x_wconf 81' lang='lat' dir='ltr'><strong>crimen</strong></span> <span class='ocrx_word' id='word_1_84' title='bbox 1949 1688 1962 1732; x_wconf 89' lang='lat'>:</span> <span class='ocrx_word' id='word_1_85' title='bbox 1991 1660 2138 1730; x_wconf 88' lang='lat' dir='ltr'><strong>aliis</strong></span> <span class='ocrx_word' id='word_1_86' title='bbox 2159 1657 2605 1729; x_wconf 69' lang='lat' dir='ltr'><strong>meretriculae</strong></span> <span class='ocrx_word' id='word_1_87' title='bbox 2625 1681 2822 1726; x_wconf 86' lang='lat' dir='ltr'><strong>amor</strong></span> 
     </span>
     <span class='ocr_line' id='line_1_14' title="bbox 750 1768 2820 1874; baseline -0.001 -33"><span class='ocrx_word' id='word_1_88' title='bbox 750 1772 1131 1845; x_wconf 83' lang='lat' dir='ltr'><strong>immodica</strong></span> <span class='ocrx_word' id='word_1_89' title='bbox 1158 1777 1496 1874; x_wconf 89' lang='lat' dir='ltr'><strong>poscentis</strong></span> <span class='ocrx_word' id='word_1_90' title='bbox 1521 1804 1543 1845; x_wconf 92' lang='lat'><strong>:·</strong></span> <span class='ocrx_word' id='word_1_91' title='bbox 1564 1803 1791 1861; x_wconf 83' lang='lat' dir='ltr'><strong>amor,</strong></span> <span class='ocrx_word' id='word_1_92' title='bbox 1822 1775 1928 1846; x_wconf 90' lang='lat' dir='ltr'><strong>cui</strong></span> <span class='ocrx_word' id='word_1_93' title='bbox 1953 1773 2359 1844; x_wconf 89' lang='lat' dir='ltr'><strong>renunciant</strong></span> <span class='ocrx_word' id='word_1_94' title='bbox 2386 1768 2562 1842; x_wconf 91' lang='lat' dir='ltr'><strong>oculi</strong></span> <span class='ocrx_word' id='word_1_95' title='bbox 2588 1783 2633 1838; x_wconf 90' lang='lat'><strong>¹.</strong></span> <span class='ocrx_word' id='word_1_96' title='bbox 2666 1770 2820 1840; x_wconf 77' lang='lat' dir='ltr'><strong>Cae-</strong></span> 
     </span>
     <span class='ocr_line' id='line_1_15' title="bbox 744 1882 2821 1987; baseline -0 -32"><span class='ocrx_word' id='word_1_97' title='bbox 744 1910 872 1955; x_wconf 85' lang='lat' dir='ltr'><strong>cus</strong></span> <span class='ocrx_word' id='word_1_98' title='bbox 903 1885 1138 1959; x_wconf 86' lang='lat' dir='ltr'><strong>infelix</strong></span> <span class='ocrx_word' id='word_1_99' title='bbox 1164 1914 1433 1987; x_wconf 88' lang='lat' dir='ltr'><strong>patrem</strong></span> <span class='ocrx_word' id='word_1_100' title='bbox 1471 1889 1754 1961; x_wconf 80' lang='lat' dir='ltr'><strong>occidit?</strong></span> <span class='ocrx_word' id='word_1_101' title='bbox 1779 1889 2027 1960; x_wconf 89' lang='lat' dir='ltr'><strong>deinde</strong></span> <span class='ocrx_word' id='word_1_102' title='bbox 2058 1888 2168 1958; x_wconf 88' lang='lat' dir='ltr'><strong>cui</strong></span> <span class='ocrx_word' id='word_1_103' title='bbox 2200 1912 2492 1957; x_wconf 85' lang='lat' dir='ltr'><strong>manum</strong></span> <span class='ocrx_word' id='word_1_104' title='bbox 2521 1882 2821 1982; x_wconf 78' lang='lat' dir='ltr'><strong>porriget</strong></span> 
     </span>
     <span class='ocr_line' id='line_1_16' title="bbox 750 1998 2819 2104; baseline -0.001 -34"><span class='ocrx_word' id='word_1_105' title='bbox 750 2001 1131 2073; x_wconf 78' lang='lat' dir='ltr'><strong>securi0r2?</strong></span> <span class='ocrx_word' id='word_1_106' title='bbox 1163 2004 1362 2104; x_wconf 88' lang='lat' dir='ltr'><strong>cujus</strong></span> <span class='ocrx_word' id='word_1_107' title='bbox 1392 2003 1698 2075; x_wconf 88' lang='lat' dir='ltr'><strong>humeris</strong></span> <span class='ocrx_word' id='word_1_108' title='bbox 1726 2002 1935 2072; x_wconf 87' lang='lat' dir='ltr'><strong>levior</strong></span> <span class='ocrx_word' id='word_1_109' title='bbox 1964 2000 2351 2072; x_wconf 85' lang='lat' dir='ltr'><strong>incumbet?</strong></span> <span class='ocrx_word' id='word_1_110' title='bbox 2380 1998 2559 2088; x_wconf 88' lang='lat' dir='ltr'><strong>Quis</strong></span> <span class='ocrx_word' id='word_1_111' title='bbox 2583 2017 2819 2068; x_wconf 88' lang='lat' dir='ltr'><strong>contu-</strong></span> 
     </span>
     <span class='ocr_line' id='line_1_17' title="bbox 748 2111 2817 2213; baseline -0.002 -31"><span class='ocrx_word' id='word_1_112' title='bbox 748 2112 993 2184; x_wconf 87' lang='lat' dir='ltr'><strong>melias</strong></span> <span class='ocrx_word' id='word_1_113' title='bbox 1024 2142 1371 2186; x_wconf 83' lang='lat' dir='ltr'><strong>servorum</strong></span> <span class='ocrx_word' id='word_1_114' title='bbox 1410 2116 1759 2213; x_wconf 79' lang='lat' dir='ltr'><strong>castigabit</strong></span> <span class='ocrx_word' id='word_1_115' title='bbox 1794 2114 2125 2186; x_wconf 85' lang='lat' dir='ltr'><strong>severius?</strong></span> <span class='ocrx_word' id='word_1_116' title='bbox 2167 2114 2318 2212; x_wconf 90' lang='lat' dir='ltr'><strong>quis</strong></span> <span class='ocrx_word' id='word_1_117' title='bbox 2360 2111 2817 2184; x_wconf 87' lang='lat' dir='ltr'><strong>calamitatem</strong></span> 
     </span>
     <span class='ocr_line' id='line_1_18' title="bbox 751 2222 2878 2328; baseline -0.002 -32"><span class='ocrx_word' id='word_1_118' title='bbox 751 2244 898 2296; x_wconf 87' lang='lat' dir='ltr'><strong>tam</strong></span> <span class='ocrx_word' id='word_1_119' title='bbox 935 2227 1348 2300; x_wconf 83' lang='lat' dir='ltr'><strong>obnoxiam³</strong></span> <span class='ocrx_word' id='word_1_120' title='bbox 1386 2230 1644 2328; x_wconf 89' lang='lat' dir='ltr'><strong>majore</strong></span> <span class='ocrx_word' id='word_1_121' title='bbox 1678 2229 2049 2300; x_wconf 88' lang='lat' dir='ltr'><strong>reverentia</strong></span> <span class='ocrx_word' id='word_1_122' title='bbox 2081 2225 2419 2326; x_wconf 79' lang='lat' dir='ltr'><strong>proteget?</strong></span> <span class='ocrx_word' id='word_1_123' title='bbox 2455 2229 2639 2295; x_wconf 90' lang='lat' dir='ltr'><strong>Inter</strong></span> <span class='ocrx_word' id='word_1_124' title='bbox 2667 2222 2820 2295; x_wconf 87' lang='lat' dir='ltr'><strong>feli·</strong></span> <span class='ocrx_word' id='word_1_125' title='bbox 2867 2275 2878 2284; x_wconf 80' lang='lat'><strong>.</strong></span> 
     </span>
    </p>
   </div>
   <div class='ocr_carea' id='block_1_5' title="bbox 744 2438 1748 4241">
    <p class='ocr_par' dir='ltr' id='par_1_5' title="bbox 744 2438 1743 3202">
     <span class='ocr_line' id='line_1_19' title="bbox 748 2438 1740 2510; baseline 0.002 -23"><span class='ocrx_word' id='word_1_126' title='bbox 748 2438 999 2489; x_wconf 81' lang='lat' dir='ltr'><strong>Homines</strong></span> <span class='ocrx_word' id='word_1_127' title='bbox 1013 2439 1150 2490; x_wconf 88' lang='lat' dir='ltr'><strong>enim</strong></span> <span class='ocrx_word' id='word_1_128' title='bbox 1170 2441 1429 2510; x_wconf 82' lang='lat' dir='ltr'><strong>sapientes</strong></span> <span class='ocrx_word' id='word_1_129' title='bbox 1449 2455 1497 2491; x_wconf 88' lang='lat' dir='ltr'><strong>et</strong></span> <span class='ocrx_word' id='word_1_130' title='bbox 1518 2440 1740 2509; x_wconf 83' lang='lat' dir='ltr'><strong>alicujus</strong></span> 
     </span>
     <span class='ocr_line' id='line_1_20' title="bbox 748 2514 1741 2587; baseline 0.003 -23"><span class='ocrx_word' id='word_1_131' title='bbox 748 2514 1038 2586; x_wconf 63' lang='lat' dir='ltr'><strong>prudentiae</strong></span> <span class='ocrx_word' id='word_1_132' title='bbox 1064 2517 1408 2587; x_wconf 82' lang='lat' dir='ltr'><strong>turpitudine,</strong></span> <span class='ocrx_word' id='word_1_133' title='bbox 1431 2536 1540 2569; x_wconf 88' lang='lat' dir='ltr'><strong>nou</strong></span> <span class='ocrx_word' id='word_1_134' title='bbox 1563 2519 1741 2587; x_wconf 84' lang='lat' dir='ltr'><strong>perin-</strong></span> 
     </span>
     <span class='ocr_line' id='line_1_21' title="bbox 746 2591 1742 2660; baseline 0.002 -16"><span class='ocrx_word' id='word_1_135' title='bbox 746 2591 815 2644; x_wconf 85' lang='lat' dir='ltr'><strong>de</strong></span> <span class='ocrx_word' id='word_1_136' title='bbox 847 2611 907 2644; x_wconf 83' lang='lat' dir='ltr'><strong>ac</strong></span> <span class='ocrx_word' id='word_1_137' title='bbox 932 2613 1084 2658; x_wconf 84' lang='lat' dir='ltr'><strong>casu,</strong></span> <span class='ocrx_word' id='word_1_138' title='bbox 1110 2610 1525 2660; x_wconf 82' lang='lat' dir='ltr'><strong>commoventur,</strong></span> <span class='ocrx_word' id='word_1_139' title='bbox 1554 2608 1606 2646; x_wconf 88' lang='lat' dir='ltr'><strong>et</strong></span> <span class='ocrx_word' id='word_1_140' title='bbox 1630 2595 1742 2646; x_wconf 90' lang='lat' dir='ltr'><strong>cul-</strong></span> 
     </span>
     <span class='ocr_line' id='line_1_22' title="bbox 744 2677 1740 2746; baseline 0 -20"><span class='ocrx_word' id='word_1_141' title='bbox 744 2692 870 2746; x_wconf 81' lang='lat' dir='ltr'><strong>pam</strong></span> <span class='ocrx_word' id='word_1_142' title='bbox 892 2694 952 2725; x_wconf 84' lang='lat' dir='ltr'><strong>ac</strong></span> <span class='ocrx_word' id='word_1_143' title='bbox 969 2689 1247 2744; x_wconf 87' lang='lat' dir='ltr'><strong>peccatum</strong></span> <span class='ocrx_word' id='word_1_144' title='bbox 1271 2678 1488 2727; x_wconf 77' lang='lat' dir='ltr'><strong>maxime</strong></span> <span class='ocrx_word' id='word_1_145' title='bbox 1509 2677 1740 2726; x_wconf 87' lang='lat' dir='ltr'><strong>omnium</strong></span> 
     </span>
     <span class='ocr_line' id='line_1_23' title="bbox 746 2750 1741 2824; baseline 0.001 -21"><span class='ocrx_word' id='word_1_146' title='bbox 746 2751 848 2803; x_wconf 78' lang='lat' dir='ltr'><strong>sibi</strong></span> <span class='ocrx_word' id='word_1_147' title='bbox 872 2750 1110 2822; x_wconf 82' lang='lat' dir='ltr'><strong>judicant</strong></span> <span class='ocrx_word' id='word_1_148' title='bbox 1139 2753 1568 2824; x_wconf 83' lang='lat' dir='ltr'><strong>pertimescenda.</strong></span> <span class='ocrx_word' id='word_1_149' title='bbox 1600 2755 1741 2805; x_wconf 90' lang='lat' dir='ltr'><strong>Con-</strong></span> 
     </span>
     <span class='ocr_line' id='line_1_24' title="bbox 747 2832 1740 2902; baseline 0.002 -20"><span class='ocrx_word' id='word_1_150' title='bbox 747 2832 1018 2882; x_wconf 82' lang='lat' dir='ltr'><strong>scientiam</strong></span> <span class='ocrx_word' id='word_1_151' title='bbox 1052 2832 1245 2902; x_wconf 89' lang='lat' dir='ltr'><strong>quippe</strong></span> <span class='ocrx_word' id='word_1_152' title='bbox 1276 2845 1427 2884; x_wconf 64' lang='grc'>100110</span> <span class='ocrx_word' id='word_1_153' title='bbox 1456 2832 1740 2884; x_wconf 81' lang='lat' dir='ltr'><strong>voluntatis</strong></span> 
     </span>
     <span class='ocr_line' id='line_1_25' title="bbox 746 2913 1742 2965; baseline 0.004 -5"><span class='ocrx_word' id='word_1_154' title='bbox 746 2913 1023 2963; x_wconf 82' lang='lat' dir='ltr'><strong>maximam</strong></span> <span class='ocrx_word' id='word_1_155' title='bbox 1059 2933 1169 2964; x_wconf 83' lang='lat' dir='ltr'><strong>esse</strong></span> <span class='ocrx_word' id='word_1_156' title='bbox 1205 2913 1624 2965; x_wconf 81' lang='lat' dir='ltr'><strong>consolationem</strong></span> <span class='ocrx_word' id='word_1_157' title='bbox 1660 2932 1742 2964; x_wconf 89' lang='lat' dir='ltr'><strong>re-</strong></span> 
     </span>
     <span class='ocr_line' id='line_1_26' title="bbox 747 2992 1742 3063; baseline 0.003 -22"><span class='ocrx_word' id='word_1_158' title='bbox 747 3009 866 3041; x_wconf 86' lang='lat' dir='ltr'><strong>rum</strong></span> <span class='ocrx_word' id='word_1_159' title='bbox 931 2992 1381 3044; x_wconf 85' lang='lat' dir='ltr'><strong>incommodarum</strong></span> <span class='ocrx_word' id='word_1_160' title='bbox 1407 3015 1422 3056; x_wconf 87' lang='lat'>;</span> <span class='ocrx_word' id='word_1_161' title='bbox 1480 2995 1742 3063; x_wconf 72' lang='lat' dir='ltr'><strong>uniceque</strong></span> 
     </span>
     <span class='ocr_line' id='line_1_27' title="bbox 750 3070 1743 3143; baseline 0.003 -21"><span class='ocrx_word' id='word_1_162' title='bbox 750 3070 977 3123; x_wconf 80' lang='lat' dir='ltr'><strong>dandam</strong></span> <span class='ocrx_word' id='word_1_163' title='bbox 1002 3090 1215 3143; x_wconf 81' lang='lat' dir='ltr'><strong>operam</strong></span> <span class='ocrx_word' id='word_1_164' title='bbox 1231 3109 1247 3136; x_wconf 86' lang='lat'><strong>,</strong></span> <span class='ocrx_word' id='word_1_165' title='bbox 1274 3086 1331 3124; x_wconf 89' lang='lat' dir='ltr'><strong>ut</strong></span> <span class='ocrx_word' id='word_1_166' title='bbox 1357 3072 1471 3125; x_wconf 85' lang='lat' dir='ltr'><strong>laus</strong></span> <span class='ocrx_word' id='word_1_167' title='bbox 1499 3087 1551 3124; x_wconf 87' lang='lat' dir='ltr'><strong>et</strong></span> <span class='ocrx_word' id='word_1_168' title='bbox 1577 3072 1743 3141; x_wconf 80' lang='lat' dir='ltr'><strong>gloria</strong></span> 
     </span>
     <span class='ocr_line' id='line_1_28' title="bbox 748 3149 1372 3202; baseline 0.005 -3"><span class='ocrx_word' id='word_1_169' title='bbox 748 3149 1082 3202; x_wconf 70' lang='lat' dir='ltr'><strong>iudelnilitatoe</strong></span> <span class='ocrx_word' id='word_1_170' title='bbox 1107 3165 1372 3202; x_wconf 82' lang='lat' dir='ltr'><strong>maneant.</strong></span> 
     </span>
    </p>

    <p class='ocr_par' dir='ltr' id='par_1_6' title="bbox 748 3227 1748 4241">
     <span class='ocr_line' id='line_1_29' title="bbox 828 3227 1746 3281; baseline 0 -3"><span class='ocrx_word' id='word_1_171' title='bbox 828 3244 870 3279; x_wconf 86' lang='lat'><strong>1.</strong></span> <span class='ocrx_word' id='word_1_172' title='bbox 890 3228 1051 3281; x_wconf 86' lang='lat' dir='ltr'><strong>Amor</strong></span> <span class='ocrx_word' id='word_1_173' title='bbox 1063 3230 1146 3279; x_wconf 81' lang='grc' dir='ltr'><strong>01ιὶ</strong></span> <span class='ocrx_word' id='word_1_174' title='bbox 1161 3229 1465 3280; x_wconf 77' lang='lat' dir='ltr'><strong>renunciant</strong></span> <span class='ocrx_word' id='word_1_175' title='bbox 1478 3227 1633 3279; x_wconf 74' lang='lat' dir='ltr'><strong>oculi.</strong></span> <span class='ocrx_word' id='word_1_176' title='bbox 1650 3230 1695 3279; x_wconf 84' lang='lat' dir='ltr'>N</span> <span class='ocrx_word' id='word_1_177' title='bbox 1702 3231 1746 3278; x_wconf 87' lang='lat' dir='ltr'><strong>i·-</strong></span> 
     </span>
     <span class='ocr_line' id='line_1_30' title="bbox 749 3309 1746 3361; baseline 0.002 -3"><span class='ocrx_word' id='word_1_178' title='bbox 749 3309 823 3359; x_wconf 88' lang='lat' dir='ltr'><strong>hil</strong></span> <span class='ocrx_word' id='word_1_179' title='bbox 849 3309 947 3359; x_wconf 85' lang='lat' dir='ltr'><strong>sibi</strong></span> <span class='ocrx_word' id='word_1_180' title='bbox 970 3328 1089 3360; x_wconf 86' lang='lat' dir='ltr'><strong>curn</strong></span> <span class='ocrx_word' id='word_1_181' title='bbox 1113 3309 1278 3361; x_wconf 88' lang='lat' dir='ltr'><strong>oculis</strong></span> <span class='ocrx_word' id='word_1_182' title='bbox 1303 3309 1578 3361; x_wconf 67' lang='lat' dir='ltr'><strong>obcaecatis</strong></span> <span class='ocrx_word' id='word_1_183' title='bbox 1597 3327 1746 3360; x_wconf 83' lang='lat' dir='ltr'><strong>amor</strong></span> 
     </span>
     <span class='ocr_line' id='line_1_31' title="bbox 750 3387 1746 3455; baseline -0.001 -18"><span class='ocrx_word' id='word_1_184' title='bbox 750 3387 861 3437; x_wconf 80' lang='lat' dir='ltr'><strong>vult</strong></span> <span class='ocrx_word' id='word_1_185' title='bbox 890 3405 1001 3437; x_wconf 86' lang='lat' dir='ltr'><strong>csse</strong></span> <span class='ocrx_word' id='word_1_186' title='bbox 1031 3389 1254 3455; x_wconf 74' lang='lat' dir='ltr'><strong>negotii:</strong></span> <span class='ocrx_word' id='word_1_187' title='bbox 1289 3407 1376 3438; x_wconf 86' lang='lat' dir='ltr'><strong>eos</strong></span> <span class='ocrx_word' id='word_1_188' title='bbox 1403 3400 1670 3438; x_wconf 77' lang='lat' dir='ltr'><strong>aversatur</strong></span> <span class='ocrx_word' id='word_1_189' title='bbox 1695 3399 1746 3437; x_wconf 89' lang='lat' dir='ltr'><strong>et</strong></span> 
     </span>
     <span class='ocr_line' id='line_1_32' title="bbox 751 3464 1744 3535; baseline 0 -19"><span class='ocrx_word' id='word_1_190' title='bbox 751 3466 913 3535; x_wconf 54' lang='lat' dir='ltr'><strong>fugin</strong></span> <span class='ocrx_word' id='word_1_191' title='bbox 943 3479 1001 3516; x_wconf 90' lang='lat' dir='ltr'><strong>ut</strong></span> <span class='ocrx_word' id='word_1_192' title='bbox 1028 3465 1335 3534; x_wconf 78' lang='lat' dir='ltr'><strong>intelligeret</strong></span> <span class='ocrx_word' id='word_1_193' title='bbox 1359 3477 1542 3516; x_wconf 84' lang='lat' dir='ltr'><strong>auctor</strong></span> <span class='ocrx_word' id='word_1_194' title='bbox 1565 3464 1744 3516; x_wconf 86' lang='lat' dir='ltr'><strong>sedem</strong></span> 
     </span>
     <span class='ocr_line' id='line_1_33' title="bbox 752 3542 1744 3594; baseline 0 0"><span class='ocrx_word' id='word_1_195' title='bbox 752 3545 942 3594; x_wconf 81' lang='lat' dir='ltr'><strong>amoris</strong></span> <span class='ocrx_word' id='word_1_196' title='bbox 971 3542 1153 3594; x_wconf 84' lang='lat' dir='ltr'><strong>oculos</strong></span> <span class='ocrx_word' id='word_1_197' title='bbox 1184 3562 1293 3593; x_wconf 81' lang='lat' dir='ltr'><strong>esse</strong></span> <span class='ocrx_word' id='word_1_198' title='bbox 1318 3543 1619 3594; x_wconf 72' lang='lat' dir='ltr'><strong>videntium.</strong></span> <span class='ocrx_word' id='word_1_199' title='bbox 1640 3546 1744 3594; x_wconf 88' lang='lat' dir='ltr'><strong>Ve-</strong></span> 
     </span>
     <span class='ocr_line' id='line_1_34' title="bbox 754 3620 1748 3672; baseline 0.003 -3"><span class='ocrx_word' id='word_1_200' title='bbox 754 3621 857 3671; x_wconf 89' lang='lat' dir='ltr'><strong>rius</strong></span> <span class='ocrx_word' id='word_1_201' title='bbox 885 3634 1055 3671; x_wconf 84' lang='lat' dir='ltr'><strong>tamen</strong></span> <span class='ocrx_word' id='word_1_202' title='bbox 1081 3620 1285 3671; x_wconf 79' lang='lat' dir='ltr'><strong>videtur</strong></span> <span class='ocrx_word' id='word_1_203' title='bbox 1305 3638 1367 3670; x_wconf 82' lang='lat' dir='ltr'><strong>eo</strong></span> <span class='ocrx_word' id='word_1_204' title='bbox 1388 3639 1573 3672; x_wconf 86' lang='lat' dir='ltr'><strong>sensu:</strong></span> <span class='ocrx_word' id='word_1_205' title='bbox 1598 3639 1748 3672; x_wconf 86' lang='lat' dir='ltr'><strong>amor</strong></span> 
     </span>
     <span class='ocr_line' id='line_1_35' title="bbox 748 3697 1744 3750; baseline 0.001 -2"><span class='ocrx_word' id='word_1_206' title='bbox 748 3708 821 3748; x_wconf 81' lang='lat' dir='ltr'><strong>est</strong></span> <span class='ocrx_word' id='word_1_207' title='bbox 851 3697 934 3748; x_wconf 74' lang='lat' dir='ltr'><strong>ubi</strong></span> <span class='ocrx_word' id='word_1_208' title='bbox 966 3715 1067 3749; x_wconf 87' lang='lat' dir='ltr'><strong>rem</strong></span> <span class='ocrx_word' id='word_1_209' title='bbox 1102 3700 1405 3749; x_wconf 77' lang='lat' dir='ltr'><strong>renunciant</strong></span> <span class='ocrx_word' id='word_1_210' title='bbox 1436 3698 1591 3750; x_wconf 76' lang='lat' dir='ltr'><strong>oculi·</strong></span> <span class='ocrx_word' id='word_1_211' title='bbox 1626 3700 1744 3749; x_wconf 79' lang='lat' dir='ltr'><strong>Haee</strong></span> 
     </span>
     <span class='ocr_line' id='line_1_36' title="bbox 758 3779 1744 3848; baseline 0.002 -19"><span class='ocrx_word' id='word_1_212' title='bbox 758 3779 975 3829; x_wconf 77' lang='lat' dir='ltr'><strong>maxime</strong></span> <span class='ocrx_word' id='word_1_213' title='bbox 1004 3796 1099 3829; x_wconf 87' lang='lat' dir='ltr'><strong>cur</strong></span> <span class='ocrx_word' id='word_1_214' title='bbox 1123 3779 1426 3848; x_wconf 68' lang='lat' dir='ltr'><strong>praeferam,</strong></span> <span class='ocrx_word' id='word_1_215' title='bbox 1456 3798 1612 3831; x_wconf 84' lang='lat' dir='ltr'><strong>causa</strong></span> <span class='ocrx_word' id='word_1_216' title='bbox 1637 3793 1744 3844; x_wconf 85' lang='lat' dir='ltr'><strong>est,</strong></span> 
     </span>
     <span class='ocr_line' id='line_1_37' title="bbox 753 3855 1748 3927; baseline 0.004 -23"><span class='ocrx_word' id='word_1_217' title='bbox 753 3855 898 3927; x_wconf 86' lang='lat' dir='ltr'><strong>quod</strong></span> <span class='ocrx_word' id='word_1_218' title='bbox 923 3869 976 3906; x_wconf 87' lang='lat' dir='ltr'><strong>et</strong></span> <span class='ocrx_word' id='word_1_219' title='bbox 998 3874 1177 3908; x_wconf 85' lang='lat' dir='ltr'><strong>seusus</strong></span> <span class='ocrx_word' id='word_1_220' title='bbox 1202 3856 1509 3910; x_wconf 86' lang='lat' dir='ltr'><strong>commodus</strong></span> <span class='ocrx_word' id='word_1_221' title='bbox 1527 3876 1637 3908; x_wconf 87' lang='lat' dir='ltr'><strong>non</strong></span> <span class='ocrx_word' id='word_1_222' title='bbox 1658 3859 1748 3908; x_wconf 85' lang='lat' dir='ltr'><strong>mi-</strong></span> 
     </span>
     <span class='ocr_line' id='line_1_38' title="bbox 752 3938 1747 4009; baseline 0.002 -22"><span class='ocrx_word' id='word_1_223' title='bbox 752 3956 853 3988; x_wconf 89' lang='lat' dir='ltr'><strong>nus</strong></span> <span class='ocrx_word' id='word_1_224' title='bbox 883 3949 990 4000; x_wconf 85' lang='lat' dir='ltr'><strong>est,</strong></span> <span class='ocrx_word' id='word_1_225' title='bbox 1015 3955 1173 4008; x_wconf 83' lang='lat' dir='ltr'><strong>quam</strong></span> <span class='ocrx_word' id='word_1_226' title='bbox 1199 3938 1253 3988; x_wconf 89' lang='lat' dir='ltr'><strong>in</strong></span> <span class='ocrx_word' id='word_1_227' title='bbox 1282 3939 1507 4002; x_wconf 66' lang='lat' dir='ltr'><strong>creteris,</strong></span> <span class='ocrx_word' id='word_1_228' title='bbox 1534 3953 1585 3989; x_wconf 88' lang='lat' dir='ltr'><strong>et</strong></span> <span class='ocrx_word' id='word_1_229' title='bbox 1615 3957 1747 4009; x_wconf 79' lang='lat' dir='ltr'><strong>prae-</strong></span> 
     </span>
     <span class='ocr_line' id='line_1_39' title="bbox 751 4017 1748 4088; baseline 0 -19"><span class='ocrx_word' id='word_1_230' title='bbox 751 4031 898 4069; x_wconf 83' lang='lat' dir='ltr'><strong>terea</strong></span> <span class='ocrx_word' id='word_1_231' title='bbox 945 4018 1090 4087; x_wconf 85' lang='lat' dir='ltr'><strong>quod</strong></span> <span class='ocrx_word' id='word_1_232' title='bbox 1135 4020 1246 4088; x_wconf 81' lang='lat' dir='ltr'><strong>ipse</strong></span> <span class='ocrx_word' id='word_1_233' title='bbox 1290 4021 1486 4071; x_wconf 85' lang='lat' dir='ltr'><strong>Noster</strong></span> <span class='ocrx_word' id='word_1_234' title='bbox 1529 4017 1597 4070; x_wconf 82' lang='lat' dir='ltr'><strong>ad</strong></span> <span class='ocrx_word' id='word_1_235' title='bbox 1642 4018 1748 4069; x_wconf 90' lang='lat' dir='ltr'><strong>hoc</strong></span> 
     </span>
     <span class='ocr_line' id='line_1_40' title="bbox 755 4095 1748 4167; baseline -0.002 -17"><span class='ocrx_word' id='word_1_236' title='bbox 755 4095 1048 4167; x_wconf 86' lang='lat' dir='ltr'><strong>exemplum</strong></span> <span class='ocrx_word' id='word_1_237' title='bbox 1065 4134 1083 4161; x_wconf 88' lang='lat'><strong>,</strong></span> <span class='ocrx_word' id='word_1_238' title='bbox 1126 4111 1178 4148; x_wconf 89' lang='lat' dir='ltr'><strong>et</strong></span> <span class='ocrx_word' id='word_1_239' title='bbox 1219 4115 1372 4148; x_wconf 85' lang='lat' dir='ltr'><strong>sensu</strong></span> <span class='ocrx_word' id='word_1_240' title='bbox 1411 4097 1596 4149; x_wconf 87' lang='lat' dir='ltr'><strong>eodem</strong></span> <span class='ocrx_word' id='word_1_241' title='bbox 1636 4098 1748 4149; x_wconf 80' lang='lat' dir='ltr'><strong>aliis</strong></span> 
     </span>
     <span class='ocr_line' id='line_1_41' title="bbox 758 4173 1745 4241; baseline -0.001 -14"><span class='ocrx_word' id='word_1_242' title='bbox 758 4175 885 4229; x_wconf 85' lang='lat' dir='ltr'><strong>locis</strong></span> <span class='ocrx_word' id='word_1_243' title='bbox 907 4174 971 4228; x_wconf 88' lang='lat' dir='ltr'><strong>de</strong></span> <span class='ocrx_word' id='word_1_244' title='bbox 993 4174 1157 4227; x_wconf 85' lang='lat' dir='ltr'><strong>oculis</strong></span> <span class='ocrx_word' id='word_1_245' title='bbox 1174 4173 1404 4241; x_wconf 87' lang='lat' dir='ltr'><strong>disserit,</strong></span> <span class='ocrx_word' id='word_1_246' title='bbox 1428 4175 1660 4230; x_wconf 82' lang='lat' dir='ltr'><strong>Declam.</strong></span> <span class='ocrx_word' id='word_1_247' title='bbox 1686 4193 1712 4227; x_wconf 82' lang='lat'><em>2</em></span> <span class='ocrx_word' id='word_1_248' title='bbox 1733 4199 1745 4226; x_wconf 70' lang='grc' dir='ltr'>ι</span> 
     </span>
    </p>
   </div>
   <div class='ocr_carea' id='block_1_6' title="bbox 1814 2441 2830 4247">
    <p class='ocr_par' dir='ltr' id='par_1_7' title="bbox 1826 2441 2817 2662">
     <span class='ocr_line' id='line_1_42' title="bbox 1827 2441 2817 2507; baseline -0.006 -16"><span class='ocrx_word' id='word_1_249' title='bbox 1827 2461 1848 2484; x_wconf 72' lang='grc' dir='ltr'><strong>α</strong></span> <span class='ocrx_word' id='word_1_250' title='bbox 1868 2441 2087 2491; x_wconf 77' lang='lat' dir='ltr'><strong>Gravius</strong></span> <span class='ocrx_word' id='word_1_251' title='bbox 2108 2458 2319 2490; x_wconf 84' lang='lat' dir='ltr'><strong>necesse</strong></span> <span class='ocrx_word' id='word_1_252' title='bbox 2346 2452 2423 2489; x_wconf 87' lang='lat' dir='ltr'><strong>est</strong></span> <span class='ocrx_word' id='word_1_253' title='bbox 2444 2449 2817 2507; x_wconf 83' lang='lat' dir='ltr'><strong>expavescant,</strong></span> 
     </span>
     <span class='ocr_line' id='line_1_43' title="bbox 1826 2513 2814 2588; baseline -0.002 -21"><span class='ocrx_word' id='word_1_254' title='bbox 1826 2538 1847 2561; x_wconf 73' lang='grc' dir='ltr'><em>α</em></span> <span class='ocrx_word' id='word_1_255' title='bbox 1869 2517 2058 2588; x_wconf 84' lang='lat' dir='ltr'><strong>quibus</strong></span> <span class='ocrx_word' id='word_1_256' title='bbox 2091 2515 2157 2568; x_wconf 85' lang='grc'><strong>110</strong></span> <span class='ocrx_word' id='word_1_257' title='bbox 2194 2513 2548 2569; x_wconf 85' lang='lat' dir='ltr'><strong>sollicitudine</strong></span> <span class='ocrx_word' id='word_1_258' title='bbox 2581 2533 2672 2566; x_wconf 79' lang='lat' dir='ltr'><strong>sua</strong></span> <span class='ocrx_word' id='word_1_259' title='bbox 2707 2533 2814 2566; x_wconf 87' lang='lat' dir='ltr'><strong>nou</strong></span> 
     </span>
     <span class='ocr_line' id='line_1_44' title="bbox 1827 2596 2441 2662; baseline -0.007 -14"><span class='ocrx_word' id='word_1_260' title='bbox 1827 2620 1849 2642; x_wconf 74' lang='grc' dir='ltr'>ι</span> <span class='ocrx_word' id='word_1_261' title='bbox 1871 2600 2211 2662; x_wconf 83' lang='lat' dir='ltr'><strong>renunciant,</strong></span> <span class='ocrx_word' id='word_1_262' title='bbox 2238 2596 2397 2647; x_wconf 85' lang='lat' dir='ltr'><strong>oculi.</strong></span> <span class='ocrx_word' id='word_1_263' title='bbox 2421 2621 2441 2643; x_wconf 71' lang='lat' dir='ltr'>a</span> 
     </span>
    </p>

    <p class='ocr_par' dir='ltr' id='par_1_8' title="bbox 1819 2672 2819 3683">
     <span class='ocr_line' id='line_1_45' title="bbox 1897 2672 2817 2744; baseline -0.004 -18"><span class='ocrx_word' id='word_1_264' title='bbox 1897 2693 1942 2726; x_wconf 82' lang='lat'><strong>2.</strong></span> <span class='ocrx_word' id='word_1_265' title='bbox 1959 2674 2158 2726; x_wconf 77' lang='lat' dir='ltr'><strong>Deinde</strong></span> <span class='ocrx_word' id='word_1_266' title='bbox 2175 2675 2257 2725; x_wconf 81' lang='lat' dir='ltr'><strong>cui</strong></span> <span class='ocrx_word' id='word_1_267' title='bbox 2277 2692 2492 2725; x_wconf 80' lang='lat' dir='ltr'><strong>manum</strong></span> <span class='ocrx_word' id='word_1_268' title='bbox 2508 2672 2734 2744; x_wconf 67' lang='lat' dir='ltr'><strong>porriget</strong></span> <span class='ocrx_word' id='word_1_269' title='bbox 2749 2690 2817 2723; x_wconf 74' lang='lat' dir='ltr'><strong>se-</strong></span> 
     </span>
     <span class='ocr_line' id='line_1_46' title="bbox 1819 2749 2817 2819; baseline 0 -16"><span class='ocrx_word' id='word_1_270' title='bbox 1819 2755 2007 2819; x_wconf 75' lang='lat' dir='ltr'><strong>curior,</strong></span> <span class='ocrx_word' id='word_1_271' title='bbox 2031 2767 2129 2803; x_wconf 85' lang='lat' dir='ltr'><strong>etc.</strong></span> <span class='ocrx_word' id='word_1_272' title='bbox 2158 2755 2271 2804; x_wconf 81' lang='lat' dir='ltr'><strong>Hoc</strong></span> <span class='ocrx_word' id='word_1_273' title='bbox 2295 2752 2477 2802; x_wconf 77' lang='lat' dir='ltr'><strong>deinde</strong></span> <span class='ocrx_word' id='word_1_274' title='bbox 2500 2765 2577 2802; x_wconf 87' lang='lat' dir='ltr'><strong>est</strong></span> <span class='ocrx_word' id='word_1_275' title='bbox 2598 2749 2817 2803; x_wconf 85' lang='lat' dir='ltr'><strong>conclu-</strong></span> 
     </span>
     <span class='ocr_line' id='line_1_47' title="bbox 1821 2827 2817 2895; baseline -0.001 -15"><span class='ocrx_word' id='word_1_276' title='bbox 1821 2829 1990 2882; x_wconf 84' lang='lat' dir='ltr'><strong>dentis</strong></span> <span class='ocrx_word' id='word_1_277' title='bbox 2006 2867 2023 2895; x_wconf 92' lang='lat'><strong>,</strong></span> <span class='ocrx_word' id='word_1_278' title='bbox 2049 2830 2140 2882; x_wconf 88' lang='lat' dir='ltr'><strong>sed</strong></span> <span class='ocrx_word' id='word_1_279' title='bbox 2162 2831 2231 2881; x_wconf 82' lang='lat' dir='ltr'><strong>ita</strong></span> <span class='ocrx_word' id='word_1_280' title='bbox 2246 2867 2264 2894; x_wconf 90' lang='lat'><strong>,</strong></span> <span class='ocrx_word' id='word_1_281' title='bbox 2287 2845 2345 2881; x_wconf 88' lang='lat' dir='ltr'><strong>ut</strong></span> <span class='ocrx_word' id='word_1_282' title='bbox 2371 2828 2695 2881; x_wconf 70' lang='lat' dir='ltr'><strong>adversarius</strong></span> <span class='ocrx_word' id='word_1_283' title='bbox 2720 2827 2817 2879; x_wconf 84' lang='lat' dir='ltr'><strong>de-</strong></span> 
     </span>
     <span class='ocr_line' id='line_1_48' title="bbox 1820 2907 2815 2973; baseline -0.003 -11"><span class='ocrx_word' id='word_1_284' title='bbox 1820 2910 2044 2970; x_wconf 76' lang='lat' dir='ltr'><strong>ducatur</strong></span> <span class='ocrx_word' id='word_1_285' title='bbox 2079 2909 2146 2962; x_wconf 85' lang='lat' dir='ltr'><strong>ad</strong></span> <span class='ocrx_word' id='word_1_286' title='bbox 2178 2909 2439 2973; x_wconf 82' lang='lat' dir='ltr'><strong>absurda,</strong></span> <span class='ocrx_word' id='word_1_287' title='bbox 2470 2922 2529 2961; x_wconf 90' lang='lat' dir='ltr'><strong>ut</strong></span> <span class='ocrx_word' id='word_1_288' title='bbox 2557 2908 2664 2959; x_wconf 90' lang='lat' dir='ltr'><strong>hoc</strong></span> <span class='ocrx_word' id='word_1_289' title='bbox 2695 2907 2815 2960; x_wconf 90' lang='grc'>1000</span> 
     </span>
     <span class='ocr_line' id='line_1_49' title="bbox 1822 2988 2815 3061; baseline -0.001 -19"><span class='ocrx_word' id='word_1_290' title='bbox 1822 2995 1971 3061; x_wconf 85' lang='lat' dir='ltr'><strong>cujus</strong></span> <span class='ocrx_word' id='word_1_291' title='bbox 2009 3010 2194 3043; x_wconf 85' lang='grc'>30113113</span> <span class='ocrx_word' id='word_1_292' title='bbox 2235 3003 2342 3043; x_wconf 85' lang='lat' dir='ltr'><strong>est:</strong></span> <span class='ocrx_word' id='word_1_293' title='bbox 2385 2988 2437 3041; x_wconf 79' lang='lat' dir='ltr'><strong>Si</strong></span> <span class='ocrx_word' id='word_1_294' title='bbox 2474 2991 2614 3059; x_wconf 74' lang='lat' dir='ltr'><strong>patri</strong></span> <span class='ocrx_word' id='word_1_295' title='bbox 2649 3008 2815 3041; x_wconf 78' lang='lat' dir='ltr'><strong>coecus</strong></span> 
     </span>
     <span class='ocr_line' id='line_1_50' title="bbox 1821 3070 2815 3141; baseline -0.003 -17"><span class='ocrx_word' id='word_1_296' title='bbox 1821 3073 2145 3124; x_wconf 83' lang='lat' dir='ltr'><strong>securissime</strong></span> <span class='ocrx_word' id='word_1_297' title='bbox 2167 3090 2382 3123; x_wconf 84' lang='lat' dir='ltr'><strong>manum</strong></span> <span class='ocrx_word' id='word_1_298' title='bbox 2406 3072 2696 3141; x_wconf 66' lang='lat' dir='ltr'><strong>porrigere,</strong></span> <span class='ocrx_word' id='word_1_299' title='bbox 2715 3070 2815 3122; x_wconf 87' lang='lat' dir='ltr'><strong>illis</strong></span> 
     </span>
     <span class='ocr_line' id='line_1_51' title="bbox 1820 3149 2816 3202; baseline -0.001 -1"><span class='ocrx_word' id='word_1_300' title='bbox 1820 3150 2049 3202; x_wconf 87' lang='lat' dir='ltr'><strong>humeris</strong></span> <span class='ocrx_word' id='word_1_301' title='bbox 2084 3149 2396 3200; x_wconf 84' lang='lat' dir='ltr'><strong>levissimum</strong></span> <span class='ocrx_word' id='word_1_302' title='bbox 2430 3150 2648 3200; x_wconf 78' lang='lat' dir='ltr'><strong>caritate</strong></span> <span class='ocrx_word' id='word_1_303' title='bbox 2680 3166 2816 3200; x_wconf 79' lang='lat' dir='ltr'><strong>onus</strong></span> 
     </span>
     <span class='ocr_line' id='line_1_52' title="bbox 1823 3227 2819 3300; baseline 0 -20"><span class='ocrx_word' id='word_1_304' title='bbox 1823 3229 2149 3292; x_wconf 83' lang='lat' dir='ltr'><strong>incumbere,</strong></span> <span class='ocrx_word' id='word_1_305' title='bbox 2171 3227 2401 3300; x_wconf 85' lang='lat' dir='ltr'><strong>denique</strong></span> <span class='ocrx_word' id='word_1_306' title='bbox 2421 3227 2557 3279; x_wconf 86' lang='lat' dir='ltr'><strong>illius</strong></span> <span class='ocrx_word' id='word_1_307' title='bbox 2582 3246 2819 3280; x_wconf 81' lang='lat' dir='ltr'><strong>reveren-</strong></span> 
     </span>
     <span class='ocr_line' id='line_1_53' title="bbox 1823 3306 2816 3375; baseline -0.003 -15"><span class='ocrx_word' id='word_1_308' title='bbox 1823 3310 1893 3360; x_wconf 83' lang='lat' dir='ltr'><strong>tia</strong></span> <span class='ocrx_word' id='word_1_309' title='bbox 1935 3307 2179 3360; x_wconf 73' lang='lat' dir='ltr'><strong>adversus</strong></span> <span class='ocrx_word' id='word_1_310' title='bbox 2221 3306 2565 3358; x_wconf 81' lang='lat' dir='ltr'><strong>contumelias</strong></span> <span class='ocrx_word' id='word_1_311' title='bbox 2597 3320 2648 3357; x_wconf 86' lang='lat' dir='ltr'><strong>et</strong></span> <span class='ocrx_word' id='word_1_312' title='bbox 2681 3308 2816 3375; x_wconf 84' lang='lat' dir='ltr'><strong>inju-</strong></span> 
     </span>
     <span class='ocr_line' id='line_1_54' title="bbox 1821 3384 2815 3455; baseline -0.003 -19"><span class='ocrx_word' id='word_1_313' title='bbox 1821 3387 1924 3450; x_wconf 69' lang='lat' dir='ltr'><strong>rias</strong></span> <span class='ocrx_word' id='word_1_314' title='bbox 1958 3387 2242 3438; x_wconf 81' lang='lat' dir='ltr'><strong>tutissimus</strong></span> <span class='ocrx_word' id='word_1_315' title='bbox 2290 3401 2401 3435; x_wconf 86' lang='lat' dir='ltr'><strong>esse</strong></span> <span class='ocrx_word' id='word_1_316' title='bbox 2447 3384 2648 3455; x_wconf 87' lang='lat' dir='ltr'><strong>potuit;</strong></span> <span class='ocrx_word' id='word_1_317' title='bbox 2689 3402 2815 3453; x_wconf 74' lang='lat' dir='ltr'><strong>ergo</strong></span> 
     </span>
     <span class='ocr_line' id='line_1_55' title="bbox 1825 3465 2817 3534; baseline -0.003 -16"><span class='ocrx_word' id='word_1_318' title='bbox 1825 3465 2112 3518; x_wconf 78' lang='lat' dir='ltr'><strong>absurdum</strong></span> <span class='ocrx_word' id='word_1_319' title='bbox 2133 3466 2304 3530; x_wconf 87' lang='lat' dir='ltr'><strong>dictu,</strong></span> <span class='ocrx_word' id='word_1_320' title='bbox 2327 3466 2547 3516; x_wconf 81' lang='lat' dir='ltr'><strong>maxime</strong></span> <span class='ocrx_word' id='word_1_321' title='bbox 2579 3465 2623 3517; x_wconf 83' lang='lat' dir='ltr'><strong>si</strong></span> <span class='ocrx_word' id='word_1_322' title='bbox 2657 3482 2817 3534; x_wconf 84' lang='lat' dir='ltr'><strong>repu-</strong></span> 
     </span>
     <span class='ocr_line' id='line_1_56' title="bbox 1825 3541 2816 3615; baseline -0.002 -20"><span class='ocrx_word' id='word_1_323' title='bbox 1825 3558 2001 3597; x_wconf 82' lang='lat' dir='ltr'><strong>tentur</strong></span> <span class='ocrx_word' id='word_1_324' title='bbox 2034 3545 2204 3596; x_wconf 86' lang='lat' dir='ltr'><strong>auimo</strong></span> <span class='ocrx_word' id='word_1_325' title='bbox 2239 3562 2351 3615; x_wconf 76' lang='lat' dir='ltr'><strong>quoe</strong></span> <span class='ocrx_word' id='word_1_326' title='bbox 2387 3541 2717 3614; x_wconf 63' lang='lat' dir='ltr'><strong>precedunt,</strong></span> <span class='ocrx_word' id='word_1_327' title='bbox 2748 3541 2816 3593; x_wconf 67' lang='lat' dir='ltr'><strong>ab</strong></span> 
     </span>
     <span class='ocr_line' id='line_1_57' title="bbox 1823 3623 2778 3683; baseline -0.004 -9"><span class='ocrx_word' id='word_1_328' title='bbox 1823 3623 2019 3674; x_wconf 83' lang='lat' dir='ltr'><strong>infelici</strong></span> <span class='ocrx_word' id='word_1_329' title='bbox 2042 3642 2178 3674; x_wconf 79' lang='lat' dir='ltr'><strong>caeco</strong></span> <span class='ocrx_word' id='word_1_330' title='bbox 2203 3623 2436 3673; x_wconf 86' lang='lat' dir='ltr'><strong>occisum</strong></span> <span class='ocrx_word' id='word_1_331' title='bbox 2455 3638 2594 3683; x_wconf 84' lang='lat' dir='ltr'><strong>esse,</strong></span> <span class='ocrx_word' id='word_1_332' title='bbox 2617 3633 2719 3671; x_wconf 85' lang='lat' dir='ltr'><strong>etc.</strong></span> <span class='ocrx_word' id='word_1_333' title='bbox 2766 3670 2778 3682; x_wconf 74' lang='lat'>‚</span> 
     </span>
    </p>

    <p class='ocr_par' dir='ltr' id='par_1_9' title="bbox 1814 3696 2830 4247">
     <span class='ocr_line' id='line_1_58' title="bbox 1895 3696 2816 3760; baseline -0.003 -7"><span class='ocrx_word' id='word_1_334' title='bbox 1895 3702 1942 3753; x_wconf 84' lang='lat'><strong>3.</strong></span> <span class='ocrx_word' id='word_1_335' title='bbox 1962 3700 2318 3753; x_wconf 77' lang='lat' dir='ltr'><strong>Calamitatem</strong></span> <span class='ocrx_word' id='word_1_336' title='bbox 2334 3698 2628 3750; x_wconf 77' lang='lat' dir='ltr'><strong>obnoxiam.</strong></span> <span class='ocrx_word' id='word_1_337' title='bbox 2645 3696 2707 3748; x_wconf 83' lang='lat' dir='ltr'><strong>td</strong></span> <span class='ocrx_word' id='word_1_338' title='bbox 2720 3709 2816 3760; x_wconf 82' lang='lat' dir='ltr'><strong>est,</strong></span> 
     </span>
     <span class='ocr_line' id='line_1_59' title="bbox 1826 3775 2818 3853; baseline -0.005 -21"><span class='ocrx_word' id='word_1_339' title='bbox 1826 3794 1885 3832; x_wconf 89' lang='lat' dir='ltr'><strong>ut</strong></span> <span class='ocrx_word' id='word_1_340' title='bbox 1916 3783 2078 3853; x_wconf 87' lang='lat' dir='ltr'><strong>ipsius</strong></span> <span class='ocrx_word' id='word_1_341' title='bbox 2112 3783 2338 3833; x_wconf 86' lang='lat' dir='ltr'><strong>auctoris</strong></span> <span class='ocrx_word' id='word_1_342' title='bbox 2364 3778 2535 3830; x_wconf 80' lang='lat' dir='ltr'><strong>verbis</strong></span> <span class='ocrx_word' id='word_1_343' title='bbox 2561 3776 2705 3830; x_wconf 79' lang='lat' dir='ltr'><strong>hune</strong></span> <span class='ocrx_word' id='word_1_344' title='bbox 2735 3775 2818 3828; x_wconf 87' lang='lat' dir='ltr'><strong>lo·</strong></span> 
     </span>
     <span class='ocr_line' id='line_1_60' title="bbox 1824 3858 2814 3934; baseline -0.005 -20"><span class='ocrx_word' id='word_1_345' title='bbox 1824 3882 1945 3914; x_wconf 87' lang='lat' dir='ltr'><strong>cum</strong></span> <span class='ocrx_word' id='word_1_346' title='bbox 1968 3863 2191 3934; x_wconf 81' lang='lat' dir='ltr'><strong>explices</strong></span> <span class='ocrx_word' id='word_1_347' title='bbox 2214 3863 2350 3913; x_wconf 84' lang='lat' dir='ltr'><strong>infra</strong></span> <span class='ocrx_word' id='word_1_348' title='bbox 2373 3860 2472 3911; x_wconf 83' lang='lat' dir='ltr'><strong>hac</strong></span> <span class='ocrx_word' id='word_1_349' title='bbox 2496 3858 2814 3911; x_wconf 76' lang='lat' dir='ltr'><strong>Declamat.:</strong></span> 
     </span>
     <span class='ocr_line' id='line_1_61' title="bbox 1829 3940 2819 4013; baseline -0.006 -18"><span class='ocrx_word' id='word_1_350' title='bbox 1829 3941 2163 3995; x_wconf 78' lang='lat' dir='ltr'><strong>Contumelioe</strong></span> <span class='ocrx_word' id='word_1_351' title='bbox 2197 3954 2575 4013; x_wconf 80' lang='lat' dir='ltr'><strong>opportunam,</strong></span> <span class='ocrx_word' id='word_1_352' title='bbox 2618 3940 2819 4011; x_wconf 73' lang='lat' dir='ltr'><strong>injuria·</strong></span> 
     </span>
     <span class='ocr_line' id='line_1_62' title="bbox 1814 4017 2830 4093; baseline -0.004 -21"><span class='ocrx_word' id='word_1_353' title='bbox 1814 4021 2054 4092; x_wconf 81' lang='lat' dir='ltr'><strong>facilem.</strong></span> <span class='ocrx_word' id='word_1_354' title='bbox 2093 4024 2207 4072; x_wconf 82' lang='lat' dir='ltr'><strong>Hoc</strong></span> <span class='ocrx_word' id='word_1_355' title='bbox 2245 4020 2367 4072; x_wconf 80' lang='lat' dir='ltr'><strong>inde</strong></span> <span class='ocrx_word' id='word_1_356' title='bbox 2404 4018 2550 4093; x_wconf 77' lang='lat' dir='ltr'><strong>quod</strong></span> <span class='ocrx_word' id='word_1_357' title='bbox 2584 4018 2677 4090; x_wconf 84' lang='lat' dir='ltr'><strong>qui</strong></span> <span class='ocrx_word' id='word_1_358' title='bbox 2708 4017 2830 4070; x_wconf 70' lang='lat' dir='ltr'><strong>aliia.</strong></span> 
     </span>
     <span class='ocr_line' id='line_1_63' title="bbox 1828 4094 2821 4167; baseline -0.004 -18"><span class='ocrx_word' id='word_1_359' title='bbox 1828 4099 2066 4164; x_wconf 81' lang='lat' dir='ltr'><strong>obnoxii,</strong></span> <span class='ocrx_word' id='word_1_360' title='bbox 2082 4101 2188 4150; x_wconf 86' lang='lat' dir='ltr'><strong>sive</strong></span> <span class='ocrx_word' id='word_1_361' title='bbox 2207 4097 2416 4149; x_wconf 82' lang='lat' dir='ltr'><strong>illorum</strong></span> <span class='ocrx_word' id='word_1_362' title='bbox 2435 4098 2686 4167; x_wconf 74' lang='lat' dir='ltr'><strong>potestati</strong></span> <span class='ocrx_word' id='word_1_363' title='bbox 2701 4094 2821 4146; x_wconf 85' lang='lat' dir='ltr'><strong>sub-</strong></span> 
     </span>
     <span class='ocr_line' id='line_1_64' title="bbox 1819 4174 2820 4247; baseline -0.003 -19"><span class='ocrx_word' id='word_1_364' title='bbox 1819 4178 1979 4247; x_wconf 88' lang='lat' dir='ltr'><strong>jecti,</strong></span> <span class='ocrx_word' id='word_1_365' title='bbox 2011 4195 2227 4230; x_wconf 83' lang='lat' dir='ltr'><strong>suorum</strong></span> <span class='ocrx_word' id='word_1_366' title='bbox 2254 4189 2545 4230; x_wconf 77' lang='lat' dir='ltr'><strong>metuentes</strong></span> <span class='ocrx_word' id='word_1_367' title='bbox 2573 4174 2820 4228; x_wconf 68' lang='lat' dir='ltr'><strong>invidiam</strong></span> 
     </span>
    </p>
   </div>
  </div>
 </body>
</html>
