3200 5117
708 533 785 615 76
1211 531 1300 593 M.
1352 531 1594 593 FABII
1643 529 2278 612 QUINTILIANI

702 678 842 723 non
870 652 1025 723 licet
1055 650 1265 722 mori:
1302 677 1441 721 non
1478 650 1660 722 solus
1706 651 2233 722 mathematicus
2262 648 2493 721 seculo
2521 671 2786 748 tempo-

701 768 1063 865 ribusque¹
1106 766 1415 864 praedixit
1452 767 1573 838 has
1613 794 1898 854 manus,
1933 766 2053 838 sed
2084 786 2151 837 et
2183 792 2310 864 ego
2349 792 2464 837 me
2507 766 2782 863 parrici-

700 881 897 952 dium
953 882 1154 952 credo
1200 882 1582 952 facturum:
1636 881 1793 980 plus
1823 909 2037 978 quam
2079 907 2522 979 responsum,
2571 908 2785 979 quam

700 1024 905 1069 sacrae
931 999 1086 1069 artis
1104 1012 1128 1042 ²
1156 999 1568 1096 praesagium
1590 1054 1610 1087 ,
1647 998 1834 1071 triste
1860 1021 1988 1087 est,
2020 998 2209 1096 quod
2239 997 2414 1069 mihi
2438 998 2530 1069 sic
2553 997 2784 1068 mina-

700 1135 810 1185 tur
851 1113 1129 1182 animus
1170 1139 1389 1183 meus.
1415 1114 1572 1183 Non
1599 1111 1823 1182 habeo
1845 1111 2117 1201 infelix,
2151 1112 2222 1181 in
2255 1111 2784 1209 cogitationibus

699 1227 906 1317 meiS,
941 1227 1127 1297 unde
1163 1254 1305 1297 non
1335 1227 1622 1298 timeam
1642 1259 1659 1315 3
1701 1249 1766 1297 et
1792 1227 2100 1315 facinuS,
2131 1225 2320 1323 quod
2350 1226 2478 1296 sibi
2512 1253 2636 1325 pro
2670 1253 2783 1297 me

699 1342 909 1440 pietas
944 1342 1152 1440 patris
1176 1399 1194 1431 ,
1231 1341 1560 1439 quodque
1604 1340 2038 1438 singulorum
2071 1339 2468 1410 innocentia
2504 1338 2531 1382 3
2554 1360 2782 1438 rogat,

699 1458 949 1546 sentio,
1002 1458 1260 1557 patior,
1311 1484 1632 1555 agnosco.
1678 1460 1780 1527 Ne
1832 1456 1988 1553 quis
2036 1482 2150 1527 me
2197 1476 2431 1526 tamen
2468 1454 2783 1527 laborare

698 1593 895 1670 putet
945 1573 1209 1644 miserae
1253 1572 1715 1672 persuasionis
1763 1596 2026 1658 errore,
2088 1570 2408 1669 accipite,
2465 1598 2589 1643 cur
2637 1597 2781 1641 non

695 1689 954 1786 possim
990 1689 1300 1760 dubitare
1332 1689 1416 1759 de
1448 1690 1586 1760 fato
1616 1715 1629 1758 ε
1666 1687 2115 1786 parricidium
2161 1685 2376 1758 credit
2399 1687 2520 1785 qui
2555 1689 2782 1759 factu-

696 1829 811 1874 rus
841 1823 972 1891 est;
1018 1831 1160 1874 non
1196 1805 1426 1892 timet,
1459 1803 1578 1902 qui
1608 1803 1955 1900 periturus
1984 1823 2104 1872 est.

792 1919 875 1987 11.
926 1920 1104 1989 Ante
1149 1918 1390 1988 omnia
1435 1918 1647 2014 igitur
1676 1945 1713 1986 a
1753 1916 2085 2013 gravitate
2132 1913 2411 2013 publica
2448 1935 2646 2015 peto⁷
2690 1942 2779 1987 ne

693 2058 816 2130 pro
848 2053 992 2105 tota
1030 2032 1424 2105 innocentia
1456 2057 1611 2103 mea
1643 2031 1943 2102 contenti
1988 2032 2135 2103 sitis
2177 2032 2347 2120 hoc,
2398 2031 2586 2130 quod
2626 2031 2780 2104 volo

694 2146 872 2216 mori
903 2175 917 2216 :
955 2173 1083 2217 nec
1112 2147 1273 2245 quia
1307 2144 1541 2216 videor
1574 2143 1988 2217 contendere
2039 2173 2200 2217 cum
2253 2145 2776 2234 mathematice,

691 2260 963 2333 vincere
996 2262 1460 2351 necessitateS,
1497 2287 1890 2359 expugnare
1922 2263 2177 2351 fatum,
2211 2260 2365 2332 ideo
2397 2260 2568 2331 mihi
2603 2261 2779 2331 bene

694 2376 875 2447 credi
905 2378 1155 2474 putetis
1186 2398 1251 2448 et
1275 2377 1484 2447 vitam
1513 2404 1526 2445 :
1560 2376 1753 2446 aliud
1784 2397 1917 2463 est,
1939 2376 2211 2447 facinus
2233 2402 2375 2447 non
2402 2402 2544 2446 esse
2565 2376 2781 2446 factu-

694 2518 886 2579 rum;
923 2492 1110 2601 aliud
1146 2493 1323 2564 mori
1354 2493 1566 2582 velle,
1605 2519 1691 2564 ne
1731 2493 1960 2563 facias.
1995 2492 2189 2582 Quin
2230 2492 2486 2580 imme,
2536 2492 2590 2561 si
2639 2519 2779 2590 qua

695 2624 793 2673 est
825 2604 1026 2694 fides,
1059 2606 1188 2677 hoc
1224 2606 1412 2704 quod
1444 2632 1561 2676 vos
1590 2605 2049 2677 constantiam
2090 2606 2378 2705 putam,
2415 2606 2777 2677 infirmitas

693 2739 822 2789 est:
848 2719 1035 2817 quod
1062 2722 1149 2791 ad
1173 2749 1498 2821 suprema
1527 2721 1886 2819 confugio,
1915 2722 2234 2793 animum
2273 2747 2515 2791 meum
2543 2720 2773 2793 ‘movit

691 2882 811 2934 fiam
842 2884 1105 2954 parricida
1122 2925 1138 2953 ‚
1171 2885 1297 2938 dum
1326 2901 1509 2939 contra
1536 2885 1690 2956 jubet
1774 2885 1945 2955 quein
1963 2898 2225 2954 potestate
2246 2902 2358 2935 esse
2385 2900 2492 2933 non
2515 2879 2776 2946 occidere,

689 2963 856 3013 fatum
875 2982 958 3015 me
976 2966 1147 3017 vivere
1166 2965 1221 3017 in
1242 2963 1562 3018 destinatum
1582 2984 1693 3017 sce·
1773 2968 2008 3039 quamvis
2042 2967 2341 3038 praedixerit
2376 2965 2776 3017 mathematico-

690 3041 792 3095 lus.
820 3045 910 3095 En.

769 3144 812 3177 1.
860 3126 1043 3180 See-ulo
1085 3130 1512 3202 temporibusque.
1559 3129 1690 3195 Quae

688 3204 812 3257 hinc
844 3206 1113 3257 infamiam
1151 3220 1273 3257 sunt
1306 3206 1562 3258 subitura.
1593 3207 1695 3258 De-

690 3282 842 3335 clam.
866 3303 925 3354 9:
956 3306 977 3328 n
997 3283 1183 3337 Seculo
1206 3285 1492 3337 maledixit.
1513 3310 1534 3331 ιι

762 3384 809 3417 2.
845 3368 1016 3417 Sacroe
1046 3367 1188 3418 artis.
1222 3365 1425 3416 Laudat
1452 3383 1599 3433 eam,
1637 3380 1695 3417 ut

691 3467 825 3519 saepe
852 3448 987 3499 infra
1001 3485 1017 3513 ‚
1038 3462 1096 3499 ut
1117 3467 1213 3499 suo
1235 3448 1426 3499 serviat
1449 3449 1691 3518 proposi·

689 3542 778 3595 to,
809 3546 921 3600 quae
963 3530 1283 3600 caeteroquin
1321 3527 1566 3580 damnata
1611 3543 1687 3582 est

683 3612 804 3678 jure
842 3606 980 3657 civili
1016 3621 1065 3658 et
1100 3608 1261 3658 sacris
1295 3607 1451 3657 etiam
1483 3605 1686 3659 litteris.

688 3685 819 3737 Vide
837 3685 978 3756 Lips.
995 3687 1048 3737 in
1069 3686 1284 3738 Excurs.
1307 3684 1375 3738 ad
1394 3688 1562 3738 Tacit.
1580 3688 1689 3738 An-

688 3763 794 3815 nal.
820 3765 894 3828 11,
919 3764 1005 3816 32.

759 3845 808 3896 3.
839 3841 1175 3915 Singulorum
1201 3843 1493 3895 innocentia
1522 3857 1686 3916 roqat.

688 3925 883 3979 Sensus
903 3939 1012 3978 est:
1035 3925 1402 3991 Parricidium,
1424 3926 1567 3998 quod
1587 3927 1689 3979 sibi

685 4021 786 4075 pro
826 4022 909 4056 me
951 4018 1102 4074 optat
1144 4017 1320 4075 pater,
1363 4019 1441 4057 est
1482 4019 1688 4057 tantum

686 4101 877 4153 nempe
895 4081 1204 4153 praedictum
1221 4121 1236 4148 ‚
1257 4081 1497 4135 nondum
1515 4097 1689 4155 patra-

687 4174 832 4223 tum3
859 4161 983 4233 qnia
1011 4178 1111 4231 pro
1145 4176 1293 4214 certo
1328 4162 1553 4214 credunt
1581 4162 1687 4213 hoc

685 4242 884 4296 factum
906 4262 963 4297 se
980 4242 1137 4295 facile
1159 4242 1546 4312 declinaturos,
1566 4263 1685 4299 sua-

1772 3064 1889 3096 rum
1915 3064 2011 3097 seu
2035 3044 2366 3096 hariolorum
2391 3043 2578 3114 aliquis
2596 3081 2611 3108 ‚
2637 3060 2776 3113 quo-

1771 3147 1887 3179 rum
1929 3128 2213 3178 vanissima
2256 3140 2333 3177 est
2372 3125 2604 3177 scientia.
2649 3122 2774 3174 Ideo

1775 3204 2104 3274 singulorum
2131 3204 2490 3256 innocentiam
2516 3220 2680 3273 quum
2703 3199 2777 3252 di-

1775 3289 1845 3338 cit
1862 3324 1878 3353 ‚
1913 3286 2158 3356 intelligit
2185 3288 2315 3338 istos
2346 3303 2489 3336 nunc
2511 3303 2608 3335 nec
2632 3286 2743 3335 fato
2759 3322 2777 3349 ‚

1774 3385 1872 3418 nec
1892 3367 2115 3420 consilio
2137 3380 2226 3419 aut
2246 3369 2567 3437 cogitatione
2586 3384 2779 3417 nocen-

1770 3461 1848 3500 tes
1868 3467 2011 3514 esse‚
2034 3461 2090 3498 ut
2111 3451 2224 3519 ipse
2245 3448 2340 3512 sit,
2366 3464 2465 3497 nec
2488 3459 2777 3516 propterea

1771 3529 1916 3581 malae
1942 3531 2278 3581 conscientiae
2300 3529 2541 3579 cruciatu
2567 3527 2742 3595 urgeri
2758 3565 2775 3592 ‚

1769 3607 1894 3658 inde
1923 3609 2165 3672 evenire,
2192 3605 2338 3677 quod
2369 3607 2441 3657 ita
2472 3620 2665 3657 temere
2690 3607 2775 3673 ju·

1771 3688 1968 3741 dicant.
1985 3690 2182 3740 Votum
2201 3686 2409 3739 videtur
2428 3687 2620 3752 fuisse,
2640 3686 2778 3739 simi-

1767 3768 1815 3822 le
1837 3770 1936 3821 sibi
1954 3772 2123 3822 fatum
2142 3789 2256 3823 esse
2269 3809 2284 3835 .‚
2304 3771 2374 3821 ita
2393 3768 2620 3838 gloriam
2630 3766 2777 3819 hand

1768 3846 1983 3900 dubiam
2013 3845 2296 3913 habituro,
2329 3860 2380 3899 et
2415 3847 2588 3900 scelus
2619 3845 2773 3898 facile

1769 3927 2115 3980 declinatur-0.
2138 3931 2297 3980 Forte
2315 3946 2415 4000 pro
2438 3942 2584 4003 nogat
2600 3928 2774 3998 legen-

1771 4009 1898 4062 dnm
1921 4021 2093 4081 negat.

1839 4093 1888 4158 4.
1910 4091 2167 4143 Animum
2191 4109 2360 4144 menam
2388 4092 2525 4142 novi.
2553 4087 2769 4139 Planum

1768 4183 1871 4221 est:
1895 4168 1963 4221 ad
1983 4184 2205 4222 mortem
2224 4170 2507 4239 confugiQ
2524 4167 2648 4238 qnia
2664 4165 2771 4217 ani·

1765 4266 1908 4300 mum
1930 4266 2106 4300 meum
2129 4249 2280 4316 novi,
2304 4248 2396 4319 qui
2419 4245 2576 4313 mihi,
2598 4257 2659 4297 ut
2682 4261 2773 4298 su·
