3200 5117
813 579 938 644 27⁰
1315 555 1403 614 M.
1457 553 1704 614 FABll
1752 550 2395 631 QUINTILIANI

812 699 958 750 tant
989 703 1129 746 una
1157 673 1384 772 pudor
1410 693 1477 742 et
1499 672 1754 759 fames;
1788 691 1854 742 et
1876 696 2098 766 quum
2128 670 2341 741 semel
2371 670 2635 742 intrarit
2664 672 2901 770 impo-

816 816 961 865 tens
1009 790 1326 879 domina,
1365 791 1540 859 feras
1584 788 1791 858 etiam
1837 808 1902 858 et
1944 787 2254 883 ingentes
2296 775 2567 858 belluas
2607 788 2897 886 subigit:

815 932 1062 980 terram
1091 907 1457 977 morientes
1483 903 2048 984 momorderunt:
2082 904 2615 1002 memetipsum,
2639 905 2697 976 si
2728 906 2901 977 nihil

811 1025 1051 1095 fuisset
1079 1022 1302 1110 aliud,
1336 1019 1825 1091 comedissem!
1859 1020 1990 1090 Sed
2023 1020 2501 1090 confitendum
2529 1043 2663 1108 est,
2697 1021 2899 1119 legati

815 1139 1192 1211 beneficio¹
1249 1164 1390 1210 non
1441 1136 1681 1206 defuit.
1733 1138 2102 1232 Postquam
2152 1162 2438 1207 omnem
2497 1135 2898 1234 patientiam

811 1255 1060 1326 vicerat
1088 1253 1291 1350 ignea
1319 1253 1539 1323 fames
1562 1307 1579 1338 ,
1610 1271 1974 1348 postquam
2006 1277 2156 1348 spes
2182 1277 2459 1347 quoque
2478 1308 2497 1338 ‚
2531 1277 2681 1346 quae
2706 1251 2901 1322 mise-

816 1371 906 1441 ris
936 1370 1183 1441 ultima
1216 1389 1349 1455 est,
1387 1367 1616 1438 omnis
1650 1366 1909 1436 abierat
1932 1422 1948 1454 ‚
1985 1387 2050 1435 et
2079 1367 2511 1436 frumentum
2542 1366 2737 1436 toties
2764 1364 2893 1436 sibi

812 1485 1061 1555 frustra
1097 1483 1514 1580 promissum
1549 1479 1832 1552 animus
1855 1481 2006 1580 jam
2041 1507 2129 1550 ne
2165 1507 2412 1578 cupere
2448 1480 2733 1576 quidem
2769 1507 2896 1551 au-

815 1599 1052 1687 debat,
1087 1597 1300 1668 subiit
1332 1599 1558 1684 furor,
1595 1617 1663 1667 et
1700 1595 2019 1666 alienatio
2054 1596 2340 1683 mentis,
2376 1618 2442 1666 et
2474 1615 2617 1668 tota
2648 1595 2758 1666 sui
2789 1623 2896 1667 ar-

815 1713 996 1784 bitrii
1028 1715 1243 1784 fames
1269 1715 1443 1783 facta
1473 1733 1602 1784 est:
1637 1713 1913 1783 animus
1939 1713 2142 1782 malis
2171 1713 2571 1810 diriguerat3
2607 1740 2679 1783 os
2712 1712 2900 1783 inso-

816 1829 949 1900 litis
965 1828 1134 1899 cibis
1154 1829 1500 1926 stupebat3
1520 1829 1680 1898 feris
1702 1829 2008 1900 invidere
2029 1829 2384 1926 coepimus.
2409 1831 2639 1900 Primo
2656 1848 2898 1899 tamen

814 1944 1054 2014 furtim
1074 2001 1092 2031 ,
1119 1963 1183 2013 et
1208 1942 1385 2013 intra
1410 1970 1569 2014 suas
1590 1943 1880 2040 quisque
1907 1942 2198 2013 latebras
2221 1943 2502 2014 admisit
2519 1943 2650 2015 hoc
2672 1969 2898 2014 mons-

816 2081 1031 2146 trum3
1069 2079 1135 2130 et
1161 2060 1213 2129 si
1247 2058 1479 2156 paullo
1514 2059 1716 2129 citius
1747 2057 2075 2146 venisse5‚
2112 2059 2433 2155 potuisset
2465 2059 2597 2130 hoc
2630 2057 2891 2156 negari.

814 2173 884 2244 Si
916 2174 1069 2269 quis
1098 2199 1177 2243 ex
1207 2194 1424 2270 strage
1455 2200 1823 2270 corporum
1853 2173 2203 2262 defuerat,
2233 2172 2582 2271 sepultum
2612 2173 2894 2272 putaba-

817 2313 1006 2374 mus;
1044 2313 1170 2356 nec
1206 2308 1440 2356 tamen
1475 2287 1799 2357 indicavit
1841 2287 2249 2383 quisquam,
2285 2313 2409 2358 nec
2444 2285 2898 2384 deprehendit

816 2400 1101 2498 aliquis:
1141 2428 1348 2472 nemo
1386 2423 1460 2472 ut
1491 2402 1621 2473 hoc
1653 2404 1906 2474 faceret
1938 2403 2253 2502 exemplo
2284 2403 2626 2502 impulsus
2657 2423 2788 2491 est3
2823 2427 2892 2473 se

815 2515 1109 2611 quisque
1134 2516 1403 2605 docuit3
1424 2545 1667 2589 omnes
1686 2518 1852 2589 scire
1878 2520 2205 2616 coepimus
2224 2576 2242 2608 ,
2267 2541 2631 2616 postquam
2654 2542 2892 2589 omnes

813 2630 1126 2701 fecimus.
1160 2632 1448 2719 Quoties
1479 2654 1708 2705 tamen
1731 2690 1749 2722 ,
1780 2657 2155 2732 antequam
2190 2633 2607 2732 inciperem,
2640 2635 2709 2705 in
2746 2659 2893 2732 pot-

819 2767 969 2816 turn
996 2748 1266 2818 cucurri
1285 2804 1304 2836 ,
1335 2750 1673 2847 quamdiu
1701 2750 1771 2820 in
1802 2751 2020 2821 altum
2044 2751 2350 2823 intentus
2370 2806 2388 2838 ,
2411 2751 2465 2821 si
2498 2777 2648 2849 quae
2676 2768 2893 2822 essent

817 2861 885 2930 in
909 2885 1279 2960 conspectu
1302 2891 1537 2955 Πᾶνες,
1563 2866 1797 2938 oculos
1818 2867 2140 2965 fatigavi?
2167 2867 2286 2938 tibi
2311 2923 2327 2955 ,
2349 2867 2600 2965 legate,
2620 2888 2894 2961 tempus

815 2976 1086 3049 differre
1116 2979 1312 3051 facile
1343 3002 1474 3070 est,
1502 2983 1622 3080 qui
1657 3005 1853 3055 tuam
1883 3005 2153 3054 tantum
2186 3005 2614 3082 partem-non
2641 2977 2891 3051 vendi-

814 3095 1012 3166 disti:
1052 3117 1123 3167 tu
1155 3124 1368 3193 quem
1401 3097 1658 3171 habeas
1692 3099 1884 3171 diem
1910 3100 2195 3189 videris;
2227 3127 2354 3198 ego
2383 3097 2753 3198 septimum
2777 3120 2894 3166 ex·

816 3224 1160 3306 spectare²
1199 3238 1340 3281 non
1380 3217 1683 3311 possum.

890 3409 933 3444 1.
959 3394 1136 3467 Leqatt'
1161 3393 1419 3467 beneficio.
1442 3398 1626 3464 Forte,
1661 3396 1817 3468 Ieyatt'
1892 3402 2092 3450 ironice
2104 3398 2417 3472 capiendum
2430 3417 2533 3471 pro
2546 3396 2897 3449 scelerosu-

813 3471 1054 3543 benefim'o
1077 3495 1222 3528 mens
1242 3477 1438 3546 defuit,
1471 3479 1619 3547 quia,
1646 3491 1700 3527 ut
1731 3496 1815 3528 se-
1895 3484 2117 3530 tonnus.

815 3550 1010 3621 quitur,
1032 3571 1128 3622 per
1145 3555 1336 3604 funem
1359 3556 1605 3606 alienatio
1627 3558 1815 3607 mentis
1971 3576 2018 3610 2.
2055 3561 2344 3631 Septimum
2377 3571 2678 3632 exp-ocean.
2714 3556 2892 3627 Rupi-

815 3649 1039 3701 sequuta
1068 3646 1174 3698 eat,
1212 3653 1324 3704 quae
1348 3635 1554 3705 impulit
1580 3637 1634 3687 in
1669 3636 1815 3688 cibos
1896 3643 1967 3691 cit
1992 3639 2077 3691 hic
2102 3639 2251 3692 locus
2279 3642 2367 3708 (ut
2396 3654 2448 3691 et
2478 3638 2608 3690 alter
2627 3638 2748 3690 infr.
2774 3653 2887 3708 etp.

811 3709 1095 3765 humanos.
1117 3715 1169 3765 Si
1188 3716 1396 3783 vulgata
1417 3715 1689 3767 retinenda
1710 3731 1816 3782 est,
1907 3719 1998 3770 16:
2035 3741 2057 3763 α
2081 3720 2133 3771 Si
2164 3723 2471 3770 innocentes
2504 3735 2763 3782 encoma,
2793 3733 2890 3789 po·

813 3792 1312 3862 subintelligendum
1351 3809 1460 3863 est,
1503 3816 1611 3848 non
1652 3798 1821 3868 defuit
1904 3822 1926 3845 ι
1946 3799 2129 3871 pulum
2162 3797 2372 3872 'septem
2409 3799 2596 3852 dieb-⁸
2634 3796 2892 3871 perdidit-

811 3870 1125 3923 alt'mentum
1142 3911 1158 3936 ,
1174 3890 1178 3896 ·
1195 3871 1278 3925 vel
1317 3874 1486 3940 cibus,
1523 3873 1720 3927 scilicet
1756 3894 1817 3927 ex
1904 3901 1926 3926 ι
1952 3899 2032 3933 ses
2054 3880 2105 3951 υ)
2124 3882 2187 3933 ad
2207 3881 2537 3934 Medicorum
2555 3882 2889 3952 opinionon,

693 3967 704 3978 ·
812 3952 1184 4019 cadaveribus,
1209 3972 1318 4025 qno
1340 3973 1438 4006 nos
1463 3955 1721 4027 compulit
1742 3958 1820 4008 fu·
1900 3964 1989 4031 qui
2012 3962 2253 4029 tradunt,
2280 3986 2303 4010 ιι
2322 3963 2528 4032 Quibus
2557 3961 2737 4013 inedie
2763 3960 2893 4013 mori

808 4051 926 4096 ror,
954 4053 1052 4106 pei·
1082 4033 1239 4107 legati
1274 4053 1474 4088 moram
1507 4037 1702 4109 (quam
1734 4038 1817 4088 be-
1903 4063 1926 4086 ι
1946 4042 2223 4094 consilium
2266 4055 2372 4105 est,
2417 4043 2639 4113 septimo
2685 4041 2895 4092 dmm

811 4112 1057 4186 aeficium
1095 4130 1281 4184 vocat,
1317 4121 1442 4188 qnia
1475 4136 1583 4168 non
1623 4117 1818 4169 intelli·
1902 4143 1924 4166 ·
1949 4119 2035 4172 die
2049 4134 2268 4173 mortem
2290 4134 2576 4192 oppetere:
2598 4145 2620 4168 a
2642 4115 2775 4169 Gen.
2797 4117 2895 4182 ΠΙ,

811 4193 1011 4263 gabant
1054 4194 1223 4248 scelus
1275 4194 1558 4248 huna-m
1605 4212 1819 4246 earnem
1905 4215 1998 4260 103
2029 4199 2119 4251 sed
2150 4200 2367 4251 Plinius:
2398 4221 2421 4244 ι
2444 4201 2565 4252 Non
2591 4200 2769 4268 utique
2790 4196 2897 4245 ho—

812 4276 1123 4347 pucentes)
1155 4278 1406 4348 injectum
1445 4276 1531 4330 vel
1571 4274 1819 4349 beneficio
1904 4298 1926 4324 α
1947 4280 2074 4330 mini
2090 4277 2248 4332 letale
2271 4296 2384 4332 esse
2405 4301 2427 4327 n
2456 4276 2660 4342 scribit,
2688 4298 2711 4328 a
2729 4274 2896 4347 nepti-
