3200 5117
744 565 1378 637 DECLAMATm
1414 543 1518 629 Π.
1567 561 1754 628 pao
1797 560 2086 628 cffico.
2373 557 2458 642 45

368 692 631 766 oculos,
655 696 806 765 Hoc
831 720 945 764 me
965 717 1156 764 nuuc
1183 687 1439 789 putatis
1462 708 1770 785 stupere,
1791 683 2062 774 mirari,
2084 681 2273 782 quod
2292 679 2460 755 huic

365 811 645 911 juvenis
671 809 863 882 oneri
885 836 1007 909 per
1036 808 1303 880 medios
1323 803 1597 905 ignium
1620 802 1859 898 globos
1888 820 1959 873 et
1984 800 2260 872 ruentia
2284 819 2462 871 tecta

377 925 690 998 suffecit?
710 923 883 996 illud
914 944 1018 995 est
1042 923 1153 994 cui
1170 921 1279 991 vix
1298 918 1555 993 habere
1574 915 1789 1016 possit
1808 914 2188 986 mortalitas
2210 911 2458 992 fidem?

375 1038 559 1110 visus
587 1060 688 1111 est
717 1038 851 1109 sibi
879 1037 1118 1110 fecisse
1151 1062 1301 1107 rem
1328 1033 1630 1105 facilem.
1668 1032 1981 1120 Quanta,
2016 1028 2113 1099 dii
2144 1027 2460 1123 deaeque,

373 1151 979 1254 pietatis-audacia
1010 1171 1147 1240 est,
1181 1151 1277 1222 ire
1314 1175 1509 1220 rusus
1543 1147 1618 1216 in
1653 1145 2001 1233 flammas,
2038 1142 2160 1214 illo
2193 1141 2314 1213 ubi
2349 1167 2463 1240 pa·

376 1290 553 1341 trem
600 1295 797 1367 paene
836 1264 1262 1365 perdideris?
1287 1263 1440 1363 jam
1482 1289 1628 1333 non
1676 1279 1817 1332 erat
1856 1259 2027 1331 illud
2063 1256 2461 1356 penetrale3

368 1384 523 1485 jam
563 1411 708 1455 non
743 1403 888 1455 erat
920 1383 1209 1468 domus;
1250 1379 1510 1475 ubique
1550 1397 1782 1447 tamen
1815 1372 2059 1477 juveni
2106 1370 2466 1442 videbatur

378 1499 617 1600 ardere
657 1520 912 1570 mater:
942 1497 1090 1596 jam
1132 1496 1341 1567 miser
1378 1491 1690 1589 undique
1731 1480 2187 1588 flagrantibus
2229 1511 2463 1557 mem-

368 1614 563 1705 bris,
583 1641 806 1713 quum
837 1613 1335 1685 discurrentem
1385 1608 1728 1680 clausisset
1756 1604 1973 1702 ignis,
2018 1601 2207 1700 quod
2236 1599 2462 1672 solum

374 1749 733 1827 supererat
762 1727 1014 1798 virium
1050 1750 1300 1823 genus,
1336 1743 1633 1794 matrem
1668 1716 2017 1815 quaerebat
2049 1713 2286 1787 oculis.

479 1844 736 1914 XXIV.
764 1845 922 1914 Non
942 1841 1077 1914 fuit
1096 1839 1269 1911 illud
1293 1838 1598 1938 primum
1624 1833 1932 1931 ignium,
1957 1829 2173 1930 perire
2199 1826 2470 1898 lumina

384 1958 825 2045 candentia¹3
862 1983 1005 2027 non
1052 1971 1493 2055 protexerunt
1536 1947 1943 2045 flagrantem
1989 1969 2115 2014 sua
2150 1940 2468 2011 membra

383 2072 677 2163 faciem,
707 2093 774 2143 et
814 2064 1507 2165 oculi-quaerentibus
1557 2079 1855 2132 matrem
1902 2054 2235 2128 manibus
2283 2077 2469 2123 arse-

387 2208 591 2259 runt:
628 2213 866 2259 rursus
896 2184 1135 2257 infelix
1162 2181 1385 2255 totum
1415 2197 1597 2248 tactu
1628 2174 1990 2273 perlustrat
2020 2167 2427 2241 incendium
2448 2221 2468 2254 ,

388 2325 460 2376 et
489 2302 678 2375 unde
715 2301 1058 2374 maximus
1095 2318 1194 2371 est
1231 2291 1726 2368 collabentium
1772 2284 2170 2358 culminum
2204 2281 2466 2378 fragor,

387 2416 509 2489 illo
539 2416 855 2489 debilitas
891 2438 1224 2512 tanquam
1265 2395 1628 2480 invefftura
1660 2420 2049 2473 revocatur:
2085 2396 2271 2468 solus
2309 2419 2469 2465 om-

389 2531 592 2602 nium
619 2551 917 2602 servatus
943 2549 1044 2600 est
1067 2522 1405 2597 beneficio
1426 2515 1769 2590 caecitatis,
1794 2510 2262 2597 Protrahatur,
2273 2506 2474 2609 judi-

390 2673 538 2737 σεε,
586 2648 638 2719 si
673 2647 976 2733 videtur,
1019 2638 1090 2713 in
1130 2637 1448 2710 medium
1480 2659 1668 2704 reus:
1709 2627 2097 2728 plurimum
2134 2619 2477 2722 probatio-

392 2760 602 2831 nibus
626 2760 924 2860 adjicere
950 2755 1204 2828 debent
1226 2773 1450 2823 truces
1467 2746 1696 2818 vultus
1713 2797 1732 2832 ,
1754 2738 2075 2812 terribilis
2098 2736 2476 2830 minaxque

389 2879 620 2951 facies,
658 2878 793 2949 Hic
828 2896 970 2964 est,
1005 2870 1311 2974 judiceS‚
1346 2865 1469 2964 qui
1508 2860 1761 2938 dicitur
1803 2869 1938 2927 tota
1972 2872 2173 2924 nocte
2211 2850 2476 2921 ‹liseur-

392 2994 591 3065 risse:
639 2992 752 3063 hic
802 2990 918 3061 ille
968 2987 1537 3079 circumspectus,
1572 2972 1687 3044 hic
1731 2970 1845 3041 ille
1891 2966 2050 3038 felix
2091 2961 2475 3062 parricida:

395 3127 816 3182 recesserunt
855 3124 1105 3177 cuncta
1155 3092 1526 3170 debilitatis
1572 3087 1839 3176 officia3
1883 3103 1950 3155 et
1998 3078 2304 3151 hominis
2358 3076 2480 3174 qui

395 3229 662 3302 circum
697 3250 925 3324 genua
962 3239 1181 3291 vestra
1215 3208 1577 3285 ducendus
1609 3224 1738 3292 est,
1777 3227 1920 3273 uon
1956 3218 2056 3270 est
2083 3195 2203 3295 qui
2236 3192 2482 3290 dirigat

396 3369 693 3443 gressus3
732 3365 875 3410 non
909 3331 1160 3407 servuli
1203 3341 1604 3425 supersunt,
1648 3309 1792 3389 non
1819 3333 2118 3415 penates.
2162 3312 2479 3406 Respon-

398 3460 551 3533 dete
579 3482 700 3556 per
725 3452 972 3539 fidem,
1006 3441 1406 3543 respondete
1436 3431 1792 3518 mortales,
1818 3450 2053 3500 utrum
2073 3424 2186 3496 hic
2212 3443 2480 3522 patrem

478 3719 521 3756 t.
558 3701 736 3753 Perire
762 3694 969 3748 lumina
995 3684 1288 3742 candentia.
1317 3679 1401 3731 An
1489 3695 1511 3718 ι
1531 3668 1765 3722 ardentia
1781 3665 1974 3718 lumina
1999 3662 2205 3712 frustra.
2227 3680 2248 3704 ι
2273 3658 2480 3707 Petron.

396 3779 678 3854 perunte?
698 3778 770 3828 Ut
795 3770 1031 3827 Declam.
1062 3784 1205 3836 seq.:
1247 3783 1269 3808 ιι
1286 3761 1403 3812 Fri·
1484 3749 1635 3801 satir.
1663 3769 1684 3792 a
1701 3743 1935 3796 Candida
1962 3740 2174 3792 sidereis
2210 3733 2484 3786 ardescent

406 3884 430 3907 ι
449 3858 666 3931 goi-ibus
699 3868 751 3906 et
783 3850 986 3904 solibus
1016 3856 1246 3917 perusta.
1270 3863 1292 3886 n
1320 3841 1401 3890 An
1489 3850 1511 3873 ⁰¹
1531 3824 1730 3877 lumina
1771 3822 2009 3872 flammis.
2033 3841 2055 3864 κ
2092 3844 2164 3854 --
2196 3815 2319 3865 Non
2362 3829 2486 3882 pro·

400 3941 471 3995 ed
490 3937 928 4009 compositionem
951 3927 1249 3997 respicitur,
1262 3934 1321 3972 ut
1336 3921 1404 3973 sit
1483 3920 1747 3970 texerunt,
1784 3921 1885 3959 etc.
1910 3907 2031 3957 Non
2057 3919 2154 3972 per
2182 3902 2326 3969 ignes
2354 3897 2485 3947 ami·

402 4025 477 4074 ire
505 4035 603 4093 per
637 4012 871 4066 lumina?
904 4004 1189 4061 candentia
1213 3999 1404 4052 diffici-
1484 3992 1550 4043 sit
1587 3987 1775 4040 oculos
1815 3986 2073 4056 primum,
2112 3976 2207 4030 sed
2246 3992 2340 4028 sua
2378 3975 2489 4045 pie-

401 4098 509 4153 lem
532 4111 745 4149 sensum
767 4086 996 4162 praebet,
1036 4084 1135 4134 nisi
1158 4077 1297 4131 idem
1319 4079 1404 4128 in-
1484 4084 1624 4134 tate,
1660 4070 1815 4140 quia,
1847 4064 1975 4115 dum
2015 4057 2258 4112 manibus
2305 4055 2488 4127 quaerit

405 4177 701 4246 telligamus
716 4184 873 4239 atque
890 4161 1033 4236 apud
1048 4162 1190 4230 Virg.
1204 4153 1404 4208 AEneid.
1487 4163 1708 4203 matrem
1722 4185 1740 4215 ‚
1772 4144 1994 4217 neglexit
2018 4139 2187 4195 oculis
2209 4154 2298 4190 eas
2324 4152 2491 4205 oppo-

408 4257 483 4321 u,
515 4272 589 4306 vs.
624 4248 756 4316 405:
796 4242 923 4296 uAd
963 4239 1153 4292 coelum
1192 4233 1410 4288 tendens
1489 4249 1635 4282 nere.
