3200 5117
748 516 870 597 344
1251 519 1340 579 M.
1392 517 1640 580 FAssu
1690 515 2321 597 QUINTILIANI

732 639 903 738 juva
949 639 1213 738 potius,
1264 637 1520 738 adjuva
1566 637 1957 736 potionem:
2016 637 2437 723 contradic¹,
2491 623 2831 734 agedum,

744 756 1088 856 quidquid
1116 777 1212 827 est
1233 755 1422 826 aliud
1438 813 1456 843 ,
1480 756 1669 854 quod
1691 753 2189 842 tumultuatur,
2214 774 2560 842 exaestuat,
2582 774 2835 824 totum-

744 900 882 971 que
903 874 1158 945 sanitas
1181 894 1551 972 componat
1571 872 1936 942 hominem
1961 899 1972 941 :
2003 893 2167 942 tunc
2195 892 2255 940 te
2282 871 2578 942 sciemus
2598 897 2831 940 amare

744 988 1032 1076 desisse,
1066 1015 1287 1085 quum
1322 985 1595 1058 desieris
1627 986 1865 1056 odisse.

842 1104 1030 1172 XIV.
1061 1106 1145 1172 Et
1169 1102 1640 1173 innocentiam
1672 1101 1956 1198 quidem
1992 1100 2239 1198 puellae
2267 1099 2424 1171 satis
2444 1155 2462 1186 ,
2495 1119 2573 1169 ut
2598 1125 2830 1196 spem,

746 1216 1225 1304 defendimUS,
1259 1217 1672 1314 magnitudo
1703 1216 1985 1314 periculi
2020 1237 2208 1286 vocet
2232 1228 2500 1314 preces²
2527 1241 2832 1284 :consur-

745 1359 860 1430 ge,
896 1332 1194 1429 agedum
1219 1389 1238 1418 ,
1276 1333 1666 1403 miserrima
1708 1331 2167 1420 feminarum,
2214 1332 2550 1429 reliquam
2587 1330 2832 1400 defen-

747 1447 957 1517 sionis
979 1468 1111 1518 tuae
1133 1468 1397 1544 partem
1415 1468 1605 1517 tuere
1624 1447 1948 1516 lacrimis.
1968 1452 2362 1534 Accusator,
2383 1446 2551 1542 quid
2572 1444 2833 1543 speras?

747 1563 914 1659 quid
952 1562 1336 1658 exspectas?
1365 1563 1450 1631 ad
1482 1588 1709 1658 genua
1745 1582 1862 1631 tua
1898 1589 2039 1632 non
2083 1562 2419 1632 mittimus
2460 1589 2652 1631 eam:
2697 1581 2833 1630 toto

746 1677 903 1747 licet
923 1676 1267 1747 infelicem
1289 1699 1540 1747 terrore
1559 1677 1923 1747 convenias
1943 1733 1959 1764 ,
1992 1704 2133 1746 non
2163 1677 2668 1748 exosculabitur
2688 1703 2838 1746 ma-

745 1821 877 1864 nus
901 1821 912 1863 :
941 1814 1268 1884 mortem,
1299 1821 1629 1892 suprema
1651 1793 2053 1880 denuntieS,
2076 1815 2139 1863 te
2165 1821 2305 1866 uon
2329 1794 2624 1892 rogabit:
2656 1793 2836 1862 frus-

744 1931 845 1981 tra
885 1910 1008 1981 tibi
1052 1911 1311 2007 aliquid
1350 1913 1434 1982 de
1480 1912 1786 2008 periculo
1825 1933 2057 1982 nostro
2102 1933 2429 2009 metuque
2473 1909 2830 2010 promittis.

744 2027 980 2097 Nescis
1004 2083 1021 2114 ,
1059 2028 1290 2125 puella
1325 2055 1467 2099 non
1503 2028 1715 2098 habet
1747 2028 1888 2097 odii
1928 2028 2319 2099 remedium
2350 2056 2363 2097 :
2401 2054 2563 2098 sane
2597 2050 2833 2098 tamen

745 2140 1004 2210 viribus
1050 2143 1349 2239 potionis
1388 2145 1722 2214 effectum
1765 2143 1880 2230 sit,
1925 2165 2003 2214 ut
2041 2143 2460 2214 accusaveris
2500 2144 2835 2213 innocen-

748 2274 920 2340 te1n3
955 2258 1205 2326 sufficit
1242 2257 1487 2328 ultioni
1517 2258 1761 2328 vidisse
1793 2256 2208 2355 pallentem3
2247 2258 2403 2328 satis
2433 2280 2530 2329 est
2562 2257 2831 2330 audisse

748 2367 1078 2463 gemitus:
1113 2372 1517 2440 memineris
1547 2371 1727 2441 hanc
1759 2398 1935 2459 esse,
1969 2399 2184 2470 quam
2215 2394 2287 2443 tu
2317 2400 2498 2462 nou,
2520 2372 2829 2472 juveniS‚

749 2480 971 2551 odisti.
1006 2483 1198 2571 Quid
1231 2485 1415 2580 agis?
1459 2485 1760 2556 etiamne
1800 2488 2096 2583 perferes
2126 2487 2299 2558 illud
2331 2488 2833 2585 pronunciatio-

746 2595 853 2664 nis
906 2622 1195 2696 ancepS,
1246 2599 1420 2669 illud
1464 2601 1791 2673 humanae
1827 2602 2057 2673 salutis
2093 2602 2478 2674 incertum?
2510 2629 2837 2673 numera-

747 2708 897 2777 bis3
935 2737 1093 2808 ergo
1128 2714 1499 2784 sententias
1520 2746 1536 2803 ;
1570 2736 1634 2785 et
1669 2715 1723 2785 si
1759 2715 2189 2787 damnaveris
2213 2775 2231 2805 ,
2268 2716 2670 2805 exsultabis,
2714 2743 2835 2787 ne-

746 2822 991 2913 fande,
1025 2827 1396 2923 gaudebis?
1431 2849 1596 2926 puto
1620 2885 1637 2916 ,
1678 2856 1815 2898 non
1855 2830 2207 2900 adamasti.
2248 2834 2354 2901 An
2393 2852 2457 2901 et
2494 2829 2828 2929 sequeriS,

749 2936 920 3007 dum
949 2941 1250 3011 carnifex
1283 2942 1528 3012 trahit?
1553 2944 1863 3014 intereris
1884 3001 1900 3034 ,
1930 2946 2101 3015 dum
2123 2946 2247 3017 hos
2269 2947 2503 3017 oculos
2523 2945 2825 3016 occisura

749 3056 1084 3154 contingit
1108 3059 1399 3129 manus?
1423 3061 1591 3130 dum
1618 3060 1761 3131 hoec
1787 3062 2221 3161 amplexibus
2243 3064 2373 3134 tuis
2394 3085 2552 3134 nota
2571 3061 2787 3132 cervix
2806 3120 2825 3150 ,

748 3167 834 3237 ad
875 3198 1232 3268 supremos
1276 3174 1581 3244 nudatur
1622 3175 1834 3246 ictus?
1877 3204 2018 3247 non
2071 3180 2375 3251 exsilies?
2417 3206 2554 3250 non
2593 3200 2829 3277 pectus

750 3286 1101 3381 oppones?
1141 3316 1283 3358 non
1326 3289 1537 3359 fidem
1575 3290 1947 3361 hominum
1993 3293 2424 3393 deorumque
2462 3294 2833 3366 clamabis?

750 3397 1039 3496 accipies
1069 3405 1499 3498 percussam?
1528 3430 1735 3501 super
1768 3406 2214 3504 palpitantia4
2238 3411 2555 3481 membra
2580 3410 2834 3482 consis-

827 3601 867 3634 1.
904 3587 1194 3639 Contradic.
1223 3592 1564 3644 Contradicat.
1592 3595 1746 3645 Voss.
1829 3598 2071 3667 placebat
2096 3623 2105 3651 :
2139 3620 2205 3652 an
2229 3621 2336 3653 non
2356 3603 2566 3652 evocat?
2586 3601 2668 3654 vel
2690 3611 2829 3652 vocet

748 3680 852 3712 sec.
876 3662 954 3713 Cl.
986 3663 1184 3716 Schult.
1214 3666 1517 3734 dubitabat,
1545 3690 1611 3722 an
1637 3691 1751 3721 οοη-
1831 3678 1901 3726 ad
1918 3698 2105 3748 preces.

748 3743 913 3806 trahi,
945 3743 1024 3793 vel
1061 3757 1237 3797 contra
1269 3749 1445 3800 nitere.
1478 3751 1577 3802 Sed
1614 3754 1750 3805 forte
1903 3759 1951 3808 3.
1992 3761 2314 3813 mamm-abis.
2346 3763 2416 3812 Ut
2453 3778 2611 3831 snpra
2633 3747 2830 3811 ’nume-

746 3838 929 3916 posset
969 3824 1094 3894 legi,
1138 3839 1314 3878 contra
1357 3831 1454 3880 duc
1499 3833 1745 3904 aqedum,
1832 3853 1997 3892 rantes
2016 3842 2196 3892 divites
2216 3843 2537 3906 vocavit‚ita
2557 3861 2698 3893 nunc
2714 3861 2833 3894 sen-

748 3923 868 3974 quia
895 3906 1168 3958 rixandum
1193 3923 1244 3960 et
1269 3912 1614 3981 pugnandum
1639 3929 1744 3979 est,
1831 3925 1989 3972 tentia
2026 3937 2134 3983 est;
2170 3936 2229 3975 tu
2262 3942 2358 3994 pro
2385 3925 2645 3994 pecunia,
2675 3941 2830 3995 quam

745 3985 851 4036 duc
882 4002 1066 4039 contra
1095 4008 1356 4055 amorem,
1387 3993 1645 4064 quidquid
1670 4009 1748 4047 est
1829 4023 1937 4054 non
1964 4003 2183 4071 dedisti,
2212 4024 2352 4056 nunc
2382 4004 2685 4057 numerabis
2709 4024 2831 4057 sen-

747 4065 917 4130 aliud,
946 4069 1088 4139 quod
1113 4073 1479 4126 tumultuatur.
1506 4078 1673 4127 Bmm.
1827 4086 2032 4136 tentias.

820 4163 865 4196 2.
899 4147 1054 4198 Vocet
1079 4168 1264 4219 preces.
1286 4154 1466 4203 Malim
1496 4155 1644 4205 docet
1665 4155 1745 4206 vel
1897 4163 1946 4228 4.
1972 4163 2138 4233 Super
2160 4162 2498 4233 palpitantia.
2525 4164 2654 4217 Obr.
2678 4163 2826 4214 Acci-

749 4238 909 4278 vocat.
933 4227 1145 4280 SCRIJLT.
1165 4231 1332 4282 Vocat
1348 4235 1501 4284 etiam
1523 4234 1744 4286 Francio
1824 4246 1932 4315 pie<
1945 4247 2268 4315 percussam?
2285 4266 2322 4300 s.
2341 4247 2455 4317 pal.
2476 4267 2546 4298 m.
2568 4247 2829 4300 consistes?
