3200 5117
778 628 859 711 54
1288 630 1382 694 M.
1431 632 1678 695 men
1726 631 2358 713 QfflNTlLIANl

772 750 944 822 lucis
975 751 1316 849 ingressus
1342 779 1498 823 sum
1519 753 1579 822 'fr’
1602 777 2032 853 quantopere
2060 756 2231 827 mihi
2265 756 2646 844 blanditur,
2678 757 2868 857 quod

770 867 1069 966 publicis
1118 894 1196 938 ex
1239 869 1385 939 acie
1434 890 1814 967 reportatus
1869 870 2179 941 humeris
2229 870 2528 942 laetitiam
2583 874 2868 945 civitatis

770 981 1098 1080 implevi?
1142 984 1411 1081 quoties
1458 983 1861 1055 mehercule
1920 985 2063 1055 haec
2107 986 2395 1056 vulnera
2443 1008 2511 1057 et
2568 990 2869 1061 rorantia

769 1097 1002 1168 hostili
1032 1124 1276 1169 cruore
1309 1126 1505 1170 arma
1544 1100 1984 1197 complexu5‚
2032 1101 2351 1172 animum
2389 1129 2598 1201 supra
2638 1099 2867 1177 neces-

767 1215 994 1287 sitates
1029 1214 1249 1313 erigo,
1294 1244 1500 1314 supra
1542 1219 1763 1287 fatum
1802 1244 2021 1315 pono:
2065 1219 2186 1290 sed
2220 1219 2460 1291 omnia
2497 1219 2675 1291 mihi
2711 1221 2864 1319 jam

771 1331 1109 1418 discussa,
1142 1355 1558 1431 consumpta
1581 1355 1782 1422 sunt,
1820 1356 1887 1405 et
1915 1334 2200 1406 honesta
2231 1335 2572 1433 pereundi
2601 1335 2864 1409 ratione

766 1450 939 1519 victa
959 1470 1324 1521 cesserunt.
1355 1450 1550 1538 Quid
1587 1451 1760 1520 mihi
1796 1451 2096 1549 amplius
2128 1479 2289 1522 cum
2322 1478 2637 1550 corpore,
2674 1451 2865 1549 quod

730 1651 737 1659 ι
769 1562 1063 1633 oderunt
1096 1563 1275 1634 oculi
1319 1563 1468 1634 sui?
1498 1589 1659 1636 cum
1691 1592 1830 1663 quo
1866 1565 2176 1662 quotidie
2213 1593 2586 1663 properans
2628 1567 2864 1638 anima

769 1676 1068 1748 rixatur?
1104 1706 1241 1750 non
1268 1699 1431 1750 sunt
1466 1705 1623 1750 mea
1650 1681 1999 1769 membra,
2034 1708 2185 1779 quae
2223 1681 2479 1778 possim
2503 1681 2692 1752 velut
2713 1681 2864 1752 hos·-

768 1792 853 1862 tis
895 1791 1183 1891 alicujus
1218 1793 1547 1883 lacerare,
1594 1796 1988 1866 confodere.
2019 1795 2310 1865 Homini
2358 1795 2480 1893 qui
2521 1794 2736 1867 semel
2761 1822 2863 1866 re-

768 1907 1119 1978 nunciavit
1149 1910 1350 1979 rebus
1376 1909 1705 1980 humanis
1727 1967 1746 1999 ,
1775 1937 1917 1980 non
1955 1909 2267 1979 redditur
2301 1908 2441 1980 vita
2469 1967 2486 1998 ‚
2540 1909 2660 1980 sed
2689 1931 2861 1980 tem·

768 2049 936 2119 pus:
984 2045 1051 2094 et
1088 2022 1232 2122 ipsa
1261 2023 1605 2121 cupiditas
1632 2024 1944 2122 ratioque
1979 2021 2318 2122 pereundi
2351 2021 2481 2093 hoc
2511 2022 2691 2120 ipso,
2717 2049 2862 2121 quo

764 2159 1105 2224 vetamur,
1137 2140 1475 2210 accrescit.
1490 2138 1783 2210 Felicior
1820 2139 2168 2210 mehercle
2200 2139 2319 2237 qui
2355 2138 2646 2209 moritur
2675 2159 2861 2210 ante-

766 2279 980 2348 quam
1001 2252 1269 2341 debeat,
1286 2274 1661 2351 antequam
1682 2253 1843 2325 velit
1866 2281 1880 2323 ι
1910 2281 2104 2352 paene
2125 2280 2273 2324 sero
2296 2253 2658 2325 renunciat
2673 2252 2855 2342 vitae,

766 2365 1077 2462 quisquis
1125 2367 1217 2437 sic
1252 2367 1340 2436 ad
1374 2368 1631 2439 exitum
1679 2369 2020 2466 pervenit,
2077 2388 2152 2438 ut
2199 2368 2328 2438 hoc
2382 2367 2582 2437 illum
2632 2368 2859 2438 facere

766 2506 976 2550 nemo
1002 2480 1336 2552 miretur:
1374 2481 1437 2554 ei
1487 2503 1760 2553 tantum
1806 2483 2014 2554 debet
2045 2509 2230 2554 mors
2275 2481 2547 2580 negari,
2583 2481 2668 2552 de
2715 2508 2857 2578 quo

780 2622 924 2668 non
942 2597 1199 2668 sufficit
1225 2597 1355 2669 hoc
1384 2625 1599 2696 poenae
1627 2625 1845 2696 genus
1865 2656 1883 2689 ,
1920 2620 1997 2670 ut
2028 2599 2170 2696 ipse
2197 2624 2268 2668 se
2302 2597 2535 2695 potius
2567 2596 2852 2668 occidat.

862 2712 982 2781 IX.
1015 2714 1196 2781 Nam
1218 2713 1406 2810 quod
1439 2711 1547 2782 lex
1570 2712 1808 2812 jussit,
1838 2735 1914 2784 ut
1943 2713 2317 2783 moriturus
2349 2710 2659 2781 redderet
2689 2736 2860 2783 cau-

767 2853 902 2917 saS,
932 2827 1123 2925 quod
1161 2828 1589 2926 insepultum
1633 2828 1848 2899 voluit
1895 2827 2131 2928 abjici,
2181 2827 2237 2898 si
2295 2826 2388 2896 sic
2437 2846 2858 2924 properasset

767 2943 1130 3039 erumpere
1150 2998 1168 3031 ,
1204 2963 1283 3012 ut
1311 2968 1450 3012 non
1482 2942 1846 3012 nunciaret
1875 2942 2004 3012 hoc
2036 2941 2265 3039 priuS,
2305 2966 2447 3010 non
2477 2941 2807 3011 fateretur
2835 2965 2850 3008 :

765 3057 1032 3128 fallitur
1058 3057 1372 3155 quisquis
1405 3056 1560 3127 ideo
1608 3058 1875 3128 factum
1914 3077 2142 3154 putat,
2188 3076 2267 3127 ut
2314 3077 2709 3127 teneremur
2745 3055 2855 3125 in-

763 3170 903 3241 viti.
960 3171 1088 3243 Illa
1121 3199 1277 3244 vero
1325 3200 1467 3244 non
1514 3171 1713 3244 timet
1769 3171 2105 3270 pereundi
2173 3170 2668 3258 temeritatem,
2724 3195 2854 3240 nec

766 3305 1099 3357 secretum
1144 3285 1396 3357 doloris
1443 3285 1654 3357 alieni
1702 3285 1996 3356 libenter
2027 3284 2336 3380 inquirit.
2385 3283 2660 3354 Sciebat
2701 3281 2854 3352 illos

764 3425 909 3469 non
947 3399 1144 3470 aliter
1174 3415 1503 3472 ausuros²
1536 3403 1838 3499 proferre
1869 3426 2101 3472 causas
2122 3456 2138 3488 ,
2180 3426 2353 3498 quos
2383 3397 2655 3470 sceleris
2687 3423 2855 3468 con-

767 3512 1089 3601 scientia,
1141 3541 1314 3612 quos
1371 3515 1649 3614 majoris
1706 3516 2045 3587 cruciatus
2101 3536 2327 3587 metus
2388 3514 2461 3585 in
2521 3538 2847 3610 suprema

766 3626 1228 3724 compelleret.
1265 3629 1481 3725 Igitur
1513 3657 1601 3701 ne
1646 3631 1982 3728 supplicia
2020 3649 2379 3728 properato
2416 3628 2852 3698 lucrarentur

767 3738 1006 3828 obitu,
1068 3767 1298 3811 rursus
1349 3742 1422 3813 in
1471 3770 1747 3842 poenam
1795 3765 2119 3814 nocentes
2170 3740 2494 3841 insepulti
2547 3738 2853 3838 corporis

844 3902 886 3936 ι.
927 3884 1198 3935 Juvem's...
1225 3886 1473 3958 inqressus
1495 3906 1623 3939 sum.
1655 3887 1768 3939 Nos
1855 3910 1875 3933 ιι
1897 3886 2082 3952 cham,
2110 3905 2181 3937 un
2207 3888 2372 3937 severe
2394 3884 2556 3936 destin
2579 3884 2637 3935 Si
2654 3887 2769 3955 pres
2789 3881 2854 3934 de

758 3968 910 4035 juvat
937 3963 1005 4015 ad
1032 3964 1177 4018 hunc
1209 3966 1388 4018 locum
1422 3971 1583 4020 citare
1610 3967 1769 4019 verba
1855 3989 1982 4020 «ma
2021 3970 2282 4020 naissance
2317 3986 2382 4017 en
2423 3969 2511 4018 eat
2551 3965 2772 4036 mar-qui
2797 3961 2854 4015 Ia

764 4045 1164 4099 flaciniieodem
1177 4065 1335 4101 sensu
1347 4048 1772 4123 expressa,1pht'-
1856 4045 1990 4120 «fin.
2014 4071 2035 4094 ο
2067 4047 2158 4098 En.

761 4129 939 4201 genie,
964 4142 1066 4180 act.
1093 4131 1180 4194 lv,
1206 4147 1347 4182 scen.
1370 4131 1433 4196 4:
1466 4155 1488 4179 κ
1511 4132 1770 4184 Petet-&tre
1922 4147 1967 4180 2.
1986 4130 2222 4181 Ausuros.
2247 4127 2456 4180 Scilicet
2474 4138 2767 4177 metuentes
2781 4141 2850 4175 ne

769 4233 791 4255 ι
809 4229 941 4263 assez
955 4208 1261 4264 d'honnaeurs
1271 4213 1668 4266 envimnnot'ent
1681 4233 1770 4265 ma
1847 4213 2117 4264 infamiam
2139 4212 2354 4281 ignaviae
2377 4207 2614 4262 subirent
2630 4243 2646 4271 ‚
2669 4204 2753 4256 vel
2782 4223 2851 4257 ne

770 4316 791 4337 κ
814 4294 922 4358 vie,
948 4292 1093 4344 Pom·
1115 4311 1288 4366 nepas
1310 4294 1572 4346 souhaiter
1585 4292 1770 4368 qu'elle
1848 4294 2191 4364 culparentur
2225 4309 2257 4341 a
2289 4286 2599 4341 necessariis
2615 4323 2632 4349 ‚
2661 4282 2748 4336 vel
2781 4303 2848 4337 ne

770 4393 791 4418 u
813 4391 894 4424 me
902 4372 999 4445 fat
1022 4374 1187 4434 ravie,·
1211 4372 1287 4428 Ni
1306 4372 1467 4447 qu'en
1488 4392 1572 4427 me
1590 4374 1768 4428 l'arra·
1851 4378 2023 4432 statim
2046 4370 2308 4446 supplicio
2333 4368 2689 4423 afficerentur.
