3200 5117
798 578 1070 642 DECL.
1116 577 1308 641 XVI.
1357 577 1641 641 AM1C1
1692 577 2008 642 VADES.
2320 581 2444 648 353

366 698 711 772 commisit
738 699 941 791 fides,
973 700 1334 771 neminem
1367 700 1585 798 magis
1617 698 2099 796 obligaverunt
2123 724 2453 801 exspecta-

365 815 606 886 tiones.
641 816 951 889 Credidit
983 815 1158 886 mihi
1189 814 1403 887 homo
1423 871 1442 905 ,
1473 815 1586 887 cui
1623 841 1730 886 res
1763 814 2152 887 favorabilis
2181 817 2452 888 contin-

365 929 495 1027 git,
524 932 578 1002 si
606 932 974 1031 decipitur;
1000 931 1121 1031 qui
1149 932 1281 1003 sibi
1309 921 1715 1029 excogitasse
1745 952 1982 1002 contra
2007 958 2251 1003 omnes
2276 932 2454 1005 ami-

365 1073 478 1118 cos
524 1048 818 1138 videtur,
863 1067 940 1119 ut
980 1047 1081 1118 illi
1122 1047 1683 1147 imponeremus:
1730 1073 1872 1118 non
1917 1066 2014 1118 est
2046 1047 2236 1145 quod
2275 1047 2455 1119 mihi

367 1163 741 1261 supplicia,
767 1164 957 1261 quod
984 1189 1272 1235 omnem
1299 1163 1535 1235 mortis
1571 1184 1981 1262 apparatum
2000 1221 2019 1255 ‚
2051 1187 2296 1254 mater,
2336 1190 2454 1265 op·

366 1303 606 1376 ponas.
630 1279 924 1351 Facinus
954 1298 1073 1367 est,
1106 1278 1178 1349 id
1207 1299 1479 1350 tantum
1500 1279 1911 1351 hominibus
1937 1279 2117 1352 bene
2152 1278 2451 1368 credere,

369 1390 558 1489 quod
597 1396 1014 1495 expedit;.et·
1049 1415 1281 1467 actum
1320 1415 1419 1466 est
1455 1393 1538 1465 de
1577 1394 1783 1465 rebus
1816 1394 2177 1483 humanis,
2211 1395 2265 1466 si
2313 1395 2458 1467 sola

368 1531 670 1582 servatur
698 1511 1072 1584 utilitatum
1110 1512 1316 1583 fides:
1360 1509 1720 1581 infinitum
1763 1531 1863 1580 est
1900 1531 2244 1609 quantum
2278 1510 2456 1582 mihi

370 1623 731 1696 crediderit
762 1646 1102 1723 tyrannus
1122 1682 1140 1716 ‚
1173 1624 1228 1696 si
1260 1651 1372 1695 me
1408 1623 1735 1695 occiderit
1762 1650 2132 1695 reversum.

464 1740 654 1809 VIII.
692 1740 1058 1837 Intelligit,
1091 1739 1406 1840 judice5‚
1446 1759 1513 1808 et
1555 1739 1701 1834 ipsa
1736 1759 1988 1825 mater,
2034 1760 2306 1833 quantae
2346 1767 2456 1811 re-

367 1853 681 1924 verentiae
701 1854 935 1925 locum
957 1854 1221 1924 amicus
1238 1850 1543 1922 obtineat
1560 1905 1578 1937 ‚
1608 1875 1760 1946 quae
1777 1849 2020 1948 incipit
2042 1852 2458 1925 contendere

369 1966 643 2039 affectu.
685 1967 833 2038 Nisi
867 1966 1068 2038 fallor
1098 1965 1332 2064 igitur,
1373 1990 1597 2063 quum
1637 1989 1764 2061 ego
1803 1963 1934 2034 sim
1971 1965 2253 2037 materia
2285 1966 2456 2058 litis,

368 2085 499 2156 hoc
519 2084 826 2184 primum
854 2082 1190 2155 aestimare
1212 2081 1475 2154 debetis
1491 2138 1510 2171 ,
1531 2100 1684 2151 uter
1702 2080 1774 2150 in
1797 2107 1880 2151 ea
1897 2080 2278 2154 calamitate
2292 2083 2457 2181 plus

370 2202 632 2276 fecerit:
661 2223 815 2274 ante
842 2201 1079 2273 omnia
1099 2203 1420 2300 permitte
1442 2197 1618 2269 mihi
1643 2198 1729 2268 de
1755 2197 1886 2269 hoc
1909 2198 2195 2270 affectus
2220 2199 2318 2271 tui
2341 2228 2463 2299 ge-

372 2345 564 2409 nere,
592 2340 835 2408 mater‚
863 2317 1095 2416 queri:
1128 2315 1300 2415 quid
1330 2315 1454 2387 tibi
1478 2336 1623 2387 tam
1652 2314 1923 2404 rabido,
1950 2335 2093 2387 tarn
2126 2317 2460 2415 praecipiti

374 2431 606 2504 dolore
635 2432 940 2522 voluisti,
973 2430 1143 2529 quid
1171 2430 1466 2502 adversis
1496 2430 1634 2506 tuis
1663 2449 1970 2528 praestare
2003 2429 2250 2501 faciem
2288 2451 2354 2501 et
2385 2431 2458 2502 in

376 2548 612 2618 oculos
654 2569 803 2619 tuos
843 2549 1148 2647 accipere
1185 2548 1517 2618 nuntium
1541 2547 1791 2618 ¹?‘non
1832 2546 2167 2644 reliquisti
2213 2545 2336 2617 tibi
2382 2568 2464 2621 ut

378 2660 748 2733 redimeres
766 2719 784 2750 ,
816 2664 960 2734 sine
987 2663 1203 2734 dubio
1229 2663 1532 2762 adjecisti
1563 2663 1650 2733 ad
1679 2664 1911 2734 matris
1936 2664 2222 2734 affectus
2240 2720 2258 2754 ‚
2290 2691 2463 2735 ocu-

378 2776 523 2848 los²
559 2776 879 2876 indubia
913 2777 1195 2849 orbitate
1230 2776 1503 2864 fudisti3
1537 2777 1657 2846 sed
1692 2777 1866 2847 illud
1897 2804 2038 2847 non
2069 2776 2248 2848 laxat
2279 2798 2461 2849 cate-

376 2920 535 2982 nas,
574 2920 715 2965 non
750 2894 1050 2993 explicat
1086 2920 1358 2992 corpus.
1396 2892 1589 2982 Quid
1623 2891 1797 2963 mihi
1834 2892 2111 2990 prodest
2142 2892 2302 2983 iste,
2339 2895 2462 2991 qui

374 3034 444 3078 se
473 3006 635 3078 citra
667 3004 942 3079 filium³
973 3006 1441 3105 consumpsit,
1472 3003 1801 3076 affectus?
1832 3004 1987 3102 plus
2014 3005 2279 3076 fecisset
2307 3034 2461 3077 ma-

375 3145 498 3213 ter,
530 3149 683 3221 quae
710 3123 869 3197 isset
898 3124 986 3195 ad
1015 3146 1419 3223 tyrannum.
1450 3121 1786 3220 Alligatus
1814 3148 2008 3210 sum3
2042 3142 2116 3193 tu
2148 3148 2338 3192 nunc
2367 3123 2463 3194 sic

454 3280 497 3314 1.
516 3264 760 3336 Accipere
775 3268 1033 3318 nuntium.
1048 3267 1258 3317 Dur-iter
1273 3264 1379 3316 dic-
1443 3266 1612 3337 jicere
1634 3277 1713 3315 est
1737 3263 1824 3315 vili
1851 3266 2020 3336 pretio
2051 3283 2161 3315 rem
2188 3276 2465 3334 contemp-

378 3356 488 3392 tum
502 3364 514 3392 z
527 3341 821 3396 Gronovius
830 3347 1059 3417 accipere
1073 3341 1378 3416 beneficium
1461 3356 1566 3395 tam
1582 3342 1719 3395 vend
1726 3361 1838 3406 ere;
1859 3343 2042 3394 oculos
2062 3342 2243 3394 fudisti
2263 3341 2463 3393 inutili-

377 3422 601 3493 legebat.
632 3424 984 3496 Schultingius
1013 3424 1237 3496 explicat
1266 3443 1378 3477 ma·
1460 3435 1558 3487 ter,
1580 3440 1743 3491 quum
1760 3421 1996 3473 nondum
2014 3434 2152 3472 certa
2170 3434 2306 3473 esset
2318 3420 2467 3472 orbi-

377 3505 487 3556 lum
504 3499 745 3556 nuntium
756 3544 772 3572 ,
785 3507 880 3576 qui
889 3508 1064 3576 potius
1079 3508 1131 3556 in
1147 3508 1378 3557 animum
1460 3513 1558 3568 tas,
1574 3517 1634 3555 ut
1650 3522 1770 3555 mox
1786 3506 1856 3555 ait
1872 3525 1886 3566 ;
1907 3517 1958 3555 et
1974 3503 2156 3555 ludere
2172 3517 2219 3554 et
2241 3521 2464 3554 acumen

379 3584 608 3637 debebat
626 3584 975 3648 descendere3
993 3604 1114 3637 nam
1136 3583 1258 3636 flere
1278 3603 1382 3636 am-
1460 3596 1674 3654 captare
1690 3582 1895 3633 videtur
1911 3597 2098 3633 auctor
2115 3584 2171 3633 in
2187 3582 2297 3634 sine
2309 3583 2465 3634 dubio

379 3661 654 3726 bitiosum3
675 3665 850 3715 animo
872 3683 991 3715 vere
1012 3663 1235 3732 lugetur.
1253 3664 1380 3713 For»
1461 3660 1729 3730 adjecisti,
1772 3677 1871 3714 etc.
1891 3700 1907 3728 ,
1950 3676 2000 3714 ct
2039 3662 2192 3713 dubia
2232 3662 2464 3713 orbitate.

382 3754 431 3792 te
456 3741 554 3810 legi
580 3753 787 3812 posset,
812 3753 861 3793 et
885 3743 939 3792 in
966 3741 1141 3793 oculos
1161 3753 1274 3793 tuos
1291 3761 1380 3792 ac·
1459 3742 1595 3793 Edit.
1625 3755 1799 3793 tamen
1826 3744 2034 3812 Bipont.
2063 3744 2251 3793 retinet
2275 3742 2462 3793 media.

378 3822 542 3875 cidere
570 3824 851 3874 nuntium?
877 3822 932 3873 id
959 3837 1036 3874 est
1052 3861 1068 3887 ‚
1100 3823 1284 3873 nuntio
1309 3824 1381 3873 ita
1459 3822 1663 3874 Vid.ad
1677 3822 2049 3884 ovid.Met.x‚
2070 3823 2349 3887 288‚vocc.
2369 3841 2468 3874 me-

379 3898 665 3963 confundi,
690 3913 749 3952 ut
771 3898 892 3953 inde
918 3901 1085 3952 oculis
1109 3903 1211 3951 tuis
1237 3900 1381 3952 cala·
1463 3902 1577 3954 dius
1598 3916 1649 3953 et
1672 3901 1857 3953 dubius
1880 3903 2267 3953 confusionem.
2294 3904 2386 3954 En.

379 3984 532 4034 mitas
548 3981 776 4033 accidat:
795 3981 1384 4034 sednihilomiuusdura
1525 3984 1583 4050 ἱ3.
1618 3984 1754 4034 Citra
1770 3979 1989 4054 filiium·
2019 3981 2071 4033 id
2101 3997 2210 4048 est,
2243 3985 2332 4053 qui
2361 4003 2469 4036 non

381 4077 432 4116 et
455 4076 639 4116 coacta
665 4077 840 4114 manet
865 4065 1140 4114 sententia.
1461 4066 1697 4134 pervenit
1733 4062 1801 4113 ad
1838 4063 2032 4128 filium,
2064 4066 2165 4134 ipsi
2200 4083 2306 4116 non
2340 4085 2469 4136 pro-

452 4159 500 4193 2.
537 4140 727 4194 Oculos
763 4143 818 4192 in
856 4140 1011 4193 dubia
1048 4141 1264 4193 orbitate
1283 4141 1385 4211 fu-
1463 4142 1591 4205 fuit,
1618 4154 1676 4192 ut
1705 4160 1843 4211 saepe
1873 4144 1924 4192 in
1949 4140 2031 4192 his
2055 4140 2467 4193 Declamationi-

380 4223 512 4276 diste'.
559 4223 804 4292 Abjecisti
825 4261 841 4287 .‚
885 4222 939 4273 id
981 4236 1092 4287 est,
1132 4222 1385 4274 inutiliter
1464 4218 1593 4283 bus,
1618 4221 1747 4271 citra
1771 4233 1821 4270 et
1846 4218 1981 4272 ultra
2004 4233 2307 4272 occurrunt.
2325 4221 2473 4271 Circa

378 4299 685 4374 impendisti
708 4303 892 4354 nimias
916 4299 1190 4365 lacrimas;
1217 4314 1274 4352 ut
1298 4301 1389 4353 ab·
1451 4297 1639 4372 filium
1664 4299 1893 4355 Obrech.
1924 4300 2076 4353 male.

599 4391 647 4444 5.
2162 4389 2233 4440 23
