3200 5117
753 560 1021 625 DECL.
1071 557 1279 623 XIII.
1329 559 1557 625 APES
1604 559 2075 627 PAUPERIS.
2173 571 2182 578 ’
2336 566 2448 630 301

371 681 551 756 hatis
581 680 860 753 sedibus
885 682 1025 753 suis
1053 680 1237 753 avias
1266 683 1430 778 fuga
1459 682 1715 780 petiere
1745 682 1977 755 silvas:
2009 711 2170 784 apes
2195 713 2459 785 pauper

369 798 582 869 miser
602 797 674 868 in
700 823 908 895 opere
933 795 1229 894 perdidi.
1254 796 1520 867 Paravit
1550 795 1766 867 homo
1793 799 2097 870 nefarius
2126 820 2282 872 ante
2306 828 2463 872 om-

367 911 488 981 nia
500 930 775 981 tautum
789 909 1037 980 veneni
1059 966 1080 994 ,
1101 908 1286 1007 quod
1309 929 1534 1007 posset
1549 929 1616 980 et
1630 908 1863 980 divitis
1879 910 2088 983 hortis
2104 913 2259 985 satis
2279 940 2421 985 esse
2437 970 2456 1004 ,

373 1046 439 1097 et
457 1025 603 1096 livit
623 1024 823 1096 flores
847 1022 1175 1093 maleficis
1204 1023 1421 1093 succis
1442 1080 1462 1111 ,
1490 1022 1658 1093 etin
1684 1048 2032 1095 venenum
2058 1027 2264 1099 mella
2286 1055 2460 1100 con-

369 1140 577 1212 vertit
594 1167 608 1210 ε
627 1138 838 1238 sparsi
850 1159 876 1210 t
893 1137 1221 1209 omnibus
1243 1136 1531 1207 floribus
1545 1158 1871 1210 mortem:
1900 1160 1968 1211 et
1985 1162 2242 1237 quanto
2256 1143 2459 1241 plura

372 1257 648 1327 interim
675 1253 1013 1351 corrupit,
1045 1278 1260 1349 quam
1287 1278 1440 1349 quse
1468 1279 1632 1352 apes
1660 1254 2142 1329 abstulissent?
2166 1259 2305 1330 111ae
2331 1283 2460 1333 stu-

372 1369 488 1441 dio
508 1368 900 1468 quotidiani
926 1367 1149 1467 operis
1171 1367 1467 1440 excitatae
1482 1425 1500 1457 ,
1526 1389 1601 1438 ut
1626 1368 1938 1467 primum
1957 1398 2202 1469 aurora
2226 1373 2454 1448 lucem

370 1483 633 1555 vocavit
657 1498 704 1572 ¹,
734 1482 807 1558 in
832 1503 1098 1555 assueta
1121 1481 1384 1553 miserae
1405 1507 1661 1579 pascua
1678 1482 1913 1555 volant
1928 1541 1947 1574 ,
1980 1506 2057 1556 ut
2081 1495 2455 1583 autequam

370 1599 587 1672 noctis
624 1598 998 1669 humorem
1036 1595 1207 1669 radii
1239 1595 1400 1668 solis
1438 1597 1831 1688 ebiberent,
1866 1600 2238 1673 matutinos
2271 1604 2455 1702 lege-
2546 1662 2553 1670 .

369 1733 521 1785 rent
553 1739 732 1784 rores
751 1771 769 1803 ,
804 1733 869 1784 et
898 1711 1191 1783 caelestes
1224 1737 1436 1810 aquas
1463 1711 1551 1783 ad
1580 1710 1912 1784 horreum
1938 1714 2112 1821 ferre
2141 1739 2451 1816 possent,

366 1856 492 1902 nec
517 1829 645 1900 sibi
667 1887 687 1919 ,
718 1828 838 1901 sed
868 1829 1061 1928 operi
1104 1828 1435 1900 biberent.

463 1947 581 2016 Vl.
619 1946 754 2016 Hic
787 1946 971 2017 triste
1004 1943 1522 2042 spectaculum,
1554 1964 1621 2016 et
1650 1965 1919 2018 tantum
1953 1973 2095 2020 uon
2126 1948 2291 2046 ipsi,
2331 1945 2454 2047 qui

365 2062 642 2152 fecerat,
671 2061 1147 2133 miserandum
1175 2089 1189 2132 :
1219 2057 1337 2132 illa
1354 2061 1442 2133 ad
1460 2061 1771 2161 primum
1789 2065 2019 2135 feralis
2032 2063 2220 2137 'succi
2247 2065 2454 2135 haus-

366 2197 516 2249 tum
553 2178 831 2250 insolito
869 2197 1299 2250 consternata
1337 2198 1541 2275 gustu
1574 2177 1791 2275 fugit,
1836 2179 1953 2250 sed
1986 2180 2240 2278 fugisse
2269 2179 2451 2251 'nihil

366 2293 674 2391 prodest:
715 2293 834 2364 illa
866 2293 1208 2392 longiores
1238 2291 1618 2391 expetitura
1650 2313 1880 2391 pastus
1900 2352 1919 2383 ,
1956 2295 2030 2364 in
2062 2295 2281 2365 altum'
2309 2294 2450 2366 tol-

364 2409 551 2498 litur,
593 2410 937 2509 vitamque
980 2410 1053 2481 in
1093 2435 1262 2481 aura
1306 2408 1721 2505 relinquit2:
1763 2405 1911 2481 haec
1938 2407 2176 2508 'primo
2214 2410 2445 2481 statim

366 2523 647 2595 flosculo
691 2525 1113 2596 immoritur:
1167 2524 1287 2595 illa
1338 2524 1837 2622 rigescentibus
1890 2545 2109 2597 morte
2156 2526 2447 2624 pedibus

367 2641 737 2729 exanimis»,
772 2642 950 2712 sicut
976 2642 1291 2728 haeserat,
1327 2639 1617 2738 pendet:
1655 2640 1795 2711 alia
1835 2640 2098 2712 defecta
2139 2641 2446 2712 nisu'ro-

366 2751 590 2842 laudi,
624 2754 848 2826 adhuc
877 2782 997 2854 per
1037 2775 1285 2825 terram
1316 2751 1647 2850 languide
1684 2755 1878 2851 repit.
1912 2755 1981 2825 Si
2011 2782 2179 2851 quas
2211 2775 2445 2827 tamen

365 2896 584 2966 usque
615 2870 703 2941 ad
733 2872 966 2943 sedem
1004 2897 1199 2941 suam
1236 2866 1498 2939 distulit
1524 2892 1711 2938 mors
1736 2868 2223 2957 lentior,·sicut
2251 2893 2444 2968 aegroe

359 2983 584 3056 solent
627 2986 756 3057 sub
799 2985 962 3083 ipsis
1008 2982 1308 3083 pendere
1353 2981 1602 3080 portiS,
1649 2981 1722 3051 in
1761 2980 2051 3078 globum
2093 3008 2334 3070 uean,
2380 3004 2445 3054 et

361 3120 606 3171 mutuo
630 3099 980 3198 amplexas
1005 3124 1189 3170 mors
1216 3097 1360 3169 sola
1389 3095 1637 3168 divisit.
1666 3095 1847 3185 Quis
1877 3096 2169 3194 figurare
2195 3096 2439 3193 possit,

362 3214 515 3310 quis
544 3212 764 3284 dicere
783 3271 802 3302 ,
834 3240 1048 3310 quam
1074 3211 1324 3283 multas
1352 3209 1524 3281 mali
1551 3208 1845 3299 formas',
1876 3213 2092 3306 quam
2115 3209 2298 3280 varia
2326 3209 2442 3281 leti

365 3351 614 3423 genera
635 3327 918 3397 fecerint
941 3347 1039 3398 tot
1060 3323 1352 3397 mortes?
1373 3322 1626 3412 semel,
1647 3345 1731 3408 ut,
1746 3324 1888 3422 ipse
1912 3324 2168 3395 tristem
2196 3324 2440 3396 finiam

349 3440 892 3539 expositionem,
939 3441 1319 3514 dicendum
1354 3460 1488 3529 est,
1530 3466 1773 3511 omnes
1805 3439 2113 3537 perdidi:
2167 3439 2436 3513 celebre

364 3553 537 3626 illud
570 3556 945 3628 alvearium
967 3614 986 3647 ,
1020 3577 1086 3628 et
1118 3555 1407 3628 domiuo
1441 3581 1567 3626 suo
1602 3555 1832 3627 notius
1871 3554 1958 3627 ad
1993 3554 2296 3626 nibilum
2330 3582 2439 3627 re·-

361 3783 425 3818 eo
440 3803 456 3832 ,
474 3767 563 3837 qui
577 3786 759 3822 omnes
771 3789 917 3842 oeque
931 3769 1156 3837 invadit,
1171 3771 1354 3823 durius
1509 3795 1557 3829 2.
1582 3777 1866 3850 Relinquit.
1890 3779 2145 3829 Nimirum
2161 3815 2179 3843 ,
2204 3775 2282 3830 vel
2313 3780 2436 3849 quia

358 3857 533 3898 tamen
557 3845 661 3898 dici
683 3862 832 3919 puto.
859 3849 1028 3901 Bona.
1437 3858 1611 3909 anima
1627 3855 1696 3908 ad
1710 3856 1842 3910 alios
1857 3856 2171 3909 credebatur
2187 3859 2431 3918 transire3

435 3940 478 3974 r.
529 3923 720 3978 Lucem
780 3928 995 3979 vocavit.
1050 3930 1125 3978 Ita
1170 3928 1351 3981 Senec-
1436 3949 1487 3987 et
1510 3949 1569 3988 ut
1592 3950 1762 3989 morte
1789 3956 1869 3989 res
1892 3951 1943 3989 et
1962 3939 2335 4007 patrimonium
2357 3957 2435 3990 re-

353 4002 510 4055 Herc.
536 4005 637 4058 fur.
661 4022 686 4056 -r
699 4023 794 4077 29:
821 4029 844 4054 α
864 4005 1079 4078 Signum
1102 4007 1227 4060 celsi
1249 4010 1355 4079 gla—
1433 4012 1718 4085 linquimus
1751 4015 1894 4080 aliis,
1924 4017 1997 4065 ita
2026 4028 2075 4065 et
2106 4016 2332 4067 animum
2365 4016 2433 4067 ad

363 4105 385 4128 α
404 4082 537 4136 ciale
559 4083 670 4154 poli
694 4083 903 4156 Septem
927 4084 1092 4138 stellis
1120 4087 1352 4140 Arcados
1432 4091 1657 4144 alterum
1682 4094 2046 4157 transituram,
2068 4090 2147 4143 vel
2173 4095 2295 4161 quia
2316 4112 2432 4143 cor-

362 4181 535 4216 «ursoe
575 4162 772 4216 Lucem
812 4183 962 4219 verso
1005 4179 1216 4219 temone
1255 4187 1352 4219 vo·
1430 4190 1532 4242 pus
1557 4186 1636 4223 est
1660 4169 1811 4223 sedes
1836 4185 1888 4223 et
1909 4171 2125 4238 domus,
2146 4191 2303 4243 quam
2321 4175 2429 4222 ani-

360 4256 384 4279 a·
405 4248 542 4286 caut.
562 4259 583 4283 n
608 4235 725 4288 Vid.
743 4236 895 4292 Ovid.
922 4239 962 4290 F
964 4250 1058 4291 ast.
1085 4239 1134 4302 1,
1159 4238 1278 4304 456.
1431 4271 1517 4306 m,
1541 4249 1807 4323 relinquit,
