3200 5117
752 572 876 637 332
1251 577 1342 637 M.
1391 575 1642 638 FABII
1689 576 2329 656 QUINTILIANI

750 721 991 766 omnes
1033 696 1120 766 de
1161 697 1482 794 pauperis
1519 698 1626 767 sui
1664 723 1897 767 amore
1942 696 2412 793 conqueritur,
2453 696 2695 767 incidit
2734 722 2834 766 re·

751 811 1065 882 medium
1090 825 1137 901 ¹,
1172 838 1309 910 quo
1337 811 1490 909 jam
1525 808 1888 888 dicebatur
1921 810 2100 882 alius
2134 832 2403 883 amator
2439 812 2830 911 explicitus:

750 953 904 1024 quae
945 927 1171 1025 prima
1215 926 1423 1024 igitur
1460 924 1949 998 medicamenti
1989 926 2246 1025 pariter
2277 954 2355 998 ac
2400 927 2629 998 dantis
2671 927 2835 998 inte·

749 1042 1020 1141 tegritas
1035 1064 1132 1115 est
1147 1098 1166 1131 ,
1184 1070 1329 1114 non
1347 1057 1718 1140 negatura²
1736 1041 2063 1142 porrexit:
2091 1043 2352 1145 adjuvit
2373 1043 2625 1115 deinde
2645 1045 2832 1141 quod

750 1156 1033 1229 dederat
1049 1189 1066 1245 ;
1116 1157 1482 1256 imperavit
1526 1157 1695 1246 sibi3
1751 1186 1838 1230 ne
1881 1185 2051 1258 quas
2101 1157 2492 1231 admitteret
2535 1159 2831 1258 amplius

751 1298 1018 1369 preceS,
1054 1298 1141 1342 ne
1177 1270 1469 1368 querelis
1503 1271 1904 1362 assistentiS‚
1942 1299 2030 1344 ne
2064 1272 2368 1344 lacrimis
2411 1295 2828 1359 moveretur,

750 1387 1048 1459 exclusit.
1066 1386 1296 1457 Vultis
1314 1387 1482 1458 scire
1499 1446 1516 1476 ‚
1529 1387 1802 1487 judices
1817 1445 1836 1477 ‚
1856 1387 2084 1459 ubisit
2098 1388 2624 1477 medicamenti,
2648 1386 2832 1485 quod

750 1501 1088 1602 objicitur,
1131 1523 1307 1573 totus
1345 1502 1675 1573 affectus?
1708 1502 2046 1601 Quisquis
2086 1503 2332 1574 odium
2372 1502 2567 1574 dedit
2587 1500 2640 1589 3,
2682 1529 2833 1573 om-

751 1616 866 1687 nia
894 1636 1041 1714 post
1069 1616 1200 1688 hoc
1231 1617 1390 1689 facit
1409 1675 1426 1705 ‚
1463 1638 1542 1688 ut
1571 1616 1818 1687 debeat
1845 1617 2096 1687 amari:
2127 1636 2387 1714 quanto
2404 1614 2680 1714 juvenis
2703 1615 2831 1688 hoc

753 1732 1040 1802 melius?
1080 1732 1151 1803 in
1189 1734 1418 1804 forum
1455 1733 1836 1830 aliquando
1870 1732 2154 1804 venisti?
2196 1732 2452 1831 Incipis
2491 1759 2687 1830 agere
2723 1760 2834 1803 se-

752 1846 932 1917 rium
954 1902 972 1933 ‚
1002 1873 1315 1944 gravem:
1346 1845 1495 1944 jam
1519 1846 1702 1944 leges
1721 1904 1738 1937 ,
1762 1846 1912 1945 jam
1935 1846 2094 1945 jura
2121 1846 2460 1943 loqueriS,
2489 1845 2836 1918 convicia-

750 1961 838 2031 ris
858 2021 875 2050 ‚
904 1960 1403 2057 maledicisque
1431 1960 1901 2032 meretricibus
1927 1989 1939 2031 :
1968 1961 2156 2031 hunc
2178 1982 2249 2030 tu
2279 1960 2594 2031 animum
2622 1959 2832 2031 modo

750 2075 929 2146 inter
972 2074 1301 2145 libidines
1353 2103 1430 2145 ac
1478 2097 1700 2146 scorta
1746 2075 2148 2172 perdebas4,
2204 2076 2424 2145 macie
2473 2073 2831 2163 notabiliS,

751 2191 1004 2289 pallore
1028 2189 1390 2279 deformis,
1414 2191 1698 2286 solaque
1726 2188 2171 2286 impatientiae
2193 2209 2323 2258 tuae
2343 2187 2580 2259 fabula
2600 2208 2829 2258 notus:

750 2307 1044 2402 perieras
1080 2305 1354 2394 infelix,
1392 2306 1522 2376 nisi
1559 2305 1842 2376 bibisses
1873 2332 2244 2377 venenum.
2287 2304 2629 2375 Veneficii
2676 2304 2832 2401 agit.

847 2421 966 2488 lv.
1021 2417 1321 2489 Credam
1378 2418 1757 2509 mehercle,
1799 2419 2111 2518 judice8‚
2173 2418 2261 2489 ad
2317 2417 2833 2516 subscriptionis

749 2534 958 2633 hujus
993 2535 1500 2606 immanitatem
1533 2557 1950 2633 exspectasse
1985 2534 2281 2633 publicae
2316 2535 2687 2606 severitatis
2718 2561 2835 2604 au-

750 2678 855 2721 res
874 2708 891 2738 ‚
929 2651 1290 2748 quodnam
1321 2654 1551 2723 seculo
1582 2654 1773 2724 nefas
1800 2652 2147 2723 nuntiaret
2174 2651 2287 2722 hic
2316 2650 2656 2749 gemitus?
2686 2677 2835 2748 quae

750 2766 1082 2866 prosiliret
1111 2769 1365 2840 orbitas
1396 2770 1480 2840 de
1513 2768 1985 2841 novercalibus
2016 2767 2383 2865 quaesitura
2411 2764 2837 2837 commissis?

751 2908 963 2978 quem
1024 2883 1402 2980 pestiferiss'
1460 2883 1818 2956 heredum'
1859 2881 2446 2953 medicaminibus
2517 2901 2832 2951 enectum

827 3109 869 3142 1.
918 3093 1114 3146 Incidit
1155 3096 1451 3146 remedium.
1499 3097 1752 3146 Francius

750 3171 1002 3235 malebat,
1029 3175 1210 3226 incidit
1231 3176 1284 3227 in
1308 3176 1605 3227 remedium.

822 3269 867 3302 2.
891 3253 1012 3303 Non
1035 3265 1302 3325 neqatura.
1329 3258 1456 3305 Puto
1481 3267 1750 3326 neqatura.

750 3331 980 3382 Gnoxov.
998 3334 1116 3382 Non
1130 3347 1380 3402 negatura
1392 3352 1446 3384 se
1459 3336 1752 3403 porrexisse

749 3414 1017 3484 potionem
1033 3450 1048 3476 ‚
1071 3415 1137 3463 ita
1161 3413 1342 3484 paullo
1371 3429 1520 3485 post,
1541 3434 1659 3485 cap.
1690 3413 1721 3464 5
1741 3435 1752 3462 z

754 3514 776 3534 «
793 3490 989 3543 Bibisse
1006 3506 1057 3543 te
1072 3492 1508 3545 medicamentum
1523 3494 1757 3564 probare

757 3595 777 3616 ιι
800 3590 904 3621 non
931 3591 1141 3642 posses,
1172 3576 1272 3624 nisi
1301 3577 1542 3626 meretrix
1569 3576 1760 3625 fatere-

755 3671 778 3696 ·
799 3662 899 3701 tur.
924 3673 946 3694 n
976 3653 1190 3702 Scnnvr.

823 3729 871 3780 3.
912 3729 1152 3799 Quisquis
1188 3730 1360 3781 odium
1394 3731 1551 3783 dedit.
1581 3733 1753 3803 Lego,

753 3809 929 3860 odium
957 3809 1098 3872 bibit,
1121 3823 1178 3860 ut
1200 3822 1411 3880 postea,
1439 3831 1467 3862 o
1495 3832 1653 3884 quam
1687 3817 1753 3865 ti-

751 3906 1003 3953 mueram,
1021 3888 1301 3955 nodker-es,
1314 3894 1622 3944 amatorium
1635 3894 1755 3959 bibi,

751 3980 802 4018 et
835 3966 1012 4017 odium
1037 3970 1243 4040 accepi:
1270 3967 1325 4019 id
1351 3982 1458 4034 est,
1479 3974 1753 4041 potionem

751 4043 874 4096 odii.
901 4045 983 4096 Sic
1014 4063 1242 4118 soporem
1276 4046 1397 4100 dare
1419 4047 1548 4100 dixit
1572 4050 1753 4120 Nepos

748 4125 905 4177 Dion.
923 4142 1025 4195 pro
1050 4128 1401 4195 soporiferum
1424 4142 1628 4198 potum.
1652 4131 1756 4180 De-

748 4204 872 4256 inde
895 4203 1014 4276 lego
1030 4242 1047 4270 ‚
1081 4208 1257 4257 omnia
1277 4220 1393 4279 post
1426 4208 1520 4258 hoc
1533 4207 1679 4279 facit
1700 4220 1760 4259 ut

748 4284 946 4338 desinat
966 4287 1150 4339 amari.
1183 4288 1391 4358 Quanto
1425 4289 1522 4340 boc
1545 4288 1753 4358 melius,

1833 3109 2023 3162 nempe
2062 3108 2219 3161 quam
2256 3088 2521 3158 indulgere
2554 3086 2753 3151 amori,
2778 3099 2835 3136 et

1834 3172 1887 3219 in
1919 3168 2262 3239 lupanaribus
2287 3182 2337 3220 et
2364 3165 2659 3218 libidinibus
2682 3161 2834 3215 volu-

1835 3252 1949 3300 tari.
1978 3254 2059 3300 Au
2077 3289 2093 3315 ‚
2119 3260 2173 3299 ut
2206 3251 2385 3300 debeat
2415 3246 2607 3310 amari,
2642 3244 2697 3296 id
2725 3259 2835 3310 est,

1834 3331 1904 3380 ita
1930 3350 1983 3380 se
2005 3334 2136 3398 gerit
2161 3345 2301 3382 caste
2322 3343 2371 3380 et
2397 3326 2756 3392 laudabiliter,
2780 3340 2840 3376 ut

1839 3412 2009 3461 amari
2032 3412 2223 3461 debeat.
2255 3413 2473 3461 Senum.

1912 3491 1961 3557 4.
1978 3492 2239 3543 Per-debas.
2259 3490 2437 3542 Malim
2451 3487 2643 3560 legere,
2653 3486 2837 3559 prode-

1845 3572 1956 3633 bas,
1983 3584 2033 3621 et
2056 3572 2231 3620 omnia
2259 3589 2354 3640 per
2376 3569 2839 3637 interrogationem

1845 3650 1984 3701 dicta
2010 3655 2279 3721 accipere:
2309 3668 2375 3700 an
2406 3646 2550 3700 hunc
2579 3649 2839 3710 animum,

1838 3750 1947 3801 quo
1968 3749 2110 3782 nune
2131 3732 2443 3782 conviciaris
2464 3728 2839 3792 meretricibus,

1839 3810 1963 3863 olim
2000 3811 2316 3862 ostendebas
2348 3814 2487 3862 inter
2512 3808 2759 3861 libidines
2790 3820 2840 3860 et

1836 3903 2029 3953 scorta,
2046 3908 2209 3961 quum
2225 3891 2415 3941 macies
2436 3902 2487 3939 et
2504 3888 2680 3960 pallor
2691 3906 2843 3939 mon·

1839 3985 2063 4023 strareut
2096 3986 2147 4022 te
2183 3990 2295 4023 esse
2320 3972 2642 4042 mancipium
2674 3987 2840 4021 mere·

1834 4054 2061 4104 tricum?
2089 4055 2254 4104 Burin.

1908 4132 1955 4185 5.
1980 4135 2142 4203 Quem
2159 4132 2431 4204 pestiferis.
2454 4134 2618 4203 Quem
2632 4130 2769 4183 Leid.
2789 4143 2839 4181 et

1834 4214 1988 4266 Vos-3.
2033 4232 2214 4266 omnes
2246 4214 2399 4267 colb.
2448 4227 2501 4266 et
2537 4226 2708 4265 recte:
2745 4206 2840 4261 sed

1837 4313 1979 4347 nunc
2014 4295 2217 4361 malim,
2245 4294 2521 4356 heredum5
2549 4312 2675 4346 nan
2694 4290 2841 4345 nullo
