3200 5117
671 549 939 613 DECL.
989 547 1153 614 ΧΗ.
1205 547 1464 610 PAs‘rl
1513 548 2060 613 GADAVERIS.
2281 571 2397 636 271

422 673 539 745 lx.
570 674 754 769 Ergo
779 669 998 742 rabidi
1026 695 1234 767 super
1262 667 1592 742 cadavera
1623 669 2104 759 incubuimus3
2130 693 2197 744 et
2223 674 2413 745 clau-

323 789 414 862 sis
428 787 644 860 oculis
667 801 682 832 ¹
694 843 714 877 ‚
730 785 925 885 quasi
941 784 1122 857 visus
1136 784 1553 856 conscientia
1568 783 2063 858 acerbior-esset
2080 845 2100 877 ‚
2119 809 2257 861 tota
2273 816 2411 861 cor·

325 929 495 1002 pora
525 900 867 994 morsibus
899 899 1499 998 consumpsimus:
1528 898 1722 972 subit
1752 898 2030 973 interim
2065 891 2305 974 horror
2332 931 2411 975 ex

326 1017 534 1103 facto,
557 1036 622 1086 et
639 1014 949 1101 taedium‚
972 1040 1051 1085 ac
1067 1012 1424 1084 detestatio
1441 1011 1575 1102 sui,
1598 1032 1665 1083 et
1683 1012 2025 1111 planctus:
2045 1015 2165 1087 sed
2192 1002 2413 1114 quum

328 1132 417 1218 ab
453 1130 768 1204 infaustis
803 1128 1114 1259 fugimus
1145 1128 1349 1218 cibis,
1382 1128 1517 1199 urit
1544 1128 1799 1202 iterum
1834 1132 2089 1222 fames3
2128 1155 2198 1206 et
2228 1134 2417 1233 quod

332 1247 545 1318 modo
580 1273 660 1318 ex
692 1273 810 1318 ore
843 1244 1304 1346 projecimuS,
1339 1244 1813 1344 colligendum
1848 1269 1966 1320 est.
2001 1250 2205 1322 Nunc
2238 1251 2415 1322 mihi

333 1361 450 1434 illa
480 1361 662 1432 foeda
696 1360 1049 1451 videntur,
1086 1386 1274 1434 nunc
1307 1360 1818 1454 abominanda,
1847 1362 2053 1437 laceri
2089 1388 2317 1466 artus,
2352 1388 2418 1440 et

335 1475 600 1550 nudata
620 1501 769 1548 ossa
784 1532 804 1564 ,
830 1496 897 1546 et
914 1475 1197 1574 abrepta
1218 1494 1376 1548 cute
1400 1475 1586 1548 intus
1606 1420 1851 1550 cavuri‘i
1877 1499 2115 1577 pectus
2136 1495 2161 1526 ²
2184 1508 2199 1553 ε
2230 1508 2417 1553 nunc

337 1612 706 1664 occurrunt
727 1592 949 1664 effusa
979 1591 1384 1689 praecordia,
1413 1613 1478 1663 et
1506 1591 1731 1664 lividae
1758 1620 1996 1666 carnes
2014 1652 2034 1685 ,
2065 1617 2130 1667 et
2156 1623 2422 1696 expres-
2446 1645 2455 1652 -

338 1733 496 1780 sum
551 1704 874 1779 dentibus
924 1705 1164 1778 tabum
1184 1762 1202 1794 ,
1246 1725 1316 1777 et
1352 1704 1692 1780 exhaustae
1742 1706 2006 1780 ossibus
2055 1710 2417 1784 medullae:

339 1822 759 1921 quantulum
785 1821 974 1893 enim
995 1820 1295 1918 corporis
1312 1821 1534 1896 fames
1550 1822 2022 1921 relinquebat?
2038 1852 2228 1897 nune
2246 1825 2422 1898 illud

340 1937 588 2012 horreo
612 1958 918 2036 tempus,
943 1935 1306 2035 siquando
1332 1958 1451 2009 aut
1476 1963 1730 2012 manus
1751 1938 1991 2012 incidit
2007 1997 2026 2030 ,
2048 1961 2167 2013 aut
2183 1939 2421 2029 facies»,

338 2072 462 2126 aut
474 2051 744 2150 aliquid
761 2051 1093 2149 denique,
1112 2052 1301 2150 quod
1318 2052 1681 2128 hominem
1699 2054 1974 2153 propria
1990 2076 2153 2127 nota
2167 2055 2421 2153 signat:

342 2193 533 2242 nune
566 2167 702 2238 cibi
731 2187 1177 2255 succurrunt,
1212 2192 1388 2263 quos
1429 2167 1788 2265 imponere
1821 2170 1895 2242 in
1928 2196 2243 2241 mensam
2284 2174 2426 2241 nori

344 2309 550 2355 ausus
578 2308 758 2356 sum.
789 2281 1293 2354 Confitendum
1323 2304 1422 2356 est
1448 2284 1673 2373 enim,
1703 2284 2181 2358 devoravimus
2209 2284 2428 2356 homi-

347 2428 470 2474 nes
487 2459 505 2491 ,
531 2422 602 2474 et
616 2400 904 2500 quidem
925 2400 1157 2491 avide,
1183 2400 1303 2497 qui
1330 2400 1455 2474 diu
1483 2400 1661 2473 nihil
1685 2402 2086 2474 ederamus:
2114 2421 2179 2473 et
2196 2422 2431 2472 tamen

350 2516 623 2614 coepisse
657 2514 1159 2588 difficillimum
1191 2515 1349 2588 fuit.
1384 2517 1761 2614 Postquam
1795 2515 1912 2616 jus
1952 2516 2216 2588 factum
2247 2514 2430 2604 3oet‚

351 2651 717 2729 postquam
741 2656 950 2702 nemo
971 2651 1116 2701 erat
1136 2630 1206 2700 in
1229 2630 1502 2702 civitate
1521 2686 1540 2719 ,
1558 2657 1770 2728 quem
1787 2632 2095 2703 confiteri
2115 2629 2433 2729 puderet,

351 2763 503 2816 tum
525 2770 685 2817 vero
706 2743 951 2844 jamin
978 2762 1329 2841 posterum
1355 2743 1814 2841 prospicimus
1829 2743 1883 2832 4,
1911 2765 1975 2815 et
1999 2746 2245 2815 funera
2268 2744 2429 2816 hor-

362 3009 386 3033 u
403 3005 494 3042 mo
508 2985 708 3040 inedias
723 2985 958 3039 durasse.
970 3009 992 3034 ιι
1007 2984 1121 3038 Lib.
1133 2986 1354 3054 X1‚eup.

355 3068 449 3120 ult.
482 3082 532 3121 et
548 3065 788 3140 exempla
808 3066 1108 3130 hominum,
1129 3068 1222 3136 qui
1242 3065 1359 3116 diu-

355 3151 458 3201 tius
473 3151 618 3202 omni
632 3148 757 3200 cibo
770 3147 1094 3200 abstinentes
1103 3148 1359 3213 vixerunt,
1372 3184 1382 3194 .

357 3226 518 3279 babet
533 3227 756 3299 Amplis.
770 3226 994 3299 Tulpius
1014 3226 1236 3280 observ·
1253 3226 1360 3276 Me·

359 3303 520 3357 dicar.
548 3305 637 3356 ub.
664 3306 715 3369 1,
739 3323 856 3375 cap.
884 3305 972 3370 43.
1002 3307 1169 3356 Bona.

439 3399 485 3435 1.
522 3383 712 3436 Clausi-s
744 3381 915 3434 oculis.
955 3382 1220 3436 Proverhii
1251 3383 1363 3433 fon-

362 3481 502 3516 mam
546 3462 710 3515 habet
729 3499 747 3528 ‚
788 3481 885 3533 pro
928 3462 1074 3515 nullo
1120 3477 1362 3578 respectu

362 3541 574 3600 honesti
596 3554 690 3594 aut
710 3544 861 3611 oequi.

431 3638 479 3671 2.
510 3621 704 3672 Canum
734 3632 924 3691 pectus.
955 3617 1098 3674 Laid.
1130 3632 1183 3671 et
1210 3622 1362 3673 Voss.

368 3719 592 3764 omnes,
616 3713 670 3751 et
691 3700 818 3753 editi
841 3719 1051 3765 omnes,
1072 3720 1205 3771 quos
1230 3700 1366 3767 vidi,

367 3795 490 3836 ante
523 3780 847 3836 Leidensem.
878 3784 1076 3834 Canum
1114 3795 1192 3835 est
1228 3783 1368 3835 fame

369 3873 423 3916 et
446 3859 609 3928 longo
628 3860 831 3929 jejunio
865 3878 1116 3926 vacuum,
1146 3873 1205 3913 ut
1230 3858 1369 3914 recte

370 3940 685 3994 Ascensius:
711 3938 784 3988 ita
811 3958 834 3981 ι
851 3938 1068 3990 Inanem
1089 3952 1366 3992 ventrem·

286 4036 292 4043 '
371 4021 511 4080 Dixit
530 4023 714 4074 Horat.
736 4017 839 4072 Sat.
867 4020 918 4083 I,
941 4018 1000 4069 6:
1023 4032 1077 4070 et
1094 4038 1218 4072 mox
1235 4018 1371 4070 Nos·

372 4115 452 4160 ten
464 4120 584 4174 cap.
604 4102 692 4154 13:
714 4122 739 4146 α
751 4099 950 4152 Cavum
964 4101 1131 4152 matie
1146 4114 1365 4171 caput:-

373 4183 474 4234 uisi
495 4179 819 4252 significem
833 4180 1011 4249 potius
1035 4197 1164 4232 cava
1183 4191 1372 4249 pecto-

376 4262 446 4318 ris
469 4262 658 4316 form·
683 4259 850 4314 Bonan.

1511 2986 1562 3038 3.
1585 2985 1900 3055 Jusfacwm
1925 2998 2013 3038 ost.
2038 2985 2098 3038 Id
2122 3000 2201 3040 est
2219 3004 2439 3040 consue·

1441 3062 1598 3128 tudo,
1641 3082 1784 3129 mos,
1827 3062 1915 3114 ina
1963 3066 2074 3115 sine
2119 3063 2339 3114 horrore
2386 3077 2437 3114 et

1441 3154 1584 3192 metu
1629 3141 1841 3194 sceleris
1886 3140 2228 3206 admittendi,
2267 3142 2440 3193 factus

1442 3237 1548 3286 est;
1569 3225 1643 3274 ita
1658 3222 1746 3275 ina
1764 3224 2027 3288 Lucanss,
2045 3241 2073 3275 2
2097 3240 2261 3294 cape:
2289 3223 2443 3274 -Juo-

1447 3325 1469 3348 σι
1492 3321 1595 3373 que
1632 3300 1815 3354 datum
1850 3300 2063 3367 sceleti,
2088 3326 2110 3349 ιο
2152 3319 2268 3373 qun
2304 3300 2440 3356 male

1441 3379 1622 3432 Barth.
1656 3380 1911 3451 explicat:
1947 3393 2024 3433 est
2048 3382 2214 3444 enim,
2243 3378 2443 3450 scelera

1443 3473 1552 3510 tam
1571 3460 1789 3529 impune
1810 3472 1861 3510 et
1880 3459 2366 3530 frequentabunt,
2384 3473 2445 3510 ut

1444 3539 1596 3610 quasi
1623 3540 1744 3607 jure
1777 3539 1915 3589 facta
1938 3537 2263 3590 viderentur.
2282 3538 2361 3589 lta
2393 3548 2447 3588 et

1442 3615 1530 3670 ina
1569 3615 1771 3668 locutio
1791 3617 1913 3686 jum
1940 3633 2058 3679 suo,
2089 3615 2157 3668 de
2194 3633 2299 3686 qua
2335 3616 2453 3684 egid

1447 3712 1563 3746 mus
1587 3712 1777 3765 supra,
1802 3693 1869 3746 ad
1893 3711 2012 3764 cap.
2039 3696 2079 3746 1.

1491 3774 1571 3841 4.
1616 3776 1753 3827 Tum
1787 3792 1903 3827 vero
1929 3778 2043 3847 jam
2079 3777 2137 3827 in
2167 3785 2445 3847 potinum,

1447 3857 1542 3909 lua
1569 3856 1831 3928 particula
1842 3861 1963 3929 jam
1995 3855 2082 3908 hic
2112 3854 2449 3909 incommoda

1449 3937 1688 4003 videtur,
1708 3953 1760 3989 et
1784 3937 2066 4007 legendum
2082 3951 2295 4008 putozn
2271 3938 2450 3989 «Tun

1455 4038 1623 4071 «vero
1658 4020 1823 4072 fami
1809 4038 1865 4069 m
1897 4031 2173 4088 posterum
2195 4019 2451 4090 prospiei-

1457 4116 1682 4150 nnmus,
1661 4099 1881 4149 »utera
1912 4095 1930 4146 ἰ
1962 4094 2176 4150 adhesit
2211 4098 2453 4169 sequenti

1451 4174 1697 4228 voculae
1678 4194 1762 4241 m,
1785 4176 1861 4226 ita
1881 4175 2130 4228 rem-ns&
2141 4176 2287 4248 βω,
2311 4172 2451 4227 unde

1440 4275 1561 4327 jam
1582 4213 1840 4310 fecer-tint.
1867 4256 2033 4310 Boun-
