3200 5117
738 545 856 606 130
1236 544 1327 605 M.
1380 543 1629 604 FABII
1677 541 2322 624 QUINTILIANI

725 689 865 737 tem
918 693 1151 737 meam
1204 687 1480 735 tantum
1528 685 1799 735 caeteras
1848 691 2394 762 supergressam,
2434 691 2511 739 ut
2553 697 2830 767 prorsus

724 783 870 854 haec
915 784 1029 871 sit,
1076 810 1230 880 quae
1276 781 1423 852 fleri
1470 782 1719 852 debeat
1763 808 1982 878 usque
2027 783 2114 850 ad
2151 784 2592 855 caecitatem¹.
2631 788 2829 876 Quid

724 899 916 969 enim
958 924 1198 996 passus
1231 923 1387 967 sum
1425 917 1567 966 tam
1602 896 1788 982 leve,
1828 917 1900 966 ut
1932 923 2073 966 non
2110 900 2526 996 comparatio
2561 902 2694 972 mei
2732 904 2833 974 fe-

723 1017 889 1088 lices
924 1017 1224 1085 aliorum
1264 1014 1470 1085 etiam
1515 1013 1827 1084 miserias
1861 1014 2106 1083 faciat?
2141 1042 2339 1112 grave
2376 1040 2472 1087 est
2507 1045 2546 1087 a
2593 1018 2827 1116 piratis

721 1131 1024 1228 alligari3
1076 1129 1294 1226 magis
1344 1128 1528 1200 dicat
1575 1128 1705 1198 hoc
1751 1130 1874 1226 qui
1933 1130 2136 1218 sciat,
2186 1158 2400 1227 quam
2452 1133 2587 1205 cito
2641 1138 2824 1235 capti

720 1250 1145 1321 moriamur:
1178 1246 1498 1342 alligatus
1526 1273 1678 1315 sum
1702 1277 1718 1333 ;
1743 1246 1858 1316 sed
1890 1268 2124 1317 tamen
2159 1247 2368 1319 miser
2401 1252 2625 1349 magis
2651 1281 2826 1351 que-

721 1394 860 1453 ror,
900 1364 1085 1461 quod
1135 1364 1396 1434 seiutus
1442 1390 1621 1432 sum.
1663 1363 1958 1459 Indigna
2002 1385 2100 1434 est
2141 1363 2464 1463 impietas
2510 1368 2581 1437 in
2626 1395 2820 1460 sum,

718 1511 870 1582 quae
907 1502 1167 1579 quanta
1201 1500 1504 1549 xersetur
1543 1480 1612 1548 in
1652 1479 1782 1548 hoc
1815 1479 2120 1578 judicio,
2157 1481 2437 1553 videtis:
2477 1484 2595 1554 sed
2642 1486 2818 1556 mihi

714 1601 846 1672 hoc
880 1625 1159 1695 quoque
1191 1595 1630 1694 querendum
1666 1617 1796 1682 est,
1833 1597 2022 1694 quod
2053 1624 2166 1668 me
2205 1620 2271 1669 et
2305 1626 2472 1671 uxor
2507 1602 2818 1674 nimium

713 1717 986 1802 dilexit,
1028 1736 1095 1785 et
1144 1713 1349 1785 filius.
1389 1713 1587 1804 Quid
1637 1743 1764 1811 ego
1814 1735 2131 1812 putarem
2176 1715 2246 1785 in
2289 1743 2523 1787 rerum
2574 1741 2822 1792 natura

714 1859 910 1933 posse
948 1830 1267 1930 reperiri,
1304 1830 1491 1928 quod
1542 1830 1833 1901 orbitate
1882 1831 2195 1901 acerbius
2242 1832 2627 1904 videretur?
2674 1862 2816 1906 non

712 1948 1053 2044 contingit
1098 1945 1308 2036 mihi,
1351 1945 1539 2044 quod
1590 1945 1843 2016 caeteris
1893 1946 2363 2017 miserrimum
2410 1970 2547 2038 est,
2588 1950 2814 2022 filium

711 2066 979 2138 efferre.
1046 2066 1299 2133 Parum
1363 2084 1493 2148 est,
1544 2062 1734 2160 quod
1776 2063 2023 2162 juveni
2083 2064 2453 2162 singularis
2515 2069 2815 2166 exempli

710 2209 916 2252 causa
949 2178 1186 2249 mortis
1221 2178 1321 2248 fui
1342 2236 1358 2264 ,
1396 2200 1460 2248 et
1483 2199 1626 2248 tam
1663 2179 1956 2275 pretiosa
1982 2180 2382 2279 redemptus
2415 2182 2681 2273 anima,
2708 2212 2814 2255 se-

716 2323 880 2379 nex,
912 2294 1193 2366 odiosus
1242 2315 1464 2365 morte
1522 2292 1647 2363 filii
1696 2295 1876 2385 mei,
1913 2297 2087 2368 vivo.
2135 2300 2391 2369 Parum
2444 2321 2581 2387 est,
2622 2302 2811 2397 quod

709 2411 885 2480 mihi
921 2411 1184 2481 luctum
1217 2437 1455 2480 meum
1491 2411 1738 2483 fluctus
1774 2415 2234 2504 nunciarunt;
2263 2437 2328 2486 et
2356 2416 2549 2487 aliud
2581 2420 2807 2515 agenti

706 2527 885 2625 patri
915 2524 1143 2596 subito
1179 2525 1262 2596 ad
1302 2524 1465 2596 litus
1500 2526 1752 2598 orbitas
1788 2529 2078 2627 appulsa
2108 2551 2236 2619 est,
2272 2531 2460 2629 quod
2495 2531 2810 2603 miserri-

707 2669 907 2712 mum
933 2643 1271 2743 juvenem
1310 2662 1454 2713 toto
1486 2641 1827 2742 jactatum
1865 2646 2070 2734 mari,
2112 2647 2317 2717 etiam
2351 2647 2406 2718 si
2445 2675 2655 2718 nemo
2692 2649 2807 2719 in-

704 2758 1161 2857 terpellasset,
1195 2785 1345 2829 sero
1370 2760 1775 2857 sepelirem:
1808 2761 2038 2833 adhuc
2075 2791 2149 2833 su
2160 2790 2400 2861 premo
2433 2765 2807 2860 prohibeor

705 2875 970 2962 officio,
1003 2897 1067 2945 et
1098 2902 1184 2945 ne
1216 2875 1386 2973 quid
1423 2876 1650 2947 solatii
1683 2876 2070 2974 contingat,
2106 2878 2322 2976 perdo
2353 2879 2564 2950 etiam
2597 2881 2805 2951 maris

706 2990 1331 3061 misericordiam2:
1360 2990 1584 3091 injicit
1609 2991 1865 3062 erranti
1893 2993 2159 3091 corpori
2192 3021 2490 3065 manum
2529 2994 2803 3083 mulier,

702 3130 767 3180 et
802 3108 1038 3206 piratis
1074 3128 1138 3177 et
1170 3129 1578 3204 tempestate
1616 3107 1995 3196 crudelior3
2028 3131 2234 3207 atque
2262 3131 2337 3181 ut
2365 3110 2645 3182 accedat
2673 3111 2804 3181 do-

700 3224 824 3295 lori
864 3251 1021 3294 meo
1054 3222 1413 3314 cumulus,
1444 3251 1598 3319 quae
1626 3223 1756 3294 hoc
1781 3224 1976 3313 facit,
2013 3253 2179 3297 uxor
2203 3254 2361 3298 mea
2393 3249 2507 3298 est.

802 3342 888 3410 11.
930 3344 1033 3411 Ne
1068 3341 1225 3438 quis
1269 3361 1505 3410 tamen
1541 3363 1722 3412 erret
1768 3340 2045 3438 ignotus
2063 3341 2115 3432 3,
2156 3370 2299 3414 non
2339 3364 2437 3414 est
2482 3343 2609 3414 filii
2662 3343 2797 3413 mei

782 3592 821 3626 t.
851 3574 990 3625 Fieri
1013 3593 1170 3646 usque
1193 3575 1264 3625 ad
1281 3574 1578 3625 caecitatem.
1610 3576 1708 3625 Pa-

700 3657 896 3709 thetice
920 3658 1129 3726 respicit
1153 3654 1220 3706 ad
1242 3657 1417 3706 uxoris
1440 3655 1712 3707 calamita-

703 3755 806 3792 tem
826 3738 1118 3810 quioculos
1134 3737 1317 3789 dolore
1336 3741 1595 3789 amiserat.
1616 3742 1708 3790 En.

773 3838 821 3871 2.
850 3818 1049 3869 Matr-is.
1080 3816 1267 3868 Matris
1286 3816 1706 3883 mi'sericordiam‚

698 3901 849 3952 Voss.
875 3919 953 3970 pr.
978 3900 1161 3963 Maris,
1178 3899 1265 3948 W.
1288 3896 1435 3948 Leid.
1454 3916 1535 3966 pr.
1552 3899 1704 3948 Voss.

700 4000 803 4035 sec.
818 3979 978 4049 Quod
989 3978 1182 4050 probat
1194 3978 1570 4048 Schultingius:
1585 3996 1706 4028 nam

699 4063 878 4115 matris
923 4059 1134 4111 demum
1172 4061 1224 4109 in
1268 4058 1612 4130 sequentibus
1650 4060 1708 4109 fit

698 4145 926 4208 mentio,
951 4155 1002 4192 et
1022 4141 1093 4191 ita
1114 4140 1393 4209 legendum
1414 4158 1527 4190 esse
1549 4138 1708 4190 docet

700 4227 878 4278 similis
910 4223 1107 4275 locutio
1134 4222 1395 4284 Petronii,
1430 4219 1554 4271 loco
1585 4238 1707 4270 cor-

690 4321 886 4377 rupto,
905 4324 1022 4377 cap.
1045 4303 1222 4358 CXIV.
1253 4303 1304 4357 Si
1334 4325 1355 4348 u
1376 4300 1506 4354 nihil
1533 4301 1706 4368 aliud,

1797 3597 1817 3620 u
1839 3591 1978 3628 certe
2023 3576 2222 3629 diutius
2256 3580 2472 3647 junctos
2517 3596 2615 3629 nos
2657 3597 2801 3631 mare

1798 3677 1818 3698 u
1843 3659 2002 3722 feret,
2021 3657 2097 3707 vel
2120 3658 2163 3708 si
2180 3658 2398 3708 voluerit
2421 3657 2715 3708 misericors
2734 3656 2800 3708 ad

1799 3757 1820 3778 a
1841 3734 1979 3786 idem
2024 3736 2145 3788 litus
2192 3736 2452 3807 expellere
2471 3775 2486 3800 ‚
2527 3750 2627 3788 etc.
2651 3760 2672 3782 n
2720 3738 2799 3787 Ita

1791 3836 1910 3868 cum
1936 3820 2055 3869 viris
2075 3818 2245 3869 doctis
2266 3817 2564 3888 legendum.
2588 3818 2799 3869 Miseri-

1790 3916 1898 3948 cors
1934 3915 2077 3947 mare
2114 3911 2225 3961 est,
2261 3895 2406 3966 quod
2453 3914 2564 3947 non
2613 3897 2801 3967 mergit

1790 3976 2105 4046 naufragos,
2132 3990 2183 4026 et
2209 3977 2280 4026 ita
2306 3974 2577 4047 sepultura
2601 3978 2798 4045 privat,

1791 4058 1881 4110 sed
1899 4056 1964 4107 ad
1982 4056 2102 4108 litus
2121 4058 2276 4126 ejicit.
2295 4059 2357 4108 Et
2375 4059 2445 4108 ita
2467 4077 2588 4108 mox
2603 4058 2799 4108 Noster

1789 4154 1971 4191 c.111:
1997 4160 2016 4180 u
2039 4139 2158 4207 Ipso
2197 4138 2329 4188 mari
2368 4137 2549 4187 saevius
2587 4134 2796 4186 latroci-

1795 4243 1816 4263 α
1838 4219 2002 4270 nium.
2028 4241 2049 4262 υ
2078 4218 2244 4268 Bona.

1860 4298 1906 4349 3.
1949 4297 2092 4348 Erret
2132 4295 2349 4369 iqvtotus.
2391 4293 2536 4344 Erret
2569 4291 2792 4364 iqnams-
