3200 5117
66 4261 74 4306 --
66 4149 74 4190 *u-
66 4030 73 4073 —-
66 3915 77 3956 -Ἰ-
67 3799 78 3838 *u*
67 3773 70 3780 ·
67 3681 77 3722 Ὓ
66 3563 78 3604 Ὗ
66 3419 78 3489 Ψ
66 3331 76 3372 -οι
66 3215 72 3256 ι·
69 3095 80 3136 q-

1168 455 1693 522 ExcERPTA.
2353 457 2480 537 415

337 573 615 655 'senem
646 641 664 674 ,
724 601 903 654 novo
956 581 1422 654 consolaretur
1476 580 1828 682 conjugio.
1883 578 2079 669 Quid
2129 599 2364 660 autem
2412 580 2483 651 in

374 696 656 795 publico
699 695 960 769 caecus?
994 723 1346 793 nusquam
1395 696 1630 768 minus
1680 693 2100 785 offenditur,
2146 722 2359 792 quam
2406 696 2481 767 in

373 834 652 883 secreto.
704 813 838 886 Sed
873 811 1093 901 dono,
1124 831 1202 882 ut
1230 830 1624 883 commotus
1654 809 1772 899 sit;
1811 835 1956 881 non
1984 829 2221 882 tamen
2257 808 2432 882 adeo
2461 838 2476 881 :

376 953 731 1025 nusquam
777 926 1262 999 infestissimus
1315 947 1457 998 erat
1507 948 1734 1026 pater,
1767 926 1889 1023 qui
1927 925 1997 996 in
2042 925 2277 1002 locum
2329 952 2485 999 suc-

376 1041 582 1114 cessit
628 1041 1253 1114 oculorum.—N.
1298 1040 1517 1137 Atqui
1562 1066 1687 1140 pro
1732 1061 1956 1112 matre
1999 1041 2227 1140 potius
2269 1067 2483 1114 excae-

378 1178 569 1228 catus
621 1176 740 1228 est.
771 1198 870 1210 —-
912 1157 995 1251 Q.
1054 1155 1239 1227 Patri
1291 1156 1668 1227 caecitatem
1721 1156 2029 1254 praestitit
2053 1214 2073 1247 ‚
2129 1157 2249 1255 qui
2305 1184 2481 1229 ocu-

375 1273 479 1345 los
510 1272 781 1364 amisit,
810 1272 1018 1363 dum,
1050 1298 1265 1369 quam
1297 1298 1420 1370 pro
1446 1299 1528 1345 eo
1554 1272 1959 1369 reliquerat,
1988 1262 2256 1372 repetit.
2287 1274 2480 1346 Nihil

377 1387 557 1486 agiS‚
593 1386 888 1460 mulier:
933 1387 1206 1459 facilius
1245 1407 1371 1475 est,
1409 1407 1488 1458 ut
1509 1386 1785 1476 occidat
1816 1407 2121 1486 patrem,
2150 1415 2194 1459 a
2226 1415 2366 1486 quo
2396 1390 2483 1461 sit

379 1504 521 1602 ipse
564 1525 884 1577 servatus.
920 1504 1270 1577 Omnium
1307 1503 1457 1594 hic,
1488 1531 1665 1603 quos
1694 1505 1979 1577 miseros
2006 1505 2225 1577 fecere
2258 1507 2482 1579 virtu-

377 1638 510 1708 tes,
561 1619 1205 1706 innocentissimus:
1239 1617 1691 1717 parricidium
1720 1619 1995 1718 negavit
2016 1605 2228 1710 ante,
2264 1647 2479 1719 quam

377 1753 571 1830 pater
600 1732 1020 1805 occideretur
1047 1759 1061 1802 ε
1108 1732 1216 1806 fac
1245 1751 1485 1803 tamen
1518 1730 1732 1803 velle:
1767 1731 2118 1830 numquid
2145 1732 2323 1805 illud
2349 1735 2480 1807 ele-

377 1847 581 1945 gisset
615 1869 921 1947 tempus,
962 1874 1103 1946 quo
1134 1873 1277 1917 non
1314 1846 1447 1919 nisi
1477 1872 1641 1918 cum
1667 1872 1962 1917 noverca
1995 1847 2334 1946 reperitur
2356 1875 2482 1947 pa-

374 1963 512 2033 ter?
539 1964 729 2035 Istud
756 1964 962 2036 etiam
988 1961 1218 2034 dono:
1254 1988 1395 2059 quo
1434 1981 1675 2033 autem
1705 1961 1920 2033 modo
1949 1987 2072 2061 per
2100 1983 2199 2034 tot
2231 1962 2479 2038 domos

376 2078 731 2156 inauditus
766 2079 1208 2178 pervenisset.
1240 2080 1452 2149 —N.
1504 2081 1667 2150 Jam
1705 2098 1872 2149 tunc
1918 2078 2051 2150 iter
2092 2103 2471 2153 consuerat.

372 2237 470 2248 -—
499 2197 582 2291 Q.
619 2197 820 2267 Esto:
857 2194 1051 2294 atqui
1085 2220 1230 2268 non
1264 2220 1444 2285 uno,
1493 2221 1638 2265 non
1676 2191 1952 2265 duobus
1986 2193 2238 2266 ictibus
2268 2223 2478 2296 super

374 2310 696 2408 pulvinar
721 2310 1027 2412 jugulari
1068 2308 1380 2409 poterat?
1428 2309 1598 2408 quid
1638 2309 2177 2382 dormis?—N.
2228 2312 2483 2385 Secura

376 2452 587 2497 eram.
607 2470 704 2480 -
725 2427 808 2522 Q.
839 2427 1034 2516 Quid
1064 2425 1254 2524 quod
1273 2425 1327 2496 ¹?
1359 2451 1613 2497 manus
1639 2452 1784 2497 non
1816 2425 2093 2516 erravit;
2123 2453 2266 2498 non
2303 2428 2376 2498 in
2406 2449 2472 2500 te

377 2540 658 2628 cecidit,
683 2541 802 2613 sed
827 2541 1052 2640 ipsam
1080 2542 1229 2641 ejus
1247 2540 1475 2612 statim
1497 2541 1831 2639 percussit
1851 2542 2204 2614 animam:
2235 2570 2472 2614 nonne

375 2655 586 2728 etiam
632 2655 1045 2756 palpitavit?
1087 2682 1324 2730 nonne
1372 2655 1578 2754 plane
1627 2676 1780 2727 tum
1830 2656 2112 2730 citavit?
2157 2678 2232 2730 tu
2275 2658 2474 2758 juxta

374 2770 544 2869 quid
607 2770 918 2843 dormis?
951 2815 1049 2827 -
1089 2773 1181 2843 Ν.
1218 2769 1600 2860 Quomodo
1655 2790 1896 2841 actum
1948 2771 2069 2861 sit,
2122 2798 2165 2842 a
2213 2774 2471 2871 pariete

373 2913 626 2985 quaere.
663 2931 761 2941 —-
794 2888 876 2982 Q.
922 2886 1175 2977 Quivis
1221 2886 1431 2984 igitur
1475 2884 1811 2984 parietem
1860 2884 2119 2983 palmet
2159 2914 2173 2956 :
2224 2888 2470 2959 ²tertio

374 3027 518 3072 non
558 3003 852 3102 tinguet.
883 3001 1017 3074 Sed
1057 3021 1123 3074 et
1153 2999 1434 3098 vestigia
1466 2998 1625 3069 caeci
1662 3026 1740 3069 ac
1772 2998 2084 3070 mulieris
2113 3021 2261 3070 non
2298 3025 2471 3072 con-

373 3118 683 3188 veniunt.
720 3163 818 3172 —-
845 3120 936 3190 N.
986 3116 1228 3209 Quid?
1259 3115 1450 3213 quod
1487 3114 1562 3185 in
1607 3113 1846 3186 limine
1878 3135 2189 3213 repertus
2223 3135 2340 3187 est.
2375 3159 2474 3169 —-

382 3229 464 3323 Q.
499 3231 698 3303 Facie
729 3233 1016 3330 quidem
1041 3234 1130 3306 ad
1162 3233 1524 3332 planctum
1557 3257 1766 3303 versa.
1791 3233 2000 3304 -Ν.
2032 3233 2192 3302 Non
2222 3230 2471 3322 habes»,

375 3345 547 3443 quid
580 3374 705 3446 pro
735 3348 808 3419 in
840 3376 910 3420 se
944 3348 1130 3422 dicas
1149 3348 1201 3420 ³.
1232 3394 1330 3405 --
1355 3350 1438 3444 Q.
1471 3348 1775 3420 Abunde
1809 3346 1968 3438 scis,
2013 3347 2183 3446 quid
2213 3373 2469 3420 nocens

376 3463 689 3561 primum
718 3464 966 3537 abicit?
1004 3465 1216 3556 illud,
1263 3463 1451 3537 unde
1495 3465 1768 3537 facinus
1801 3464 2089 3564 peregit.
2127 3466 2471 3560 Congesta

454 3632 472 3665 1
485 3656 496 3666 .
524 3616 675 3685 Quod
685 3619 837 3690 quod.
856 3620 1015 3671 Forte
1027 3658 1042 3684 ,
1060 3618 1232 3691 Quid?
1245 3619 1387 3692 quod
1469 3641 1491 3664 οι
1512 3636 1740 3691 sequens
1757 3620 1928 3671 minus
1940 3658 1957 3684 ‚
1974 3619 2125 3671 tertia
2142 3617 2465 3670 minumum.-

375 3714 574 3748 manus.
612 3699 694 3750 Sic
737 3700 861 3751 edit.
899 3701 1108 3774 Bipont.
1133 3703 1204 3752 Ut
1240 3719 1379 3752 mox.
1463 3699 1619 3752 Unde
1637 3715 1690 3753 et
1710 3703 2035 3755 contraxisse
2056 3703 2108 3753 in
2132 3720 2320 3766 unam,
2336 3701 2468 3754 duas

381 3777 547 3844 Quid?
577 3782 720 3851 quod
741 3781 795 3833 in
826 3781 1010 3834 limine
1035 3792 1254 3855 repertus
1277 3794 1380 3849 est,
1462 3782 1671 3852 priores
1720 3783 2143 3835 Declamationes
2192 3796 2472 3855 excerpto-

376 3868 426 3905 et
456 3858 652 3911 centies
680 3857 823 3911 alibi.
1462 3882 1575 3915 rem
1604 3863 1858 3917 videmus.
1890 3867 2267 3934 Argumentum
2295 3877 2470 3916 tamen

449 3955 495 3988 2.
524 3939 712 3992 Tertio.
738 3943 797 3992 ln
830 3940 973 3994 MSS.
1004 3954 1085 3993 est
1119 3941 1228 3994 uio.
1260 3960 1382 3994 sen-
1458 3942 1568 3996 fere
1591 3943 1730 3998 idem
1756 3945 1811 3995 in
1835 3943 2070 3996 Declam.
2093 3945 2157 3996 ΙΙ.
2182 3944 2276 3996 Eo.

376 4034 490 4066 sum
516 4030 647 4088 puto
669 4037 783 4070 esse
803 4037 866 4070 ex
888 4019 1035 4070 Decl.
1059 4022 1098 4088 1,
1122 4038 1140 4071 1
1158 4039 1176 4072 1
1199 4041 1211 4070 ε
1242 4022 1380 4072 ιιΒε-
1533 4021 1734 4092 &Quid
1754 4040 1851 4095 pro
1873 4021 1925 4071 in
1950 4041 2001 4074 se
2019 4022 2174 4075 dicas.
2205 4024 2473 4094 Corrupta

383 4121 402 4142 ιι
427 4097 515 4149 bet
539 4101 777 4168 proxima
805 4120 926 4171 pars
955 4121 983 4152 a
1010 4101 1258 4153 cubiculo
1283 4122 1380 4173 pa-
1460 4099 1656 4167 verba,
1695 4118 1795 4151 nec
1833 4104 2112 4171 sequentia
2156 4102 2316 4154 clara.
2349 4103 2476 4153 Mox

383 4197 404 4220 α
428 4178 525 4230 tris
545 4176 741 4231 habere
764 4178 1052 4252 plurimum
1079 4182 1347 4250 sanguinis
1363 4220 1379 4246 ,
1462 4182 1612 4254 lege,
1638 4183 2003 4253 suspicionum.
