3200 5117
717 470 837 545 314
1222 466 1316 528 M.
1365 466 1615 528 FAssn
1665 463 2311 546 me‘rlmffir
2401 505 2409 513 .

716 611 855 679 est,
899 607 1094 659 tanta
1135 586 1571 658 difficillimae
1614 586 1708 657 rei
1754 585 2007 656 laboris
2048 586 2457 657 concordia?
2499 590 2659 660 Nou
2698 588 2832 658 hu-

717 734 929 776 mano
958 705 1122 776 vitio
1156 705 1229 774 in
1268 704 1581 803 proprios
1620 730 1917 803 quaeque
1952 732 2114 776 usus
2154 705 2432 776 lucrum
2477 705 2706 777 ducit:
2754 707 2828 777 in

719 820 1085 920 publicum
1128 821 1410 909 vivitur,
1461 843 1527 892 et
1570 848 1983 892 communes
2026 849 2192 919 opes
2235 845 2710 920 congeruntur
2756 823 2827 893 in

721 939 1039 1010 medium
1062 995 1082 1028 ,
1113 966 1241 1010 nec
1273 941 1374 1009 fas
1405 960 1502 1011 est
1536 939 1843 1010 delibare
1871 961 2078 1037 gustu
2111 941 2339 1039 prius,
2373 969 2588 1040 quam
2623 942 2831 1040 plena

724 1056 968 1127 horrea
1014 1082 1293 1128 securos
1342 1055 1734 1154 spondeant
1780 1083 2074 1126 menses
2124 1055 2305 1145 Quis
2350 1083 2554 1154 porro
2597 1078 2832 1127 tantus

723 1173 928 1244 ardor
953 1172 1178 1271 operis
1199 1230 1216 1262 ,
1245 1200 1481 1271 quaeve
1513 1173 1909 1244 officiorum
1942 1171 2223 1271 partitio
2244 1230 2261 1262 ,
2297 1195 2379 1243 ut
2402 1172 2550 1244 aliae
2578 1200 2833 1268 conge-

727 1311 881 1361 rant
923 1317 1174 1380 onera,
1221 1290 1368 1360 alioe
1408 1290 1785 1387 accipiant,
1831 1289 1978 1361 aliae
2018 1290 2289 1360 linant?
2324 1318 2477 1388 quae
2514 1289 2833 1361 severitas

727 1406 799 1475 in
845 1404 1242 1502 castiganda
1288 1405 1575 1476 inertia?
1624 1407 1853 1477 Multa
1900 1404 2087 1475 dictu
2136 1405 2427 1502 visuque
2466 1404 2830 1476 miranda:

727 1522 1098 1621 praevidere
1133 1544 1605 1620 tempestateS,
1646 1551 1772 1594 nec
1803 1522 2019 1593 dubio
2051 1550 2121 1593 se
2159 1521 2322 1593 caelo
2357 1521 2627 1593 tradere
2651 1578 2670 1610 ,
2706 1547 2836 1592 nec

729 1638 908 1710 ultra
930 1638 1250 1710 viciniam
1275 1639 1518 1711 nubilo
1551 1640 1831 1710 tendere
1856 1638 2040 1737 :jam
2069 1639 2119 1710 si
2142 1639 2318 1710 leves
2337 1637 2647 1737 iniquior
2664 1663 2839 1707 aura

729 1754 955 1852 rapuit
976 1811 993 1842 ,
1015 1754 1101 1826 ad
1131 1754 1526 1852 dirigendos
1553 1755 1623 1824 in
1653 1755 1999 1825 destinata
2022 1781 2293 1842 cursus,
2323 1752 2596 1823 modico
2617 1750 2835 1850 lapilli

729 1870 1035 1969 pondere
1073 1870 1320 1942 librare
1359 1899 1622 1969 pennas
1655 1900 1667 1942 ε
1710 1871 1858 1943 illas
1894 1870 2240 1970 majorum
2283 1891 2642 1968 pectorum
2677 1865 2839 1938 totis

731 2014 855 2084 pro
895 2015 1048 2084 rege
1086 1988 1312 2058 castris
1353 2015 1783 2086 procurrere,
1827 2011 1892 2059 et
1926 1988 2103 2058 inire
2140 1987 2351 2074 bella,
2396 2006 2839 2082 mortemque

732 2103 1097 2174 honestam
1138 2133 1260 2202 pro
1296 2105 1469 2176 duce
1505 2126 1864 2203 oppetere:
1905 2104 2130 2204 adjice
2155 2162 2172 2192 ,
2211 2102 2397 2199 quod
2430 2101 2485 2172 si
2520 2127 2691 2199 quas
2724 2120 2844 2169 aut

734 2240 888 2288 aetas
911 2219 1206 2315 longior,
1231 2241 1349 2291 aut
1372 2221 1661 2291 morbus
1684 2221 2052 2320 oppressit,
2082 2221 2471 2290 efferuntur
2491 2217 2680 2314 prius
2699 2241 2843 2286 cor-

736 2361 934 2432 pora,
966 2336 1433 2434 posteriorque
1465 2365 1794 2434 operum,
1824 2365 2037 2434 quam
2074 2337 2410 2406 funerum
2442 2360 2612 2404 cura
2643 2353 2761 2403 est.

835 2452 1088 2520 Xv'lll.
1119 2451 1316 2539 Quid
1350 2451 1614 2550 illigare
1645 2453 1960 2524 cruribus
1992 2450 2236 2522 flores?
2263 2449 2433 2548 quid
2460 2476 2576 2519 ore
2609 2475 2844 2519 succos

738 2566 811 2635 in
853 2563 1250 2661 publicum¹
1293 2567 1516 2637 ferre?
1559 2595 1672 2638 me
1711 2589 1944 2638 tamen
1987 2565 2202 2664 ipsius
2238 2564 2466 2663 operis
2501 2563 2845 2661 praecipua

736 2680 1101 2751 admiratio
1124 2682 1328 2753 subit.
1359 2687 1515 2754 Non
1541 2704 1641 2754 est
1660 2705 1915 2754 temere
1935 2742 1953 2773 ,
1978 2710 2104 2753 nec
2129 2681 2487 2752 fortuitam
2514 2679 2807 2776 figuram
2824 2735 2842 2766 ,

739 2816 804 2864 et
830 2795 1022 2866 sedes
1060 2797 1268 2868 modo
1304 2801 1725 2897 reponendis
1762 2800 1932 2870 cibis
1958 2797 2301 2897 quaesiisse
2337 2794 2615 2867 credas:
2652 2793 2847 2864 rudis

740 2937 893 2982 cera
941 2913 1422 3010 componitur,
1471 2915 1730 2987 accedit
1778 2914 2021 2986 usibus
2071 2910 2552 2984 inenarrabilis
2594 2909 2840 2978 decor:

740 3055 906 3098 nam
948 3030 1262 3126 primum
1312 3032 1670 3102 tenacibus
1710 3031 2010 3102 vinculis
2044 3030 2510 3102 fundamenta
2545 3048 2846 3122 suspen-

743 3144 954 3230 dunt,
989 3167 1139 3215 tum
1167 3147 1256 3216 ab
1284 3147 1558 3217 exordio
1588 3147 1660 3217 in
1690 3173 1977 3217 omnem
2006 3168 2269 3245 partem
2291 3170 2465 3242 opus
2492 3138 2852 3239 aequaliter

744 3259 1016 3348 crescit,
1061 3285 1189 3331 nec
1234 3261 1625 3359 quidquam
1667 3290 1743 3333 ex
1795 3261 2136 3334 inchoatis
2177 3287 2429 3360 parum
2469 3277 2612 3347 est,
2657 3252 2846 3354 quod

744 3503 953 3566 nequiit.
999 3493 1193 3544 Forte:
1242 3512 1345 3544 non
1374 3497 1501 3561 jura
1547 3495 1759 3548 rationis

744 3571 964 3622 invicem
1003 3570 1188 3642 ligant.
1223 3572 1335 3623 Sive
1371 3573 1548 3636 malis,
1586 3573 1758 3625 vincla

744 3665 836 3702 aut
901 3655 1231 3704 commercia.
1281 3653 1509 3704 Gnouov.
1554 3656 1758 3726 Apibus

746 3743 934 3794 antea,
974 3745 1097 3800 post
1139 3730 1410 3801 Virgilium
1436 3771 1451 3794 ,
1501 3737 1759 3785 rationem

747 3810 854 3860 sive
883 3822 1084 3880 partein
1111 3809 1299 3862 divinae
1333 3815 1552 3876 mentis,
1583 3812 1758 3877 dedit,

744 3885 872 3938 huic
897 3888 1092 3940 rationi
1117 3907 1225 3940 uon
1250 3886 1444 3940 desunt
1472 3893 1628 3943 etiam
1652 3911 1760 3942 ver-

745 3970 844 4036 ba,
870 3988 987 4041 quae
1012 3973 1218 4036 souitu,
1243 3990 1543 4038 murmure,
1564 3991 1761 4024 mussa·

748 4054 892 4104 tione
913 4092 930 4120 ,
989 4066 1050 4105 ut
1095 4056 1290 4124 passim
1340 4058 1492 4107 Maro
1545 4055 1637 4106 lib.
1692 4057 1760 4106 IV

747 4134 940 4203 Georg.
958 4132 1219 4206 loquitur,
1237 4149 1484 4188 constant
1504 4158 1515 4187 :
1536 4155 1618 4208 seq
1628 4154 1760 4186 uun-

750 4226 972 4287 turergo
989 4220 1248 4270 rationem
1265 4228 1316 4269 et
1333 4230 1562 4270 mentem
1577 4217 1758 4282 verba,

1843 3498 1948 3548 sive
1983 3515 2251 3547 mumrura
2279 3495 2401 3557 illa,
2442 3504 2494 3544 et
2529 3492 2600 3542 ita
2630 3491 2857 3540 invicem

1844 3576 1912 3627 ad
1947 3595 2082 3647 opus
2120 3595 2175 3628 se
2205 3573 2574 3635 exhortantur,
2606 3568 2673 3619 ad
2710 3586 2854 3619 arma

1841 3657 2073 3707 clamant
2091 3669 2212 3721 etc.,
2227 3655 2294 3706 de
2312 3653 2503 3724 quibus
2516 3650 2656 3702 conf.
2671 3647 2851 3717 virgil.

1842 3735 1944 3785 loc.
1969 3738 2054 3785 cit.
2079 3754 2106 3785 e
2128 3753 2233 3806 quo
2260 3732 2424 3784 multa
2450 3731 2781 3801 deprompta.

1921 3832 1963 3865 1.
1996 3816 2061 3864 In
2103 3812 2389 3887 publicum.
2425 3806 2762 3881 Capiendum
2798 3818 2858 3856 ut

1843 3897 2027 3968 paullo
2068 3910 2218 3961 ante,
2258 3897 2312 3945 in
2344 3893 2623 3965 publicum
2665 3888 2850 3940 vivere.

1841 3977 2003 4046 Quod
2022 3979 2259 4050 quamvis
2280 3995 2372 4028 ore
2387 3973 2741 4046 prehensum,
2762 3987 2858 4020 un·

1842 4057 1910 4109 de
1950 4057 2050 4108 sibi
2078 4056 2288 4108 fruendi
2319 4052 2614 4126 cupiditate
2636 4060 2857 4123 possem

1840 4135 2086 4198 incendi,
2135 4149 2309 4186 tamen
2359 4133 2609 4185 deferunt
2651 4133 2706 4181 in
2747 4145 2858 4179 me-

1849 4215 2010 4267 dium.
2038 4217 2255 4267 Senum.
