3200 5117
759 557 839 618 50
1260 551 1350 613 M.
1403 550 1650 613 PABH
1699 549 2342 631 QL'tNTtLIANI

754 701 1028 774 semper
1052 701 1258 771 opere
1291 673 1640 760 durandO,
1667 673 1859 769 sequi
1891 701 2135 769 pecora
2166 673 2423 773 prim0‚
2457 701 2688 749 arcere
2709 706 2852 777 gre-

753 793 954 892 gibus
986 794 1189 878 feraS,
1217 789 1475 887 aliquid
1508 818 1782 887 semper
1813 792 2068 861 audere
2106 790 2333 890 majus
2364 793 2587 865 annis.

850 913 968 979 lv.
999 908 1237 978 Ludus
1268 907 1397 975 suit
1425 928 1640 976 rotare
1667 933 1850 993 saxa,
1883 906 2344 1007 vibrarejactu
2371 909 2611 1000 sudeS,
2643 911 2851 985 saltus

751 1028 1001 1120 agitare
1041 1049 1325 1106 venatu,
1365 1052 1523 1095 mox
1556 1025 1946 1120 vigentibus
1981 1024 2245 1095 lacertis
2270 1041 2284 1068 ¹
2331 1025 2636 1099 humum
2671 1031 2852 1101 scin·

750 1146 943 1230 dere,
984 1170 1263 1240 segnem
1301 1142 1551 1212 futuris
1583 1142 1943 1212 novalibus
1977 1168 2214 1212 eruere
2250 1142 2488 1214 silvam
2508 1158 2555 1213 ².
2599 1145 2708 1215 Sic
2740 1148 2846 1217 ef-

748 1262 1007 1331 fectum
1055 1280 1180 1346 est,
1236 1279 1351 1346 ut,
1394 1257 2002 1354 quemadmodum
2043 1258 2263 1355 aliqui
2306 1281 2584 1357 putant,
2623 1286 2848 1359 posset

746 1378 875 1448 cito
905 1377 1218 1447 militare.
1256 1376 1537 1445 Interim
1566 1403 1645 1445 ex
1677 1374 1925 1445 ultimo
1958 1374 2154 1445 litore
2184 1402 2435 1463 ocean,
2471 1404 2509 1447 e
2536 1400 2560 1448 t
2597 1377 2845 1450 direm-

745 1515 860 1591 pta
892 1492 1260 1586 frigoribus
1290 1490 1517 1589 plaga,
1555 1519 1721 1589 gens
1746 1519 1784 1562 a
1815 1517 2049 1561 rerum
2084 1512 2332 1563 natura
2367 1491 2542 1563 bene
2581 1494 2844 1592 relega-

745 1632 816 1682 ta
834 1607 885 1697 3,
909 1607 1151 1679 stolida
1170 1608 1430 1678 viribus
1446 1666 1462 1694 ‚
1487 1607 1827 1679 indomita
1847 1608 2139 1695 feritate,
2171 1608 2471 1679 insolens
2493 1636 2807 1681 successu
2824 1668 2842 1696 ‚

741 1751 869 1794 nec
916 1724 1149 1794 miuus
1200 1723 1599 1793 animorum
1654 1722 2118 1809 immanitate,
2173 1750 2384 1820 quam
2435 1751 2838 1821 corporum,

737 1840 989 1910 belluis
1020 1839 1159 1909 suis
1187 1840 1523 1937 proxima,
1558 1838 1824 1908 Italiam
1852 1837 2253 1909 inundavit:
2285 1864 2411 1908 nec
2437 1859 2670 1909 tamen
2691 1861 2841 1910 tan-

737 1979 887 2024 tum
940 1955 1000 2023 vi
1044 1982 1197 2038 sua,
1248 1972 1591 2050 quantum
1638 1952 1908 2022 luxuria
1949 1952 2397 2049 socordiaque
2441 1975 2835 2024 nostrorum

736 2071 1001 2142 ducum
1046 2070 1250 2154 elata,
1293 2068 1466 2137 dum
1512 2094 1636 2137 nos
1677 2067 1743 2136 in
1793 2067 1974 2137 bello
2006 2094 2285 2165 quoque
2323 2066 2481 2137 vitia
2515 2069 2697 2164 pacis
2726 2096 2839 2139 se-

736 2205 1079 2281 quuntur,
1103 2204 1167 2252 et
1184 2180 1449 2251 delicati
1466 2208 1711 2252 sumus
1731 2181 1937 2252 etiam
1957 2182 2214 2270 miseri,
2231 2183 2603 2253 vastitatem
2625 2183 2831 2281 agris,

735 2299 1181 2370 solitudinem
1204 2298 1585 2396 juventuti,
1616 2296 2002 2394 periculum
2035 2297 2328 2394 imperio
2356 2323 2433 2368 ac
2468 2325 2679 2395 prope
2705 2298 2834 2369 exi-

734 2414 911 2483 tium
943 2412 1201 2482 attulit:
1234 2411 1693 2509 apparuitque
1724 2438 2092 2508 nunquam
2129 2410 2389 2509 populo
2421 2438 2709 2483 romano
2745 2412 2834 2483 ad

736 2528 1280 2628 propulsandam
1308 2527 1686 2625 perniciem
1717 2528 1931 2622 magis
1953 2528 2110 2598 viris
2137 2555 2310 2627 opus
2334 2527 2566 2598 fuisse.
2595 2531 2837 2627 Itaque

734 2673 955 2742 quum
991 2666 1346 2742 appareret
1372 2643 1591 2713 soluta
1643 2642 1901 2712 militiae
1922 2642 2314 2740 disciplina,
2345 2663 2408 2712 et
2437 2670 2577 2713 non
2604 2643 2834 2715 minor

735 2762 937 2832 nobis
966 2789 1199 2859 pugna
1224 2789 1386 2831 cum
1408 2762 1720 2831 moribus
1749 2782 1943 2846 esset,
1982 2788 2196 2858 quam
2237 2788 2401 2832 cum
2441 2759 2824 2833 4hostibus:

733 2878 821 2950 ad
849 2876 1137 2948 unicum
1156 2934 1173 2963 ‚
1200 2878 1283 2949 C.
1313 2876 1524 2962 Mari,
1557 2902 1781 2972 quum
1803 2875 2066 2947 virtutis
2092 2897 2256 2963 tuae,
2280 2897 2431 2946 tum
2464 2876 2828 2948 sanctitatis

732 2992 1233 3089 severitatisque
1268 2989 1666 3088 praesidium
1703 2989 2170 3087 confugimus.

832 3111 918 3177 V.
951 3110 1033 3177 Et
1069 3104 1464 3177 mehercule
1495 3104 1905 3174 festinarunt
1932 3127 2246 3203 parentes
2280 3105 2368 3176 ad
2403 3104 2710 3176 nomen⁵
2744 3103 2831 3175 li·

810 3266 852 3299 ι.
882 3248 1184 3320 Viqeutibus
1209 3246 1426 3297 lacertis.
1461 3248 1581 3297 Post
1608 3265 1740 3315 pue-
1821 3262 2023 3312 cessat,
2068 3262 2120 3299 et
2164 3246 2296 3299 nihil
2343 3249 2547 3318 profert
2591 3243 2823 3298 effoetus.

730 3333 899 3381 ritiam
930 3333 1204 3390 nimirum,
1228 3347 1392 3399 quum
1419 3329 1739 3378 corrobora·
1891 3331 1939 3381 3.
1972 3332 2111 3380 Bene
2140 3328 2380 3400 releqata.
2413 3328 2472 3379 ld
2496 3342 2605 3393 est,
2635 3327 2703 3380 ad
2725 3327 2829 3380 bo-

729 3428 814 3463 tus
835 3413 1253 3480 essrt‚vigentes
1269 3424 1458 3461 nactus
1476 3410 1733 3462 lacertos:
1818 3426 1944 3458 num
1983 3411 2191 3476 generis
2226 3409 2445 3460 humani
2483 3409 2713 3480 relegata
2747 3422 2826 3460 est

729 3513 849 3545 nam
882 3494 1103 3564 viqentes
1134 3504 1256 3542 sunt
1283 3490 1477 3557 validi,
1508 3505 1564 3542 ut
1599 3510 1736 3561 scope
1816 3490 1869 3539 in
1899 3489 2109 3541 ultimas
2139 3489 2280 3541 orbis
2309 3504 2506 3556 terras,
2541 3510 2610 3543 ne
2637 3492 2826 3544 vicinis

728 3572 919 3625 ovidio
946 3571 1169 3640 aliisque
1193 3569 1464 3621 dicuntur.
1817 3587 2030 3621 noceret
2056 3572 2262 3622 feritate
2286 3591 2397 3622 sua.

801 3669 849 3701 2.
898 3651 1117 3721 Sequem
1155 3647 1356 3718 suturis
1406 3645 1733 3699 novalibus...
1888 3650 2130 3718 12.me
2150 3668 2269 3701 cum
2291 3649 2534 3702 hostibus.
2555 3653 2630 3702 lta
2650 3649 2788 3701 Flor.
2805 3689 2822 3716 ‚

726 3729 929 3781 silvam.
961 3729 1142 3795 Segnis
1172 3725 1303 3777 silva
1324 3745 1433 3777 non
1458 3728 1735 3778 invenuste
1814 3729 1905 3782 lib.
1932 3731 2007 3794 11,
2027 3750 2144 3801 cap.
2175 3734 2266 3784 18:
2299 3753 2322 3775 ι
2343 3733 2530 3784 Acrius
2554 3733 2609 3782 in
2634 3733 2822 3784 castris

724 3813 940 3872 dicitur,
965 3827 1081 3880 quae
1110 3807 1300 3859 sterilis
1326 3821 1378 3859 et
1406 3806 1538 3858 nibil
1569 3808 1732 3877 frugis
1820 3831 1843 3855 κ
1865 3829 2023 3882 quam
2048 3813 2100 3861 in
2125 3811 2354 3882 campis,
2373 3826 2556 3862 nostro
2581 3829 2704 3862 cum
2725 3812 2823 3862 mi-

726 3896 901 3947 serens
917 3930 933 3954 ,
961 3891 1081 3941 ideo
1107 3892 1329 3954 eruitur,
1350 3902 1409 3940 ut
1428 3886 1639 3940 novalia
1658 3892 1736 3940 in·
1821 3910 1844 3935 ιι
1864 3889 1985 3954 lite,
2011 3908 2168 3960 quam
2198 3908 2318 3940 cum
2347 3891 2665 3945 numantino
2686 3908 2826 3962 Ρη·

725 3972 791 4026 de
811 3975 967 4036 liant,
988 3990 1104 4043 quae
1128 3973 1295 4040 majus
1318 3970 1490 4022 foenus
1510 3969 1732 4021 domino
1820 3989 1844 4014 α
1865 3967 2101 4019 liatndum
2125 3970 2244 4020 fuit.
2268 3993 2291 4015 ι·

723 4052 969 4104 reddant.
996 4050 1216 4101 Novalia
1242 4051 1384 4100 enim
1403 4061 1528 4100 sunt
1545 4086 1561 4113 ‚
1588 4048 1733 4101 unde
1886 4046 1936 4099 5.
1967 4047 2053 4098 Ad
2080 4066 2287 4100 nomen.
2314 4046 2372 4099 ld
2396 4061 2477 4100 est
2493 4086 2507 4110 ‚
2531 4044 2602 4098 nd
2625 4066 2824 4099 nomen

725 4135 851 4187 oilva
882 4131 1111 4199 tollitur,
1130 4130 1415 4182 definiente
1446 4127 1628 4181 Servio
1661 4128 1732 4181 ad
1812 4124 2048 4178 dandum
2070 4128 2127 4178 in
2149 4128 2424 4190 militiam;
2456 4129 2532 4180 sic
2560 4129 2701 4179 enim
2726 4127 2823 4179 de-

724 4212 907 4283 virgil.
953 4211 1138 4281 Eelog.
1185 4213 1238 4273 1,
1288 4225 1382 4278 71;
1420 4222 1482 4260 ut
1523 4207 1730 4276 eidem,
1809 4205 2009 4259 lectum
2041 4204 2314 4258 habebant
2342 4206 2618 4274 consules,
2645 4208 2822 4259 nomi-

719 4296 917 4364 Geor-g.
942 4295 996 4361 1,
1028 4295 1144 4357 151,
1170 4291 1335 4363 segnis
1360 4307 1614 4362 campus,
1641 4291 1733 4361 qui
1809 4286 1968 4340 nibus
1984 4284 2266 4359 perti-ihm
2283 4287 2495 4339 sortitis.
2516 4289 2611 4339 Eo.
