3200 5117
627 560 901 627 DECL.
949 561 1184 626 xvtr.
1233 561 1721 648 VENENUM
1767 561 2246 625 EFFUSUM.
2357 561 2482 648 373

385 683 444 756 si
463 708 608 757 non
628 685 945 787 injiceres
960 713 1255 757 manum
1286 685 1373 756 ad
1400 685 1775 785 praecipitia
1796 682 2228 784 properanti,
2257 683 2488 756 flecte-

386 825 534 870 rem
559 800 634 871 in
654 801 871 900 plana.
891 827 1192 873 cursum.
1218 801 1471 872 Merito
1497 827 1797 898 prorsuS,
1818 801 2090 888 anima,
2119 816 2485 872 ¹secretum

388 912 980 1015 solitudinemque
1042 936 1431 1014 captaveras
1471 942 1484 984 :
1548 914 1917 987 intervenit
1977 936 2164 1013 pater
2190 972 2209 1003 ,
2253 933 2489 984 actum

388 1049 517 1117 est,
543 1030 722 1127 perit
750 1030 862 1100 ille
887 1050 1211 1128 susceptae
1235 1029 1472 1100 mortis
1498 1029 1724 1118 ardor,
1747 1051 2040 1128 utroque
2069 1057 2194 1100 nos
2217 1027 2492 1100 resolvit

387 1142 640 1213 affectu
670 1157 694 1186 ²
720 1172 744 1214 :
773 1142 946 1214 mori
995 1169 1138 1213 non
1179 1143 1434 1230 debe0,
1470 1143 1526 1214 si
1569 1143 1884 1234 vetuerit,
1928 1170 2073 1214 non
2115 1164 2388 1243 potero,
2430 1142 2487 1214 si

381 1254 690 1355 jusserit.
735 1258 939 1346 Bibe,
987 1257 1263 1355 inquit:
1315 1258 1636 1328 nondum
1671 1258 1957 1356 quidem
2001 1258 2264 1357 potioni
2304 1258 2490 1328 virus

390 1390 706 1468 aptatum
751 1392 887 1443 est:
932 1371 1052 1444 sed
1097 1398 1211 1452 me
1256 1371 1412 1443 ideo
1458 1371 2004 1470 deprehendisti,
2047 1372 2213 1470 quia
2257 1370 2490 1443 adhuc

389 1486 765 1559 terebatur:
791 1488 1015 1560 multa
1034 1508 1270 1561 tamen
1292 1488 1469 1559 mihi
1486 1544 1505 1576 ,
1527 1508 1751 1587 pater,
1773 1507 1932 1559 ante
1951 1487 2274 1559 facienda
2295 1506 2487 1558 sunt:

387 1602 545 1673 volo
570 1603 765 1701 prius
785 1631 1161 1676 convocare
1181 1604 1517 1694 servulos,
1545 1604 1950 1675 contrahere
1975 1604 2284 1694 libertos,
2312 1629 2488 1674 com-

389 1716 688 1815 plorare,
722 1720 1098 1816 conqueri,
1131 1720 1498 1810 mandare,
1529 1719 1833 1791 defendi.
1867 1718 2083 1791 Bibe:
2122 1717 2299 1789 mihi
2326 1744 2487 1790 vero

387 1851 554 1902 tunc
585 1832 918 1934 adjecisse
947 1835 1129 1905 visus
1155 1860 1257 1922 es3
1290 1833 1574 1923 teneriS,
1611 1834 1859 1923 haeres;
1892 1860 2136 1904 eamus
2171 1831 2263 1904 ad
2295 1830 2490 1931 judi-

389 1972 566 2017 cem.
602 1948 815 2038 Bibe:
845 1947 964 2019 sed
995 1947 1127 2019 hoc
1150 1948 1356 2047 jubes
1377 2005 1396 2039 ,
1428 1968 1794 2046 tamquam
1824 1974 2073 2047 negem
2106 1971 2485 2019 venenum.

387 2062 822 2161 Interrogare
852 2089 971 2134 vos
1003 2064 1197 2134 velut
1240 2064 1316 2133 in
1350 2063 1466 2136 illa
1499 2064 1736 2136 secreti
1766 2063 1981 2135 nostri
2010 2060 2374 2162 praesentia
2411 2058 2493 2131 li-

389 2175 544 2261 bet,
579 2204 793 2274 quem
828 2177 1005 2249 mihi
1041 2198 1193 2276 post
1221 2177 1400 2250 hanc
1436 2204 1679 2251 vocem
1709 2180 2034 2250 animum
2066 2176 2281 2249 datis?
2318 2175 2492 2248 dicit
2528 2219 2533 2224 -

389 2288 521 2363 hoc
566 2312 954 2383 accusator,
981 2292 1146 2364 dicit
1185 2293 1317 2364 hoc
1344 2293 1595 2382 victus,
1641 2293 1814 2365 dicit
1835 2313 2126 2382 secreto,
2158 2292 2324 2364 dicit
2350 2291 2447 2363 sic
2469 2344 2488 2381 ,

388 2425 467 2475 ut
494 2406 707 2503 possit
734 2434 1024 2505 negare,
1061 2407 1130 2480 si
1155 2407 1425 2480 bibero.
1458 2408 1670 2479 Bibe:
1709 2435 1838 2506 ego
1874 2407 2166 2507 quidem
2202 2405 2396 2494 volo,
2427 2427 2495 2479 et

387 2518 521 2591 hoc
566 2548 794 2619 quum
841 2523 1146 2594 maxime
1190 2550 1391 2620 paro,
1436 2525 1554 2594 sed
1601 2544 1830 2598 totum
1877 2524 2068 2603 hunc
2117 2522 2441 2595 animum
2469 2580 2490 2613 ,

390 2659 630 2724 senex,
673 2656 794 2706 tua
828 2636 1145 2708 aviditate
1190 2638 1518 2712 mutasti„
1554 2638 1787 2710 Bibe:
1817 2638 1985 2737 quid
2021 2659 2224 2710 restat
2255 2637 2488 2725 aliud,

391 2772 603 2844 quam
638 2768 717 2819 ut
746 2748 1120 2820 recusantis
1150 2776 1269 2820 ora
1300 2749 1625 2826 diducas?
1655 2776 1734 2823 ut
1768 2752 2098 2824 infundas
2123 2780 2245 2850 per
2274 2779 2488 2851 oppo-

387 2860 548 2933 sitas
599 2863 893 2937 manus?
934 2864 1111 2935 mihi
1139 2887 1503 2938 verotunc
1537 2867 1785 2942 excidit
1822 2868 1994 2967 quid
2030 2868 2274 2954 velim,
2317 2868 2487 2967 quid

389 3004 720 3075 paratim.

486 3094 743 3168 xvlss.
803 3096 974 3168 Vidi
1020 3118 1245 3172 truces
1277 3099 1627 3198 loquentis
1673 3099 1942 3188 ocuTOS,
1986 3099 2214 3171 vultus
2259 3099 2485 3196 parri-

390 3210 592 3282 cidali
621 3213 862 3286 ardore
891 3215 1206 3288 suffusos.
1219 3244 1252 3287 :·
1256 3216 1493 3318 juberi
1524 3216 1697 3288 mihi
1724 3216 2037 3304 videbar,
2072 3237 2150 3287 ut
2167 3215 2484 3286 biberem

390 3347 590 3398 tuum
617 3353 991 3419 venenum.
1008 3333 1323 3423 Nescisti,
1344 3330 1591 3431 pater³,
1612 3332 2068 3430 pertinaciam
2093 3357 2326 3401 meam
2350 3356 2489 3402 ser-

389 3469 578 3532 vare,
611 3444 919 3517 nescisti:
955 3446 1185 3542 filium
1225 3469 1504 3547 propter
1531 3469 1596 3520 te
1634 3446 1810 3518 mori
1842 3445 2190 3518 volentem
2234 3445 2488 3544 depre-

389 3557 854 3632 hendisti.Vis
884 3562 1241 3636 occidere?
1269 3585 1452 3636 veta:
1487 3563 1735 3636 invade
1765 3562 2099 3663 poculum
2119 3619 2138 3652 ,
2184 3586 2272 3632 ne
2302 3560 2487 3632 hau-

391 3673 602 3764 riam,
659 3675 946 3750 bibam:
1006 3679 1355 3770 exclama,
1404 3661 1814 3770 temerarie,
1864 3678 2034 3775 quid
2073 3675 2282 3748 facis?
2333 3675 2485 3776 jam

392 3788 628 3862 desino
657 3790 890 3882 irasci,
922 3793 1077 3893 jam
1114 3815 1409 3868 revertor
1445 3796 1516 3867 in
1552 3796 1903 3895 gratiam:
1942 3792 2486 3894 properabo,'ut

467 3985 510 4020 1.
540 3969 734 4022 Merito
764 3990 970 4043 prorsus
999 3976 1206 4040 anima,
1230 3992 1390 4027 secm-
1470 3994 1592 4027 vere
1624 3994 1724 4026 nec
1754 3974 1890 4025 mori
1912 3972 2100 4037 velim,
2132 3969 2237 4023 vid.
2274 3971 2482 4022 initium

390 4060 518 4102 tum.
549 4051 715 4120 Iege:
746 4074 768 4097 α
788 4053 979 4104 Merito
1003 4072 1220 4124 prorsus
1236 4092 1253 4120 ,
1278 4056 1389 4106 ani·
1471 4054 1629 4126 hujus
1653 4054 1801 4105 Decl.
1829 4054 2048 4105 Senum.

394 4150 418 4173 c·
437 4148 549 4194 me,
568 4142 844 4182 secretum.
869 4154 892 4179 ι
922 4131 1157 4184 Gnonov.
1181 4131 1389 4184 Anime.
1497 4159 1508 4166 ·
1544 4135 1593 4187 3.
1634 4134 1869 4188 Nescisti.
1886 4173 1904 4199 ‚
1940 4145 2107 4205 pater.
2154 4131 2478 4202 Praecepisti,

385 4205 641 4259 Obrecht.
1467 4226 1635 4286 pater,
1670 4213 2011 4283 pertinaciam
2046 4228 2216 4263 meam
2246 4226 2443 4261 servare
2459 4246 2476 4271 ‚

460 4305 509 4341 2.
536 4290 763 4363 Utroque
783 4288 1007 4364 affectu.
1022 4290 1184 4361 Quod
1204 4311 1302 4348 nec
1325 4296 1395 4352 vi·
1471 4294 1693 4348 nescisti.
1711 4293 1886 4363 ‚Gnox

2689 0 2723 10 Ἴ

2743 0 2822 9 ,Ὗ
2845 0 2891 6 „-*
