3200 5117
702 559 994 621 DECL.⁴
1021 557 1187 620 xli.
1233 554 1497 618 PASTI
1545 555 2093 620 CADAVERIS.

360 681 618 754 radices
647 679 1002 767 vellimus,
1038 699 1124 750 eo
1155 677 1446 774 quidem
1480 675 1759 766 fortius,
1797 698 1875 749 ut
1906 678 1964 749 si
1998 679 2145 751 fieri
2189 681 2396 778 possit
2418 739 2437 771 ,

356 797 430 869 in
461 820 814 867 venenum
847 791 1272 880 incidamus,
1306 791 1682 866 subeuntes
1717 791 2031 865 insolitos
2057 808 2075 837 ¹
2114 793 2339 884 cibos3
2375 816 2440 867 et

356 910 799 1008 sicubi-forte-
826 907 1109 978 uberius
1147 904 1380 1004 paullo
1412 905 1755 1005 pabulum
1793 906 2113 1006 contigit,
2155 908 2241 980 de
2284 936 2439 1008 pas-

353 1025 499 1099 cuis
546 1024 691 1096 rixa
734 1044 864 1094 est:
915 1021 1558 1093 amaros.fruticum
1601 1021 1918 1113 cortices,
1969 1044 2038 1094 et
2082 1050 2435 1099 ramorum

355 1140 538 1212 male
575 1137 914 1210 arentium
952 1135 1243 1234 pallidas
1282 1135 1564 1207 frondes
1606 1134 2076 1235 decerpimus:
2118 1139 2437 1213 morbida

354 1252 700 1353 quidquid
750 1254 971 1325 fames
1018 1251 1278 1347 coegit,
1326 1277 1574 1349 corpus
1614 1250 1934 1324 admisit:
1977 1255 2129 1355 jam
2179 1257 2435 1354 passim

355 1369 781 1456 moriuntur3
812 1387 880 1439 et
898 1366 1370 1466 pestilentium
1396 1393 1586 1438 more
1613 1368 1965 1465 pecudum
1989 1370 2288 1444 subinde
2314 1373 2435 1445 ali-

355 1484 514 1583 quis
536 1510 615 1555 ex
634 1482 897 1583 populo
921 1483 993 1554 in
1012 1482 1177 1581 ipsis
1196 1482 1464 1581 pascuis
1483 1482 1883 1581 procumbit
1904 1512 1919 1555 :
1945 1485 2245 1559 crebrior
2263 1514 2436 1585 quo-

342 1599 523 1671 -tidie
555 1599 903 1690 interituS,
938 1620 1007 1671 et
1041 1599 1239 1672 latior
1269 1620 1550 1697 strages3
1593 1620 1694 1689 et,
1730 1626 1845 1672 me
1880 1599 2245 1675 miserum!
2280 1605 2431 1705 jam

350 1714 572 1785 fames
599 1714 871 1785 desinit.
925 1793 929 1798 ,

351 1859 360 1892 ι
449 1830 635 1899 vul.
669 1828 867 1919 Quos
899 1850 1100 1901 tester
1134 1829 1337 1901 deos?
1367 1851 1774 1928 superosne,
1802 1840 1980 1928 quos
2006 1858 2130 1930 per
2159 1852 2429 1918 tantum

350 1944 544 2015 nefas
562 1944 954 2043 fugavimus
974 1942 1003 2014 Ρ
1021 1971 1110 2016 an
1136 1944 1390 2016 inferos
1407 1999 1426 2033 ,
1453 1971 1627 2043 quos
1647 1943 1846 2017 nobis
1866 1946 2433 2044 permiscuimus?

351 2085 441 2131 an
474 2080 779 2132 nostram
822 2059 1083 2131 malam
1109 2059 1932 2152 „conscientiam,.omniu
1969 2089 2096 2134 nos
2126 2084 2287 2135 ante
2322 2063 2431 2133 fe-

350 2174 517 2248 ciss'e
540 2231 560 2265 ,
596 2200 751 2272 quae
791 2201 1004 2247 nemo
1045 2195 1288 2273 praeter
1319 2201 1445 2247 nos
1484 2175 1682 2248 fecit?
1722 2203 1970 2275 pecora
2010 2177 2428 2265 cecidimus3

351 2316 631 2390 campos
657 2290 1034 2363 evulsimus
1050 2304 1110 2378 ²3
1134 2290 1335 2363 silvas
1358 2289 1818 2364 destruximus
1834 2290 1898 2380 ³3
1926 2292 2290 2365 novissime
2315 2292 2430 2363 ni-

349 2403 451 2476 hil
479 2405 795 2478 relictum
820 2428 920 2479 est
947 2406 1589 2511 praeteresurientes
1620 2426 1687 2478 et
1714 2428 2040 2479 mortuos.
2071 2407 2142 2479 Si
2170 2434 2309 2505 qua
2333 2425 2431 2478 est

350 2520 526 2593 fides
539 2576 558 2611 ,
580 2520 874 2594 libenter
889 2520 1070 2592 hanc
1089 2542 1354 2620 partem
1371 2522 1816 2594 accusationis
1833 2521 2126 2594 subinde
2143 2522 2391 2594 differo
2408 2548 2422 2592 ε

350 2636 526 2707 adeo
563 2636 685 2707 ubi
724 2633 1000 2709 tantum
1044 2638 1234 2710 nefas
1275 2638 1701 2709 narrandum
1746 2660 1882 2729 est,
1930 2640 2159 2711 etiam.
2185 2640 2429 2738 exigna

348 2769 746 2848 temporum
765 2752 957 2823 lucra
977 2752 1210 2823 sectari
1234 2752 1406 2823 libet
1421 2809 1440 2841 ,
1462 2773 1527 2822 et
1549 2779 1820 2825 necesse
1840 2775 1940 2826 est
1962 2780 2078 2826 reo
2094 2755 2425 2846 indicare,

350 2864 472 2961 qui
506 2892 548 2936 a
580 2865 779 2937 malis
814 2865 1109 2964 publicis
1142 2867 1391 2957 abfuit,
1428 2867 1908 2964 quammultis
1940 2895 2082 2940 non
2117 2870 2207 2941 ad
2239 2870 2427 2942 diem

345 2981 627 3053 venerit.
668 2983 1038 3080 Ignoscite,
1074 2983 1171 3055 dii
1203 2983 1691 3081 hominesque,
1725 2983 1960 3055 sceleri
1993 2983 2280 3081 quidem
2312 2984 2427 3056 ul-

349 3093 517 3170 timo
532 3151 552 3186 ,
572 3096 694 3171 sed
712 3118 946 3171 tamen
965 3098 1154 3197 quod
1170 3100 1408 3173 fecisse
1424 3100 1892 3173 miserrimum
1909 3119 2041 3171 est:
2061 3125 2204 3170 non
2222 3101 2425 3172 habi-

2310 559 2434 646 269

425 3325 445 3358 1
458 3347 470 3360 .
496 3309 736 3365 lmolitos
753 3314 886 3366 cibos
900 3316 1178 3369 subeuntes.
1204 3318 1343 3369 Gro-

349 3388 565 3439 novium
586 3388 816 3443 voluisse
832 3429 849 3455 ,
872 3394 1106 3446 obeuntes
1127 3393 1346 3447 insolitis

350 3468 502 3533 cibis,
534 3482 683 3522 notat
704 3470 782 3524 Cl.
818 3473 1188 3544 Schultingius.
1211 3474 1345 3526 Mihi

348 3547 552 3619 placet,
570 3552 835 3606 subeuntes
853 3554 1083 3608 insolitos
1100 3557 1261 3621 cibos,
1285 3570 1345 3607 ut

346 3626 509 3679 subire
528 3629 789 3698 pericula,
815 3645 868 3683 et
889 3633 1072 3685 similia
1099 3632 1347 3701 dicimus,

345 3708 420 3760 ita
445 3707 696 3762 subibant
709 3712 856 3765 cibos
876 3714 1117 3767 insolitos
1137 3712 1345 3780 fortius,

350 3798 409 3837 ut
424 3786 715 3842 inciderent
733 3794 787 3842 in
807 3810 1008 3844 venena
1020 3830 1036 3857 ,
1061 3794 1175 3864 ‘quoe
1193 3795 1346 3845 mise-

347 3883 464 3918 ram
497 3868 658 3919 vitam
697 3867 923 3921 finirent.
960 3872 1043 3924 Sic
1060 3892 1082 3921 .·.
1118 3894 1140 3919 ι
1160 3872 1345 3924 Subit-e

354 3968 376 3993 ιι
396 3946 701 4001 dominum·
721 3948 953 4002 Declam.
972 3952 1063 4016 lx,
1078 3951 1144 4003 ad
1159 3952 1343 4005 finem:

346 4039 528 4097 posset
562 4039 615 4078 et
650 4026 783 4096 legi,
815 4026 1077 4095 fodientes
1119 4029 1345 4082 insolitos

348 4108 509 4175 cibos,
545 4121 605 4159 ut
635 4108 799 4160 subire
824 4120 876 4160 et
900 4106 1088 4177 fodere
1123 4109 1345 4162 confun-

231 4208 235 4212 ·
347 4188 483 4242 dunt
497 4192 640 4247 MSS.
656 4189 800 4263 apud
813 4191 940 4244 Stat.
955 4189 1124 4244 Theb.
1140 4193 1209 4256 X,
1225 4192 1343 4262 269.

347 4268 512 4321 Boni.
1215 4309 1222 4316 ·

1496 3336 1523 3369 2
1534 3356 1546 3367 .
1571 3317 1807 3369 Evulsim
1815 3336 1886 3368 us.
1923 3316 2212 3368 Barbarum
2245 3331 2350 3384 est,
2368 3289 2426 3370 'et

1423 3394 1695 3447 evellimus
1706 3392 1989 3448 dicendum
2001 3416 2016 3457 3
2029 3394 2152 3446 licet
2164 3394 2424 3449 diversum

1423 3477 1651 3528 sentient
1662 3476 1816 3528 multi
1829 3477 2169 3529 Grammatioi
2179 3516 2195 3543 ,
2212 3495 2318 3549 qua
2335 3495 2424 3530 ve-

1426 3567 1587 3618 teres,
1608 3571 1715 3626 qua·
1731 3556 2050 3607 recentiores
2069 3578 2083 3606 :
2102 3554 2223 3607 vide
2242 3557 2419 3609 Heius.

1426 3631 1493 3683 ad
1513 3631 1667 3684 Ovid.
1688 3634 1896 3703 Ep.vl,
1924 3633 2049 3700 1045
2066 3646 2118 3685 et
2130 3636 2256 3687 Met.
2277 3636 2422 3703 vm,

1428 3712 1550 3779 584.Ι
1575 3715 1745 3766 Banu.

1496 3792 1546 3844 3.
1570 3790 1742 3846 Silvas
1758 3793 2114 3847 destruximus.
2139 3795 2422 3850 Dexo—tui·

1425 3890 1540 3925 mus
1552 3870 1765 3926 volebat
1782 3872 1956 3944 Δωρί.
1972 3876 2164 3943 Cuper.
2181 3876 2270 3938 IV,
2289 3876 2419 3928 obs.

1427 3952 1486 4018 5,
1513 3966 1564 4005 et
1597 3953 1705 4006 hoc
1739 3973 1794 4006 ee
1817 3953 1895 4006 Cl.
1931 3952 2260 4025 Schultingio
2295 3975 2423 4028 pro-
2518 3967 2543 3988 ¹·

1423 4030 1578 4085 basse
1621 4031 1826 4093 sci-ibin
1867 4044 1919 4082 et
1954 4030 2201 4102 intelligit
2237 4033 2304 4085 de
2334 4054 2422 4087 rn-

1424 4115 1523 4165 mis
1560 4113 1749 4165 solum.
1769 4126 1820 4164 et
1857 4112 2269 4178 corticibus,·de
2304 4119 2425 4187 qui-

1424 4193 1526 4245 bus
1547 4194 1661 4246 ,hac
1683 4190 2080 4249 Declamatione
2111 4196 2296 4249 tolient
2321 4214 2419 4265 ego

1426 4270 1554 4326 nihil
1577 4286 1745 4329 muto.
1766 4273 1936 4328 Bon.
2355 4274 2364 4283 ’
