3200 5117
603 597 1234 670 DECLAMA‘rlo
1280 598 1403 661 lv.
1452 552 1975 665 pno'mmo.
2272 595 2345 662 ει

266 728 642 802 discrimen
676 715 937 825 agitur:
970 745 1046 794 tu
1076 721 1255 794 mori
1297 720 1738 819 periclitaris;
1784 748 1912 820 ego
1943 741 2212 821 patrem
2245 723 2360 795 in..

267 847 449 918 vitus
478 842 809 917 occidere.

367 962 489 1031 vl.
526 961 678 1030 Hoc
708 956 1023 1057 primum
1060 953 1296 1051 itaque
1354 976 1601 1023 excuso
1645 950 1872 1043 vobis,
1929 973 2152 1051 patres
2194 981 2367 1027 eon-

271 1075 531 1174 scripti,
563 1073 748 1171 quod
773 1069 1142 1171 praemium
1172 1088 1331 1168 peto
1354 1092 1369 1137 t
1391 1067 1550 1138 satis
1574 1066 1660 1139 sit
1677 1065 2009 1140 hactenus
2028 1068 2152 1139 viri
2175 1069 2366 1141 fortis

272 1217 538 1265 nomen
557 1212 922 1289 agnoscere
938 1241 957 1273 ,
975 1185 1324 1285 hujusque
1353 1182 1828 1256 auctoritatem
1848 1210 2049 1255 sacrae
2069 1184 2238 1284 legis
2256 1206 2367 1257 at·-
2477 1205 2482 1210 ·

272 1309 576 1408 tingere,
602 1326 680 1377 ut
719 1304 916 1376 illam
947 1302 1021 1373 in
1045 1300 1569 1373 advocationem
1595 1327 1795 1374 sacrae
1834 1302 2072 1375 mortis
2091 1317 2108 1348 ¹
2147 1303 2371 1376 addu-

275 1409 462 1497 cam.
498 1420 911 1493 Relaturum
939 1443 1055 1490 me
1085 1417 1339 1516 putatis
1368 1414 1486 1489 illa
1523 1417 1889 1516 optionum
1915 1418 2122 1490 verba
2145 1419 2375 1492 solen-

278 1540 441 1629 nia,
501 1561 647 1609 non
696 1560 940 1634 capere
989 1559 1412 1633 magnorum
1463 1534 1678 1631 pretia
1730 1534 2138 1606 meritorum
2195 1535 2374 1608 solas

282 1651 666 1750 aequitates²
687 1675 702 1719 ε
732 1668 920 1721 tanta
938 1646 1535 1720 remunerandum
1550 1647 1972 1746 benignitate
1987 1650 2176 1747 quod
2190 1652 2381 1723 forti-

280 1789 387 1840 ter
418 1764 582 1837 fecit
610 1762 889 1861 aliquis,
906 1784 1166 1860 quanta
1188 1761 1661 1852 sollicitaretis,
1680 1782 1759 1834 ut
1783 1763 2072 1837 faceret:
2109 1766 2379 1838 nemini

286 1906 606 1978 unquam
660 1877 894 1951 minus
945 1877 1275 1950 solvendo
1328 1877 1566 1949 civitas
1632 1878 1773 1951 fuit
1821 1904 1836 1948 t
1894 1879 2174 1978 praestiti
2231 1901 2387 1979 post

290 1995 483 2094 quod
532 1995 712 2067 mori
765 1995 1097 2067 continuo
1148 1994 1501 2067 deberem.
1563 1993 1702 2066 Sed
1760 1995 1982 2067 securi
2036 2016 2247 2068 estote
2297 1996 2384 2067 de

292 2112 612 2185 aviditate
666 2138 960 2183 summae
1021 2110 1373 2212 potestatis
1416 2138 1431 2181 :
1490 2109 1669 2182 illud
1726 2110 2124 2203 infinitum,
2206 2111 2387 2183 illud

294 2226 791 2317 immodicum,
826 2226 1019 2323 quod
1059 2225 1261 2297 nobis
1294 2224 1668 2298 voluerunt
1710 2224 1915 2296 licere
1943 2225 2130 2323 leges
2153 2282 2172 2314 ,
2208 2224 2390 2297 intra

296 2369 368 2416 se
401 2342 750 2415 consumit
779 2340 936 2431 ille,
978 2342 1100 2438 qui
1143 2340 1467 2413 meruit3.
1495 2341 1801 2432 Titulos,
1840 2340 2216 2441 imagines,
2262 2342 2393 2414 ho-

300 2484 531 2546 nores,
566 2476 825 2529 servate
855 2455 1173 2529 victuris:
1223 2454 1396 2527 mihi
1447 2476 1754 2553 praestate
1796 2455 2091 2528 salutem
2138 2459 2349 2556 patris
2369 2517 2390 2550 ,

302 2570 772 2668 innocentiam
824 2595 1096 2659 meam,
1144 2589 1540 2667 temporum
1593 2568 1977 2667 pudorem:
2022 2596 2252 2669 quaeso
2300 2599 2392 2646 ne

303 2684 483 2757 mihi
531 2683 684 2756 ideo
718 2683 1085 2783 praemium
1115 2681 1415 2781 negetis,
1450 2682 1614 2779 quia
1644 2683 1948 2755 fortassis
1996 2706 2062 2756 et
2100 2683 2234 2758 hoc
2264 2687 2394 2759 de-

302 2791 523 2873 beatis
570 2798 832 2890 odisse,
892 2797 1084 2897 quod
1135 2796 1400 2870 fortiter
1443 2797 1627 2868 feci:
1676 2819 1861 2871 extra
1913 2800 2250 2874 invidiam
2296 2825 2398 2877 est

306 2913 530 3012 optio,
587 2939 811 3011 quum
858 2912 930 2985 id
979 2912 1287 3012 exigam,
1339 2910 1530 3012 qnod
1584 2912 1956 3010 impetrare
2017 2917 2395 3014 potuissem

308 3031 556 3120 etiam,
586 3051 965 3128 antequam
1024 3029 1287 3102 fortiter
1328 3031 1670 3101 facerem:
1721 3056 1891 3102 nam
1941 3031 2130 3129 quod
2179 3032 2401 3105 obiter

310 3147 612 3247 optionis
642 3147 852 3219 reddo
896 3146 1270 3238 rationem,
1305 3172 1574 3246 quaeso,
1614 3173 1702 3218 ne
1737 3146 1894 3245 quis
1934 3147 2092 3220 ideo
2119 3175 2235 3221 me
2279 3177 2401 3251 pa-

313 3289 473 3334 rum
497 3283 617 3335 aut
642 3262 928 3361 praemio
962 3262 1172 3334 fidere
1205 3261 1470 3355 credat,
1501 3282 1625 3335 aut
1656 3262 1915 3354 causis,
1948 3263 2114 3361 quia
2152 3266 2401 3339 utrius-

393 3467 439 3503 ι.
458 3451 524 3503 ln
543 3450 932 3504 advocationem
950 3468 1105 3504 sacroe
1121 3451 1314 3504 mortis.
1399 3448 1707 3505 conditione
1734 3451 1900 3507 civilis
1928 3466 2129 3521 status,
2156 3453 2253 3507 ubi
2284 3473 2402 3507 om-

311 3533 544 3588 Mortem
568 3551 775 3585 sacram
790 3531 1107 3604 ,parricidii
1129 3551 1318 3605 exper-
1398 3553 1492 3587 nes
1514 3538 1717 3606 pariter
1737 3547 1790 3587 et
1813 3554 1876 3587 ex
1897 3553 2048 3607 equo
2073 3536 2300 3590 subsunt
2330 3535 2406 3589 le-

313 3625 423 3664 tem
443 3610 573 3663 mihi
590 3613 875 3684 proposui:
902 3610 971 3664 ad
994 3611 1134 3664 hanc
1157 3630 1317 3684 spero
1398 3613 1573 3685 gibus,
1584 3631 1743 3685 quem
1756 3616 1924 3667 Tacit.
1941 3618 2080 3667 Anu.
2097 3617 2120 3667 1
2130 3655 2146 3679 ,
2164 3617 2221 3683 4,
2236 3625 2406 3688 aequa-

313 3693 471 3743 istam
492 3689 663 3762 legem
686 3688 815 3742 mihi
839 3689 1144 3761 adjumento
1172 3691 1319 3743 futu-
1400 3694 1601 3749 litatem
1620 3708 1803 3762 vocat,
1819 3715 1935 3768 quae
1953 3696 2253 3749 excluditur
2267 3717 2408 3751 sum-

315 3787 449 3821 ram.
1400 3796 1489 3830 mo
1535 3766 1693 3829 uniu's
1734 3778 1976 3849 imperio.
2027 3781 2144 3830 Huc
2190 3780 2406 3851 respicit

391 3867 440 3903 a.
471 3850 646 3902 pretia
673 3853 973 3904 meu-uorum
1001 3850 1137 3905 solas
1161 3852 1324 3925 oequi-
1399 3855 1566 3927 paulo
1590 3868 1714 3928 post
1739 3857 1963 3910 Noster:
1995 3881 2018 3904 α
2038 3860 2213 3911 securi
2237 3873 2408 3914 estote

319 3942 460 3983 tates.
484 3928 680 3981 Sensus
700 3941 807 3997 est,
826 3949 934 3982 non
954 3949 1113 4000 posse
1126 3931 1326 4003 equari
1409 3961 1431 3983 ι
1452 3936 1519 3990 de
1542 3936 1794 3991 aviditate
1819 3957 2031 3992 summae
2059 3943 2357 4012 potestatis.
2380 3966 2402 3990 υ

319 4008 521 4060 meritis
546 4007 793 4078 premia,
823 4026 937 4079 que
965 4007 1162 4061 dantur
1187 4008 1290 4059 illis
1306 4046 1324 4075 ‚
1475 4015 1529 4067 3.
1567 4017 1716 4069 Intra
1738 4036 1790 4069 se
1812 4020 2012 4072 mer-uit.
2040 4023 2114 4072 lta
2141 4036 2198 4073 ut
2222 4021 2355 4074 nihil
2380 4041 2410 4075 e

323 4090 416 4161 qui
439 4088 652 4141 fortiter
674 4088 940 4154 fecerunt,
970 4090 1065 4142 sed
1086 4108 1326 4142 remune·
1405 4093 1711 4166 republica,
1749 4095 1879 4148 nihil
1917 4117 1946 4150 e
1978 4100 2413 4171 magistratibus,

324 4168 551 4222 randum
571 4188 687 4222 esse
705 4182 852 4222 tanta
871 4169 1197 4241 benignitate
1216 4172 1330 4224 fac-
1404 4176 1639 4245 imperiis
1660 4188 1712 4226 et
1728 4178 2081 4247 patrimonio,
2101 4178 2213 4231 sola
2234 4194 2414 4233 autem

323 4264 465 4314 tum,
490 4265 693 4323 quanta
715 4253 1002 4304 invitantur
1022 4264 1073 4304 et
1098 4255 1330 4307 exeitan-
1407 4274 1550 4309 mors
1574 4270 1816 4328 petatur,
1843 4278 2001 4330 quam
2030 4264 2217 4318 meruit
2243 4267 2412 4337 parri-

326 4345 412 4386 mr
440 4334 581 4387 cives
608 4346 670 4387 ut
697 4334 928 4399 faciant·
957 4351 1146 4408 nempe
1179 4334 1234 4388 in
1266 4354 1329 4390 ea
1408 4334 1549 4389 cidio
1574 4338 1756 4390 futuro
1782 4337 2022 4399 devotus.

540 4421 591 4478 5.
2102 4429 2135 4482 6
