3200 5117
735 563 1365 656 DECLAMATm
1406 563 1504 655 ΙΙ.
1554 555 1739 629 PRO
1783 558 2073 631 GAECO.
2360 562 2442 627 25

368 683 770 788 probatione
791 700 838 758 ¹.
866 686 1065 759 Solus
1089 686 1411 759 omnium
1448 713 1589 758 non
1625 686 1904 758 remittit
1934 672 2097 774 sibi,
2125 707 2200 757 ut
2228 683 2444 757 incre·

302 789 317 798 ”
370 802 649 875 dibilior
678 805 768 877 sit
800 806 873 877 in
906 803 1275 904 parricidio
1305 831 1553 895 caecus,
1576 831 1787 902 quom
1819 804 1992 895 fuit,
2013 829 2238 901 quum
2254 801 2444 873 vide-

306 919 311 926 ’
373 939 489 988 ret.
526 920 757 990 Homo
795 920 1117 991 omnium
1150 945 1324 1019 quos
1366 945 1682 1015 unquam
1726 918 2003 990 miseros
2042 919 2264 989 fecere
2299 915 2445 987 vir-

371 1052 577 1123 tutes,
603 1033 1237 1124 innocentissimus,
1259 1027 1708 1132 patricidium
1742 1033 2041 1131 negavit,
2066 1052 2441 1128 antequam

304 1137 309 1146 ’
370 1170 562 1247 pater
612 1149 1211 1246 occidereturzqess
1253 1177 1341 1220 ne
1391 1149 1563 1248 quid
1617 1149 1964 1222 hodiernae
1996 1148 2442 1221 sollicitudini

368 1264 666 1363 praestari
683 1264 933 1362 putetis
951 1321 970 1353 ,
992 1263 1151 1334 fecit
1169 1263 1356 1362 quod
1381 1282 1477 1335 est
1494 1284 1856 1335 summum
1881 1263 1952 1334 in
1976 1264 2175 1336 rebus
2197 1262 2447 1334 huma-

369 1377 481 1447 nis
498 1379 715 1466 nefaS,
738 1403 825 1448 ne
855 1376 959 1446 vel
986 1377 1058 1447 in
1080 1376 1216 1447 alio
1231 1391 1255 1420 ²
1279 1365 1692 1449 crederetur.
1710 1377 2043 1475 Ignoscite
2062 1403 2184 1475 per
2204 1375 2442 1466 fidem,

298 1479 333 1540 ’·
371 1491 1166 1590 quomodo-indignatur
1210 1518 1280 1563 se
1317 1492 1636 1593 juvenis,
1681 1494 1754 1563 in
1801 1492 2138 1566 honorem
2169 1513 2443 1565 tantum

372 1605 776 1678 calamitatis
807 1605 1086 1708 absolvi.
1123 1605 1386 1676 Filium
1418 1606 1537 1702 qui
1571 1627 1837 1704 patrem
1866 1634 1944 1678 ex
1972 1607 2293 1684 incendio
2321 1619 2446 1678 sua

370 1718 666 1790 caecitate
700 1718 1024 1805 servavit,
1065 1719 1336 1790 facinus
1372 1739 1473 1791 est
1513 1718 1644 1790 hoc
1684 1740 1959 1792 tantum
2000 1722 2445 1794 innocentem

365 1832 618 1919 videri,
645 1833 833 1930 quod
858 1832 1063 1904 illum
1085 1858 1229 1904 non
1261 1832 1559 1930 potuerit
1584 1834 1914 1905 occidere.
1938 1836 2118 1905 Nam
2147 1834 2333 1930 quod
2359 1834 2450 1906 ad.

370 1945 775 2035 mulierem,
797 1944 1104 2044 judiceS,
1145 1945 1477 2044 pertinet,
1513 1973 1668 2044 quae
1701 1945 1979 2017 defendi
2018 1972 2157 2018 non
2194 1967 2447 2047 potest,

370 2059 504 2131 nisi
542 2081 808 2159 patrem
849 2062 1089 2133 Caecus
1129 2060 1412 2148 occidit,
1446 2080 1592 2131 tam
1636 2060 2124 2158 impudentem
2156 2061 2450 2133 delatio-

370 2175 479 2247 nis
504 2175 974 2250 necessitatem
1002 2174 1221 2263 mal0,
1242 2199 1452 2273 quam
1478 2175 1532 2246 si
1556 2195 1829 2245 tantum
1856 2171 2453 2272 negarenvidenit
2509 2195 2516 2206 “

372 2289 494 2387 qui
530 2288 856 2360 fiduciam
886 2287 1187 2360 veritatis
1218 2308 1440 2386 putat,
1472 2289 1659 2386 quod
1691 2291 1896 2362 Caeco
1917 2290 2188 2361 facinus
2217 2291 2452 2391 objec-

370 2425 521 2476 tum
545 2425 665 2476 est.
689 2405 1128 2503 Deprehensa
1148 2404 1460 2478 mulieris
1485 2404 1772 2477 audacia
1799 2426 1925 2494 est,
1945 2432 2099 2504 quae
2128 2432 2270 2477 non
2302 2427 2450 2505 pot·

371 2541 471 2593 est
504 2520 633 2592 nisi
674 2520 1189 2592 incredibilium
1235 2520 1751 2618 comparatione
1788 2520 2063 2593 defendi
2096 2549 2109 2593 :
2149 2542 2216 2594 et
2251 2522 2447 2620 quis-

371 2634 527 2732 quis
581 2636 860 2707 Caecum
915 2634 1214 2706 invicem
1269 2653 1575 2724 accusat,
1621 2633 1804 2705 solus
1854 2654 1952 2705 est
2001 2660 2178 2706 reus,
2229 2635 2397 2706 Aliae
2423 2692 2446 2726 ,

358 2749 662 2849 judices,
694 2775 833 2824 esse
864 2749 1256 2820 debuerunt
1285 2747 1607 2819 adversus
1637 2748 1815 2819 hanc
1846 2747 2274 2821 debilitatem
2300 2776 2449 2847 pro-

369 2863 708 2935 bationes.
740 2865 978 2937 Caecus
1007 2864 1079 2934 in
1106 2862 1471 2961 parricidio
1502 2889 1644 2939 non
1667 2862 1871 2935 debet
1896 2885 2244 2962 suspectus
2267 2866 2409 2936 fie‘ri
2426 2921 2446 2954 ,

366 2977 489 3050 sed
522 2978 969 3077 deprehendi.

374 3151 383 3156 .
468 3093 555 3163 11.
607 3093 862 3182 Quaeso
906 3092 1181 3193 itaque,
1214 3093 1527 3197 judices,
1573 3116 1651 3166 ut
1696 3095 1842 3167 haec
1896 3094 2121 3194 prima
2173 3113 2450 3191 propter

369 3233 652 3278 causam
691 3207 969 3308 juvenis
1016 3209 1303 3307 putetis,
1334 3235 1487 3308 quae
1517 3230 1754 3281 contra
1784 3193 1982 3280 illum
2019 3208 2239 3278 nimia
2264 3227 2447 3280 sunt.

367 3319 566 3392 Nihil
602 3321 819 3420 magis
852 3323 1054 3395 debet
1082 3350 1222 3395 esse
1251 3350 1373 3421 pro
1409 3326 1638 3413 Caeco,
1664 3349 1878 3421 quam
1908 3321 2094 3421 quod
2127 3322 2448 3392 adversus

369 3436 575 3508 illum
602 3438 884 3514 fuerunt
910 3438 1134 3512 multa
1168 3439 1517 3537 fingenda.
1544 3441 1634 3526 Et
1654 3460 1918 3510 constat
1945 3438 2029 3510 de
2058 3437 2336 3536 pietate,
2362 3435 2448 3507 de

369 3553 768 3624 innocentia
811 3554 1157 3644 hominis,
1200 3555 1321 3653 qui
1371 3554 1872 3653 expugnandus
1915 3554 2051 3625 fuit
2098 3549 2446 3650 parricidii

369 3665 856 3738 similitudine.
872 3669 1208 3766 Congesta
1225 3688 1383 3739 sunt
1400 3663 1727 3740 'adversus
1745 3668 2068 3739 miseram
2083 3664 2111 3710 ³
2132 3663 2450 3736 debilita-

375 3866 400 3888 α
422 3843 536 3893 noc
565 3843 633 3894 ab
657 3841 935 3896 affectibus
966 3844 1192 3917 publicis
1220 3848 1367 3918 petit.
1523 3863 1569 3896 α.
1607 3847 1672 3897 In
1701 3844 1825 3897 alio.
1862 3847 1920 3897 In
1947 3844 2184 3894 Noverca
2209 3838 2451 3912 intelligit

369 3952 440 3963 —
470 3920 787 3997 Allegamus.
811 3925 945 3978 Vide
969 3945 1125 3999 supra
1157 3926 1221 3978 ad
1248 3944 1296 3980 c:
1325 3945 1370 3996 ι,
1451 3925 1666 3990 Badius,
1691 3923 1782 3976 sed
1809 3924 1997 3976 rectius
2022 3918 2376 3989 Schultingius
2394 3921 2449 3971 in

368 4023 426 4058 n.
454 4023 482 4054 2
497 4042 513 4070 ‚
538 4023 654 4075 quae
676 4004 916 4059 diximus.
1453 4021 1793 4076 quocumque
1813 4003 1937 4055 filio.
2441 4072 2449 4080 ι

452 4104 494 4138 t.
518 4089 747 4159 Corporis
761 4090 1078 4160 probatione.
1100 4088 1217 4142 Scil.
1237 4089 1372 4143 cala·
1519 4088 1570 4140 3.
1596 4086 1840 4138 Miseram
1862 4081 2194 4135 debilitatem.
2215 4082 2346 4134 Coeci
2364 4082 2450 4133 in·
2541 4151 2550 4162 ἱ

369 4166 566 4216 mitatis
581 4168 836 4237 corporis,
853 4170 1110 4220 caecitatis.
1128 4172 1223 4234 Ita,
1239 4189 1373 4221 eme-
1451 4169 1745 4221 fit-mitatem
1765 4203 1782 4232 ‚
1823 4165 1894 4217 ob
1939 4165 2112 4234 ipsum
2157 4164 2337 4214 vitium
2382 4162 2449 4214 ad

369 4262 432 4294 re
457 4242 648 4317 ἱερου,
674 4242 727 4295 id
750 4260 825 4298 est
843 4283 859 4312 ,
888 4245 1013 4316 legis
1040 4245 1366 4300 beneficium.
1448 4247 1731 4322 plerosquo
1747 4257 1892 4298 aetus
1906 4242 2168 4296 humanos
2183 4239 2447 4316 inhabilis.
