3200 5117
776 525 900 607 392
1276 519 1366 580 M.
1419 517 1667 580 FABII
1715 513 2357 596 QUINTILIAM

775 672 916 715 non
941 643 1149 714 verba
1178 642 1302 713 tibi
1328 663 1564 712 contra
1591 640 1914 710 miseram
1936 697 1954 729 ,
1981 640 2100 710 sed
2127 661 2543 737 argumenta
2575 639 2871 711 desunt}

775 786 916 830 non
947 787 1108 829 voce
1129 818 1146 848 ,
1181 759 1296 828 sed
1323 757 1721 855 probatione
1744 755 2054 826 deficeris
2081 771 2096 799 ¹
2126 783 2139 826 :
2169 756 2359 854 quod
2383 756 2613 826 solum
2641 756 2871 845 datur,

775 874 1104 970 relinquis
1155 872 1464 942 infamiae
1495 927 1512 957 ,
1565 892 1631 941 et
1678 898 1804 940 nos
1851 898 2015 940 cum
2076 891 2408 967 perpetua
2458 896 2873 941 sermonum

779 989 1204 1084 malignitate
1241 986 1636 1058 committis
1672 986 1818 1074 Qui
1852 985 2388 1083 interrogantem
2423 1011 2549 1055 nec
2582 986 2877 1056 damnat

779 1131 905 1174 nec
941 1102 1274 1189 absolvit,
1315 1129 1592 1172 rumore
1625 1121 1983 1172 contentus
2014 1121 2114 1171 est
2142 1128 2157 1170 z
2192 1100 2605 1172 modestiam
2636 1098 2873 1170 mariti

777 1218 1030 1316 pariter
1072 1239 1138 1289 et
1190 1217 1394 1314 patris
1438 1216 1767 1314 accipite:
1816 1216 1900 1286 de
1949 1214 2242 1286 muliere
2271 1271 2289 1301 ,
2348 1241 2501 1312 quae
2549 1212 2873 1285 convinci

777 1359 919 1402 non
947 1352 1187 1429 potest,
1215 1332 1530 1402 sufficere
1556 1331 1684 1401 sibi
1710 1350 1933 1427 putat,
1960 1351 2038 1401 ut
2065 1330 2325 1400 incesta
2345 1329 2683 1400 credatur:
2712 1329 2874 1426 quis

778 1475 1121 1544 umquam
1169 1468 1309 1517 tam
1358 1446 1694 1516 nefandas
1742 1466 1913 1515 artes
1941 1502 1958 1534 ‚
2004 1464 2150 1516 tam
2195 1466 2566 1514 cruentum
2614 1444 2875 1541 depre-

777 1563 1025 1634 hendit
1057 1560 1467 1659 ingenium?
1504 1560 1669 1657 quia
1702 1587 1840 1630 non
1879 1581 2101 1656 potest
2130 1560 2423 1658 probare
2458 1558 2645 1656 quod
2675 1558 2875 1629 dixe-

780 1678 898 1764 rit,
929 1698 1152 1775 captat
1187 1698 1263 1746 ut
1305 1677 1657 1762 credatur,
1702 1675 1889 1771 quod
1926 1700 2071 1744 non
2110 1673 2393 1744 dixerit:
2429 1673 2831 1744 dissimulas
2855 1728 2873 1759 ,

778 1814 987 1882 taces,
1031 1819 1231 1877 saeve,
1277 1790 1615 1862 crudelis?
1650 1788 1969 1859 invenisti
2019 1808 2362 1859 tormenta
2408 1787 2650 1887 patris:
2701 1787 2875 1859 audi

781 1909 951 2006 quid
985 1908 1233 1978 misera
1261 1904 1774 2005 simplicissimo
1811 1903 2043 1974 dolore
2075 1904 2501 2002 proclamet:
2537 1930 2682 1974 non
2712 1903 2876 1974 effi-

783 2025 949 2112 cieS‚
983 2023 1243 2120 inquit,
1275 2020 1715 2093 callidissime
1736 2017 2267 2118 parricidarum,
2297 2039 2374 2089 ut
2397 2045 2540 2089 non
2569 2017 2875 2090 audeam

782 2140 1071 2212 cadaver
1103 2137 1453 2237 amplecti.

879 2256 1099 2323 XVII.
1153 2258 1301 2351 Ego
1349 2279 1506 2323 vero
1556 2252 1814 2324 incesta
1860 2266 2084 2339 sum2,
2121 2251 2177 2322 si
2213 2277 2496 2350 possum
2528 2249 2873 2322 moderari

781 2368 1082 2467 gemitus
1105 2423 1121 2454 ,
1159 2368 1621 2465 comprimere
1645 2367 1990 2438 lacrimas,
2019 2367 2218 2439 Coite
2245 2367 2319 2437 in
2342 2367 2595 2454 funus,
2629 2391 2876 2436 omnes

781 2484 1012 2571 liberi,
1040 2510 1283 2554 omnes
1305 2504 1618 2581 parentes
1639 2539 1656 2572 ,
1689 2483 2021 2556 custodite
2053 2485 2367 2581 planctus
2391 2509 2618 2570 meos,
2654 2484 2876 2553 obser·

780 2624 928 2673 vate
980 2600 1322 2699 suspiria:
1377 2600 1431 2671 si
1486 2601 1658 2698 quid
1708 2600 1883 2689 feci,
1927 2599 1981 2671 si
2027 2600 2196 2697 quid
2246 2597 2533 2686 admisi,
2582 2597 2872 2667 fatebor.

781 2719 956 2787 Ecce
1005 2741 1213 2813 supra
1256 2714 1596 2786 lectulum
1643 2717 1867 2786 effusa
1906 2715 2230 2805 feralem,
2275 2714 2533 2784 laceros
2580 2733 2765 2783 artus
2812 2732 2879 2782 et

784 2851 1140 2926 perustum
1185 2830 1546 2928 complexa
1587 2858 1872 2927 corpuS,
1919 2830 2259 2900 exclamo:
2298 2826 2543 2900 teneo³
2579 2826 2876 2898 unicum

783 2970 1067 3030 meum,
1105 2944 1273 3016 velit
1313 2945 1487 3014 nolit
1524 2943 1820 3030 invidia,
1861 2972 2101 3014 meum
2142 2945 2391 3014 misera
2432 2944 2821 3014 formosum
2855 2968 2871 3010 :

783 3058 914 3129 hoc
946 3079 1125 3146 erat,
1161 3058 1348 3154 quod
1381 3058 1931 3130 infelicissimam
1965 3081 2262 3130 matrem
2297 3057 2476 3129 ultra
2512 3056 2721 3128 solitae
2762 3082 2875 3126 ca-

786 3172 999 3243 ritatis
1052 3173 1433 3270 exagitabat
1474 3174 1804 3263 affectus,
1858 3174 2225 3263 amabam,
2281 3173 2565 3260 marite,
2615 3172 2874 3272 peritu-

787 3315 983 3358 rum:
1028 3287 1324 3358 infames
1366 3287 1883 3384 quantumlibet
1924 3289 2102 3358 hanc
2147 3287 2652 3385 impatientiam
2678 3343 2694 3376 ,
2747 3311 2871 3383 ego

785 3401 956 3471 mihi
983 3400 1215 3474 videor
1238 3402 1570 3489 defuisse,
1600 3429 1921 3490 cessasse,
1952 3403 2260 3474 multum
2292 3404 2377 3474 de
2407 3403 2663 3492 laetitia,
2695 3400 2873 3472 mul-

787 3537 938 3588 tum
970 3516 1342 3614 perdidisse
1370 3518 1453 3587 de
1471 3517 1771 3614 gaudiis:
1805 3545 2013 3589 nemo
2036 3516 2640 3615 utiquam4filium
2665 3514 2876 3587 nimis

861 3667 901 3700 ι.
930 3647 1190 3720 Deficeris.
1221 3648 1510 3721 Deficien‘s,
1528 3653 1617 3703 W.
1642 3647 1788 3721 Defi-
1942 3655 1992 3705 3.
2019 3653 2187 3704 Teneo
2209 3651 2442 3702 unicum.
2464 3652 2535 3701 Te
2557 3661 2701 3701 teneo
2721 3646 2875 3699 male·

783 3733 869 3795 εἰς,
895 3728 1041 3781 Leid.
1068 3750 1150 3800 pr.
1872 3730 1963 3781 bat
1980 3733 2215 3801 egregius
2232 3732 2434 3781 Bestius
2449 3728 2515 3780 de
2530 3730 2647 3780 Rat.
2665 3724 2867 3778 emend.

860 3827 906 3859 2.
925 3809 1038 3880 qu
1057 3827 1171 3859 vero
1189 3811 1376 3859 incesta
1396 3827 1526 3861 sum.
1545 3809 1646 3860 Alii
1663 3810 1790 3861 dant
1873 3809 2048 3880 legum
2064 3848 2080 3873 ,
2105 3828 2223 3880 cap.
2255 3810 2343 3875 14,
2372 3807 2413 3878 §
2442 3826 2489 3877 7.

781 3907 873 3961 eqo
905 3905 1022 3938 vero
1048 3889 1242 3940 incerta
1270 3908 1382 3939 sum
1404 3913 1418 3941 .-
1452 3889 1543 3941 sed
1568 3909 1682 3960 quae
1707 3908 1792 3941 se·
1944 3888 1994 3954 4.
2018 3888 2188 3938 Nemo
2212 3905 2465 3957 unquam.
2489 3886 2658 3936 Nemo
2678 3883 2877 3955 utique,

782 3979 1020 4037 quuntur
1045 3985 1213 4037 usque
1238 3966 1302 4018 ad
1329 3987 1510 4020 vocem
1536 3970 1790 4021 observate
1874 3968 1963 4018 W.
1989 3969 2143 4018 Forte
2169 3967 2396 4038 legerem
2421 3988 2441 4011 α
2464 3983 2619 4016 nemo
2646 3980 2879 4034 unquam

784 4045 972 4096 desunt
1005 4044 1157 4096 Colb.
1196 4048 1256 4096 ln
1287 4047 1431 4098 Leid.
1463 4050 1616 4117 prim.
1653 4065 1790 4097 mat·—
1878 4068 1899 4091 a
1922 4044 2083 4098 filium
2111 4048 2283 4097 minus
2312 4047 2531 4096 amavit:
2555 4068 2576 4090 u
2608 4056 2667 4095 ut
2690 4041 2795 4094 filio
2820 4060 2879 4094 se

781 4126 889 4194 gini
908 4124 1189 4196 adscripta.
1211 4127 1322 4199 qu
1345 4146 1460 4180 vero
1471 4166 1491 4194 ,
1516 4125 1659 4179 Leid.
1683 4145 1789 4179 sec.
1874 4137 2117 4188 excuset,
2138 4126 2288 4194 quasi
2311 4142 2424 4176 non
2452 4124 2578 4177 satis
2607 4120 2783 4175 adhuc
2809 4116 2878 4171 il-

787 4205 948 4282 Voss.⁸
965 4206 1115 4274 prim.
1873 4204 1983 4255 lum
2008 4206 2297 4256 amm-isset.
