3200 5117
770 577 893 652 402
1277 569 1367 629 M.
1419 565 1668 629 FABII
1714 567 2355 648 QUINTILIANI

769 693 1158 767 infirmitati
1184 692 1549 762 conveniat
1570 718 1853 788 negare3
1881 720 1991 762 me
2018 713 2294 762 tantum
2317 691 2559 764 fortior
2585 692 2888 765 assertio

765 814 953 885 unici
987 814 1184 883 decet
1211 838 1223 879 :
1258 809 1659 906 eripiendus
1686 829 1950 878 estnon
1983 811 2429 881 contentione
2455 811 2829 882 verborum
2850 869 2877 899 ,

769 933 884 1002 sed
926 950 998 998 ut
1028 928 1262 998 civitas
1298 947 1607 1022 stupeat,
1647 947 1725 995 ut
1757 926 2133 996 erubescat.

865 1046 981 1116 lx.
1035 1047 1390 1140 Torquere
1437 1069 1547 1111 me
1592 1041 1817 1111 filium
1859 1041 2093 1137 putas!
2135 1040 2469 1112 invidiam
2507 1041 2689 1112 facio
2727 1069 2875 1140 po-

761 1162 970 1260 pulo:
1009 1160 1246 1230 videor
1275 1157 1448 1227 mihi
1482 1157 1617 1228 illis
1640 1157 2039 1228 verberibus
2073 1157 2370 1228 lacerare
2396 1159 2694 1244 famam,
2727 1157 2879 1230 illis

759 1276 1046 1373 ignibus
1101 1273 1450 1369 increpare
1504 1299 1855 1341 rumorem
1884 1300 1896 1339 :
1951 1272 2238 1368 quaestio
2291 1271 2374 1341 de
2425 1272 2669 1342 infami
2715 1272 2871 1342 filio

761 1417 978 1459 unam
1013 1388 1345 1458 rationem
1381 1386 1617 1475 babet,
1651 1408 1726 1457 ut
1753 1387 2000 1484 probes
2031 1387 2497 1458 innocentem.
2529 1388 2645 1458 Dii
2680 1388 2875 1459 mala

761 1505 1174 1603 prohibeant
1206 1560 1222 1590 ,
1290 1523 1367 1571 ut
1421 1501 1690 1570 noveris
1761 1499 1962 1570 illum
2016 1500 2329 1571 dolorem
2360 1557 2379 1589 ,
2432 1529 2572 1599 quo
2638 1523 2875 1601 potest

760 1643 1080 1718 torquere
1114 1618 1340 1687 filium
1381 1638 1602 1713 pater:
1643 1615 1823 1685 nihil
1858 1637 1960 1686 est
1998 1615 2346 1687 infelicius
2380 1616 2704 1706 homine,
2745 1619 2867 1688 cui

763 1736 848 1805 de
883 1734 1087 1804 unico
1119 1760 1243 1803 suo
1276 1758 1458 1801 mors
1492 1730 1635 1802 sola
1664 1758 1806 1801 non
1843 1732 2120 1801 sufficit.
2150 1735 2526 1821 Juvenem,
2557 1732 2632 1802 in
2664 1733 2869 1833 cujus

762 1852 1002 1922 animo
1057 1848 1497 1948 perdiderant
1549 1848 1844 1918 nomina
1894 1869 2125 1918 nostra
2176 1869 2597 1945 respectum,
2646 1875 2865 1944 quem

763 1967 1075 2065 quotidie
1101 1992 1370 2035 necesse
1393 1964 1853 2034 habebamus¹
1885 1990 2208 2034 excusare
2229 1964 2519 2051 rumori,
2538 1963 2662 2061 qui
2682 1963 2867 2035 inter

762 2110 889 2154 nos
942 2084 1330 2153 formosum
1366 2081 1669 2152 malebat
1713 2087 1947 2178 agere,‘
1993 2108 2204 2180 quam
2254 2080 2516 2169 filium,
2554 2080 2865 2152 verberi-

758 2200 890 2270 bus
937 2198 1354 2296 ignibusque
1391 2197 1831 2294 consumpsi:
1877 2197 2007 2285 vis,
2056 2197 2157 2266 vis
2199 2198 2369 2267 scire
2413 2217 2673 2294 quanta
2715 2216 2866 2268 tor-

760 2335 1162 2386 mentorum
1199 2314 1370 2383 ratio
1411 2311 1666 2382 fuerit?
1696 2312 1941 2384 debuit
1984 2312 2195 2382 etiam
2238 2334 2454 2384 tortus
2491 2312 2736 2384 occidi.
2788 2314 2865 2385 Si

759 2450 994 2500 tamen
1021 2428 1283 2524 utique,
1321 2448 1559 2516 mater,
1591 2427 1692 2497 vis
1717 2427 1886 2497 scire
1913 2453 2175 2516 causam,
2207 2427 2443 2498 leviter
2473 2427 2677 2500 audi:
2714 2455 2867 2526 pro-

760 2544 1137 2641 spiciebam
1163 2543 1372 2612 miser
1406 2544 1478 2613 in
1513 2543 1772 2640 grande
1800 2543 2223 2640 quandoque
2260 2544 2530 2614 facinus
2566 2571 2867 2643 prorup-

761 2683 999 2732 turum
1020 2717 1037 2749 ,
1075 2660 1261 2757 quod
1295 2660 1429 2730 otio
1460 2658 1710 2747 vitam,
1748 2660 1935 2755 quod
1970 2658 2276 2728 desidem
2309 2659 2502 2729 domi
2533 2658 2868 2756 perdebat

761 2798 1028 2847 aetatem
1064 2804 1077 2846 :
1117 2802 1260 2845 non
1292 2776 1964 2873 peregrinationibus
2000 2773 2300 2845 excolere
2335 2795 2680 2864 mentem,
2713 2802 2869 2848 non·

762 2892 1054 2990 experiri
1086 2891 1408 2961 militiam
1428 2950 1445 2980 ,
1473 2919 1616 2962 non
1643 2912 1905 2962 tentare
1934 2891 2184 2978 maria,
2214 2917 2355 2961 non
2385 2918 2545 2962 rura
2569 2892 2875 2981 ²colere,

761 3036 904 3079 non
958 3008 1445 3078 administrare
1498 3005 2042 3104 rempublicam,
2093 3033 2234 3077 non
2287 3006 2537 3079 ducere
2583 3007 2869 3081 volebat

763 3151 1086 3194 uxorem:
1136 3144 1456 3220 praeterea
1501 3142 1789 3193 traxerat
1823 3148 1901 3190 ex
1944 3120 2426 3216 frequentibus
2470 3122 2877 3221 castigatio—

763 3238 893 3309 bus
927 3238 1206 3308 taedium
1238 3238 1474 3334 patriS,
1509 3257 1576 3306 et
1611 3236 1680 3304 in
1713 3236 2249 3306 exsecrationem
2290 3237 2470 3324 mei,
2500 3238 2870 3309 conscien-

761 3354 886 3442 tia,
929 3379 1068 3451 qua
1112 3379 1251 3422 non
1292 3351 1838 3437 emendabatur,
1883 3373 2260 3440 exarserat3
2293 3352 2586 3424 timebat
2617 3379 2865 3425 occur-

761 3496 898 3555 sus,
929 3496 1069 3539 non
1096 3467 1401 3537 audebat
1421 3466 1642 3551 adire3
1671 3466 2047 3563 colloquia,
2073 3467 2333 3554 oscula,
2362 3467 2865 3565 convictusque

761 3583 1097 3680 fugiebat.
1129 3581 1425 3651 Breviter
1458 3579 1930 3678 perditissimae
1961 3561 2210 3651 m‘entis
2239 3581 2641 3653 definienda
2665 3608 2863 3653 men·

761 3726 921 3770 sura
969 3720 1112 3785 est3
1165 3698 1403 3768 oderat
1453 3724 1566 3768 me
1617 3697 1837 3786 filius,
1885 3719 1949 3768 et
1994 3698 2325 3770 timebat:
2375 3698 2600 3770 filium
2649 3700 2867 3797 igitur

762 3815 966 3885 totius
1014 3804 1314 3883 civitatis
1347 3813 1854 3885 existimatione
1900 3815 2342 3905 damnatum,
2379 3841 2591 3912 quem
2628 3817 2864 3888 adhuc

841 4003 858 4035 1
873 4026 884 4036 .
904 3985 1246 4035 Habebamus.
1262 3987 1433 4035 Burm.
1453 3984 1535 4035 ed.
1555 3986 1769 4037 retinuit
1849 3987 1938 4035 W.
1957 3984 2100 4035 Leid.
2117 3990 2268 4037 Voss.
2288 4004 2469 4037 omnes
2484 4007 2498 4050 3
2513 3988 2638 4038 Luc.
2657 3984 2857 4057 Gryph.

764 4065 1069 4123 habeamus,
1094 4063 1236 4134 quod
1258 4066 1577 4116 correximus
1599 4083 1661 4114 ex
1677 4065 1765 4115 W.
1849 4064 2017 4115 Colin.
2054 4065 2240 4117 vidov.
2283 4081 2333 4117 et
2374 4068 2492 4119 alii:
2531 4086 2629 4120 nec
2672 4066 2860 4121 dubito

759 4142 904 4194 Leid.
932 4163 1010 4213 pr.
1040 4162 1143 4192 sec.
1166 4142 1363 4214 Gryph.
1390 4142 1559 4194 Colin.
1578 4145 1765 4195 Vidov.
1851 4146 1977 4212 quin
2001 4159 2169 4194 recte:
2193 4164 2315 4196 uam
2335 4146 2565 4198 maribus
2582 4165 2869 4218 opponun-

760 4221 890 4276 Obr.
918 4235 969 4273 et
995 4222 1118 4273 edit.
1147 4224 1355 4292 Bipont.
1389 4223 1481 4272 En.
1850 4236 1937 4272 tur
1966 4222 2149 4274 melius
2185 4242 2309 4275 rura
2327 4263 2343 4289 ,
2369 4226 2492 4293 jura
2520 4226 2575 4276 in
2602 4223 2862 4277 adminis-

832 4318 880 4354 a.
918 4301 1045 4356 Non
1075 4305 1193 4374 jura
1236 4302 1419 4355 colere.
1446 4305 1572 4358 Non
1611 4323 1771 4369 rura,
1852 4306 2077 4358 tratione
2100 4304 2405 4377 reipublicae
2428 4309 2789 4360 continentur.
2834 4343 2845 4354 .
