3200 5117
790 465 1061 583 DECL.
1110 517 1304 581 XIV.
1352 515 1564 581 ODII
1613 516 1913 584 POTIO
1956 521 2006 583 1.
2313 525 2430 589 321

363 641 601 713 ficium
624 699 643 732 ,
671 639 977 741 judiceS,
1016 660 1155 711 tota
1187 637 1328 710 vita
1365 637 1743 709 meretricis
1775 660 1913 711 est:
1958 667 2207 740 parum
2241 670 2313 716 se
2346 645 2443 719 le-

361 758 659 831 nociniis
675 813 698 848 ‚
721 784 972 856 parum
999 776 1246 856 putant
1271 781 1470 853 agere
1495 755 1916 828 mendaciis:
1944 777 2012 828 et
2039 783 2271 857 quum·
2287 789 2446 832 om-

359 873 470 945 nis
492 873 581 944 ad
607 873 1097 973 expugnandas
1121 893 1385 944 mentes
1412 898 1578 943 cura
1602 872 1846 943 collata
1872 874 1992 963 sit,
2018 901 2161 946 non
2189 877 2455 970 sufficit,

363 1009 637 1080 tamen,
669 1011 747 1061 ut
775 990 861 1066 de
895 989 1001 1061 sui
1034 994 1313 1092 caritate
1344 989 1611 1085 corpori
1654 988 1969 1061 credant:
2008 990 2083 1061 in
2118 991 2249 1063 hoc
2281 1019 2445 1064 noc-

362 1105 541 1176 tium
583 1104 994 1203 dierumque
1034 1102 1425 1174 sollicitudo
1466 1103 1930 1194 consumitur,
1980 1106 2447 1202 quemadmo-

363 1217 536 1289 dum
567 1217 653 1290 de
686 1217 1098 1292 libidinibus
1126 1217 1249 1288 fiat
1276 1217 1563 1288 affectus
1582 1274 1599 1307 ‚
1640 1243 1779 1315 qua
1810 1218 2072 1291 ratione
2102 1241 2448 1293 transcur-

363 1332 580 1403 rentia
595 1331 902 1430 quotidie
919 1331 1256 1404 desideria
1270 1351 1663 1406 teneantur:
1684 1359 1772 1404 ne
1788 1334 1900 1404 cui
1915 1335 2130 1432 prosit
2143 1337 2408 1407 offensa
2425 1394 2442 1426 ,

363 1472 451 1517 ne
495 1472 706 1542 quem
752 1446 1038 1545 explicet
1079 1447 1326 1545 pudor,
1371 1472 1457 1517 ne
1501 1473 1713 1544 quem
1759 1448 2028 1519 satietas
2067 1449 2447 1547 aliquando

364 1559 683 1631 dimittat.
731 1562 838 1631 En
882 1587 1096 1657 quam
1143 1560 1393 1659 putetis
1446 1560 1791 1659 ignorare,
1841 1562 2098 1658 quibus
2138 1562 2450 1654 vincatur

365 1674 580 1746 oculis
603 1688 618 1717 ¹
649 1701 664 1743 ε
692 1701 844 1770 quae
871 1700 995 1772 per
1020 1674 1468 1748 incommoda
1494 1674 1835 1744 desideria
1862 1675 2231 1772 flagrantes
2255 1703 2449 1751 men-

365 1809 465 1864 tes
493 1811 889 1887 corrumpat
913 1790 1229 1889 primum
1249 1841 1268 1876 ,
1303 1787 1558 1860 deinde
1594 1808 1962 1860 consumat
1977 1817 2009 1878 ,·
2030 1817 2253 1889 quum
2284 1797 2454 1868 sciat

366 1906 618 2002 quihus
647 1904 916 1992 oscula,
946 1904 1204 2002 quibus
1226 1903 1584 1978 arctissimi
1616 1900 2031 2002 rumpantur
2057 1909 2448 2008 amplexus:

365 2046 516 2117 quae
547 2046 669 2119 pro
693 2018 922 2094 laetitia
945 2018 1250 2092 dolorem
1271 2074 1290 2106 ‚
1316 2044 1443 2117 pro
1467 2016 1825 2090 blanditiis
1850 2020 2263 2120 gaudiisque
2289 2026 2451 2097 tris-

365 2134 588 2208 titiam
630 2131 964 2232 praecipiti
1007 2132 1359 2204 velocitate
1406 2132 1855 2205 substituant:
1905 2135 2266 2209 infinitum
2314 2161 2445 2230 est,

365 2268 706 2348 quantum
741 2274 824 2320 ex
851 2247 982 2320 hoc
1018 2245 1531 2322 medicamento
1571 2246 1997 2346 deprehendi
2029 2252 2248 2350 possit
2279 2254 2453 2324 noti-

366 2364 463 2438 tia
490 2364 806 2466 pejorum
825 2420 845 2453 ,
874 2387 1085 2444 nemo
1114 2362 1241 2433 scit
1269 2382 1543 2438 tantum
1579 2363 2453 2469 remedium.·'l'entat‚‘ju-

366 2478 552 2552 dices
568 2536 588 2569 ‚
614 2478 869 2552 mulier
889 2476 1497 2575 impudentissima
1510 2476 1781 2552 sceleris
1796 2478 2135 2552 invidiam
2158 2481 2449 2555 nomine

368 2592 672 2692 potionis
697 2591 1001 2688 effugere
1022 2646 1041 2678 ,
1070 2609 1136 2660 et
1157 2615 1506 2660 venenum
1537 2611 1747 2686 negat
1762 2618 1910 2664 esse
1938 2612 2211 2668 tantum
2229 2609 2282 2685 ²,
2316 2597 2447 2667 nisi

369 2706 560 2806 quod
600 2704 887 2778 occidit:
935 2704 1207 2776 facinus
1246 2725 1377 2792 est,
1415 2702 1725 2802 judices,
1766 2706 2047 2780 evadere
2088 2731 2445 2800 nocentem,

368 2821 532 2919 quia
547 2822 702 2923 jam
733 2819 1005 2892 facinus
1030 2818 1235 2916 plura
1264 2817 1536 2894 devitat.
1570 2817 1769 2908 Quid
1794 2821 2031 2910 refiert,
2062 2824 2302 2894 animo
2328 2851 2449 2895 no-

368 2956 512 3009 ceat
535 2934 789 3033 aliquis
804 2991 823 3024 ‚
849 2959 939 3006 an
971 2930 1349 3005 membris?
1376 2930 1895 3012 eodemscelere
1918 2934 2292 3031 porrigitur
2309 2962 2451 3007 om·

370 3077 494 3142 ne,
530 3049 719 3149 quod
749 3075 893 3123 non
927 3049 1117 3121 licet:
1154 3046 1713 3147 unumquodque
1740 3073 1821 3118 ex
1847 3047 1965 3122 his‘
1985 3049 2177 3147 quod
2209 3049 2442 3140 datur,

370 3187 715 3235 venenum
751 3185 867 3235 est.

467 3280 587 3348 Vl.
614 3279 972 3350 Excusatio
994 3277 1338 3350 mehercle
1362 3277 1590 3354 adhuc
1614 3305 1740 3377 pro
1758 3304 1923 3350 sexu
1941 3298 2062 3350 tuo
2080 3336 2098 3368 ‚
2125 3307 2252 3378 pro
2276 3307 2407 3351 con
2423 3320 2447 3337 ⁴

372 3390 630 3464 ditione
662 3393 1013 3465 mulieris:
1047 3393 1166 3464 sed
1201 3413 1277 3465 ut
1306 3392 1425 3465 illa
1455 3418 1688 3466 nosses
1716 3392 1933 3492 gratia
1968 3392 2142 3484 tui3,
2174 3393 2443 3467 deside-

449 3614 491 3648 1.
522 3595 717 3666 Quibus
741 3601 980 3651 vincatur
997 3597 1169 3652 ocult's.
1195 3600 1361 3669 Lege:
1513 3598 1566 3650 3.
1601 3598 1702 3651 Sed
1732 3610 1792 3651 ut
1821 3596 1918 3650 illa
1953 3617 2116 3652 nosses
2141 3598 2310 3671 qratia
2344 3600 2440 3651 tui.

377 3701 398 3724 κ
417 3679 497 3729 En
523 3696 682 3749 quam
716 3683 910 3751 putetis
945 3683 1215 3751 ignorare,
1250 3681 1365 3752 qui-
1444 3676 1591 3728 Nihil
1614 3676 1701 3728 hic
1721 3678 1835 3728 sani
1854 3694 2052 3729 sensus.
2074 3677 2259 3727 forte:
2281 3676 2366 3728 sed
2383 3686 2446 3729 ut

375 3783 398 3807 ι
418 3759 519 3812 bus
539 3760 814 3813 vincantur
839 3760 1008 3814 oculi:
1037 3780 1150 3833 quoe
1172 3779 1268 3833 per
1284 3764 1361 3814 in·
1444 3755 1600 3808 utilia
1628 3774 1789 3808 nosses
1817 3756 2035 3828 questui
2061 3765 2164 3805 tuo.
2185 3751 2349 3807 Gndu.
2369 3784 2441 3796 --

375 3861 397 3886 u
423 3836 703 3890 commoda
762 3838 1020 3891 desideria
1085 3840 1363 3911 flagrantes
1444 3835 2034 3900 Consulitmuliemibi,
2052 3853 2255 3907 suoque
2276 3838 2440 3904 sexui,

376 3938 398 3962 κ
418 3930 618 3970 mentes
641 3931 984 3987 corrumpant
999 3919 1254 3988 primum,
1274 3917 1366 3971 de-
1445 3932 1500 3968 et
1521 3916 1695 3969 ordini
1717 3920 2042 3980 meretricio,
2066 3915 2193 3966 dum
2212 3917 2440 3969 mediea-

375 4016 397 4046 σε
415 3993 539 4048 inde
559 4008 888 4053 consumant.
912 4019 933 4041 ιο
961 3995 1191 4048 Gronov.
1443 4008 1618 4052 menta
1633 3993 1741 4048 odii
1759 3993 1882 4060 dat,
1897 3994 2092 4065 quibus
2111 3992 2439 4064 prohibetur,

383 4131 392 4136 ,
433 4093 489 4128 ,2.
515 4075 690 4148 Negat
703 4087 1045 4136 exeuntum.
1072 4075 1366 4150 Deieudum
1443 4078 1629 4148 ne‘qui
1658 4075 1981 4145 impatientia
2015 4077 2206 4127 amoris
2244 4094 2441 4128 consu-

368 4152 422 4213 «ςὸ
450 4164 683 4222 tantum,
717 4153 862 4226 quod
891 4172 1108 4210 sensum
1126 4153 1374 4226 impedit..
1443 4167 1670 4209 mantur.
1695 4155 1812 4209 vid.
1838 4153 1992 4207 ovid.
2016 4157 2195 4207 Amor.
2220 4157 2272 4221 1,
2291 4157 2351 4219 8,
2381 4153 2437 4219 55

371 4232 600 4290 Gronov.
983 4291 988 4298 ,
1279 4285 1288 4296 ,
1444 4236 1545 4290 vol.
1572 4237 1651 4302 11,
1670 4254 1793 4312 pag.
1818 4235 1915 4305 343
1938 4248 2076 4288 nost.
2104 4233 2228 4286 edit.
2248 4237 2341 4288 Eu,

581 4321 630 4381 ⁵.
2092 4337 2151 4378 :u
