3200 5117
685 537 1103 667 DECLAlu.
1146 599 1227 661 V.
1275 595 1552 664 AEGER
1598 595 2208 664 REDEMPTUS.
2373 615 2484 657 101

408 727 619 828 paulo
672 724 1219 799 antecessisset:
1271 721 1369 793 dii
1416 715 1868 792 immortales!
1918 745 2132 817 quam
2173 713 2454 788 laudem
2474 774 2492 806 ,

409 868 622 944 quem
657 839 886 939 gloriae
919 840 1223 910 favorem
1267 833 1707 934 impleverat,
1747 832 1804 904 si
1845 848 2145 931 pasceret
2185 851 2450 931 patrem
2472 876 2491 907 2

411 958 794 1030 redemerat
824 958 1101 1028 fratrem
1127 968 1143 998 ¹
1175 952 1191 1022 !
1236 950 1601 1024 Relaturus
1642 949 1869 1039 vobis,
1897 948 2204 1050 judices,
2249 946 2495 1021 ordine

408 1073 758 1145 malorum
790 1096 1109 1142 meorum
1138 1087 1499 1154 eventum,
1529 1090 1743 1163 quem
1768 1091 1979 1136 nemo
1997 1083 2138 1135 tam
2168 1060 2495 1148 crudelis,

409 1214 621 1259 nemo
650 1207 791 1257 tam
832 1210 1043 1256 saevus
1071 1181 1338 1270 audiet,
1374 1201 1450 1252 ut
1492 1207 1606 1252 me
1637 1206 1782 1252 non
1823 1199 2077 1279 pascat,
2108 1178 2301 1250 hunc
2340 1197 2497 1249 ante

409 1302 681 1391 omnia,
716 1300 838 1398 qui
866 1326 938 1370 se
966 1297 1278 1394 queritur
1306 1296 1381 1367 in
1409 1296 1631 1368 fratris
1661 1296 2169 1395 comparatione
2200 1294 2496 1366 damna·

409 1438 601 1504 tum,
634 1413 873 1486 secreti
916 1410 1174 1486 doloris
1205 1410 1684 1509 indignatione
1709 1411 2077 1483 convenio.
2116 1408 2310 1498 Quid
2355 1408 2497 1505 agis

413 1532 791 1629 impotenS,
819 1528 1147 1627 superbe,
1172 1549 1247 1599 tu
1275 1527 1527 1619 nescis,
1550 1548 1785 1600 utrum
1815 1529 2072 1600 fuerim
2102 1527 2500 1623 redemptu-

413 1672 527 1718 rus
572 1672 655 1717 ex
699 1644 973 1717 duobus
1018 1643 1236 1734 sanis,
1285 1670 1364 1714 ex
1406 1644 1680 1715 duobus
1729 1643 1957 1743 aegris:
1999 1642 2213 1713 habui
2266 1640 2496 1728 enim,

401 1758 708 1859 judices,
736 1758 911 1829 filios
941 1758 1398 1829 diversissima
1424 1759 1774 1830 mentium
1804 1777 2309 1856 corporumque
2341 1781 2500 1851 qua-

409 1875 601 1947 litate
630 1873 1079 1972 compositos:
1109 1892 1178 1943 et
1201 1875 1375 1944 sicut
1402 1902 1563 1944 mox
1586 1875 2109 1972 probavit-saeva·
2125 1871 2499 1971 captivitas,

413 1991 486 2065 in
516 2011 728 2064 totam
755 1986 1397 2061 dissimilitudinem
1413 1988 1561 2060 vitae
1587 2015 1867 2092 quoque
1891 2015 2141 2087 genere
2166 1986 2498 2059 diductos.

504 2105 630 2177 111.
677 2105 815 2177 Hic
863 2129 1170 2201 namque
1219 2103 1535 2176 robustus
1580 2132 1658 2176 ac
1707 2105 1972 2204 patiens
1987 2129 2194 2194 „non
2235 2100 2499 2173 molliri

414 2221 752 2323 prosperis
778 2219 979 2293 facile
1001 2277 1020 2310 ,
1043 2246 1187 2292 non
1207 2219 1685 2291 accidentibus
1700 2220 1926 2320 frangi
1947 2251 1964 2308 ;
1983 2240 2280 2317 et-quem
2293 2216 2380 2287 de
2396 2245 2508 2288 vo-

300 2361 308 2369 ·
410 2338 753 2438 luptatum
784 2334 1337 2436 gaudiorumque
1368 2346 1771 2434 contemptu
1800 2335 2003 2411 scires
2022 2342 2261 2433 parem
2287 2357 2504 2430 quan-

394 2454 646 2552 'doque
691 2451 1021 2542 fortunis,
1063 2472 1352 2524 tra-xerat
1392 2478 1471 2524 ex
1507 2453 1830 2524 firmitate
1873 2452 2146 2523 mentis.
2171 2475 2500 2548 magnam

414 2568 729 2668 protinus
757 2587 830 2639 et*
855 2568 942 2638 in.
960 2567 1276 2639 membra
1304 2567 1777 2641 constantiam.
1812 2566 1933 2639 Ille
1962 2594 2120 2639 vero
2151 2561 2401 2664 pariter
2429 2563 2504 2633 in

416 2681 724 2754 laetitiam
748 2702 1113 2779 metusque
1135 2681 1470 2755 resolutus
1487 2741 1508 2773 ,
1543 2682 1811 2754 alienus
1838 2710 1880 2754 a
1910 2682 2127 2771 curis,
2164 2679 2503 2751 sollicitu-

419 2794 704 2868 dinibus
756 2796 1019 2897 impar,
1067 2796 1453 2886 delicatus„
1488 2797 1892 2895 impatiens,
1942 2817 2009 2868 et
2049 2795 2197 2894 jam
2251 2793 2503 2867 similis

416 2935 594 3010 aegro
616 2936 632 2980 ε
658 2910 777 2982 sed
800 2911 987 3010 apud
1014 2911 1223 3010 patris
1249 2911 1540 2983 affectus
1562 2910 1705 2982 haec
1737 2912 1882 3008 ipsa
1909 2910 2163 2982 liberos
2193 2909 2504 2980 dissimi-

412 3025 638 3098 litudo
662 3027 1041 3128 jungebat3
1083 3048 1154 3101 et
1185 3050 1335 3100 erat·
1357 3026 1676 3125 quaedam
1710 3024 2169 3123 inaequalitate
2208 3023 2503 3095 caritatis

417 3141 761 3240 aequalitas
777 3200 797 3235 ,
821 3144 1008 3243 quod
1028 3144 1219 3216 hunc
1238 3144 1414 3216 serio
1435 3142 1936 3242 laudatumque
1956 3138 2232 3239 semper
2246 3198 2268 3230 ,
2294 3138 2497 3209 illum

406 3255 556 3358 jam
589 3260 895 3357 quadam
938 3261 1375 3334 miseratione
1410 3260 1797 3360 diligerem.
1848 3257 2044 3349 Quid
2079 3244 2338 3358 profuit
2382 3254 2498 3326 in-

418 3374 702 3462 dividua
747 3375 1049 3478 pietasJ?
1094 3396 1235 3450 erat
1290 3377 1498 3449 etiam
1550 3404 1668 3449 me
1726 3376 2003 3448 nolente
2051 3372 2502 3445 manifestum

414 3492 634 3566 utrius
676 3494 894 3593 magis
931 3491 1326 3592 colloquiis,
1371 3495 1591 3594 magis
1639 3495 1898 3566 laetarer
1935 3510 2233 3591 aspectu.
2276 3486 2503 3576 Velit,

417 3607 629 3698 nolit,
664 3607 973 3709 judices),
1027 3609 1177 3709 ipsa
1216 3637 1495 3708 quoque
1530 3609 1810 3708 querela
1831 3608 2144 3709 juveniS,
2192 3603 2365 3703 quid
2417 3602 2504 3675 de

415 3725 624 3824 patris
649 3727 938 3814 fateatur
966 3727 1205 3799 animo
1223 3786 1243 3818 ,
1279 3728 1553 3827 prohat:
1591 3728 1819 3816 irasci,
1854 3725 2043 3823 quod
2073 3750 2217 3795 non
2250 3723 2338 3795 sit
2361 3723 2504 3794 fra·

416 3840 501 3911 tri
543 3840 856 3939 praelatus
897 3868 1112 3941 aegro,
1161 3841 1594 3941 impatientia
1632 3864 1733 3914 est
1761 3839 2070 3914 hominis
2116 3822 2239 3937 qui
2286 3836 2507 3935 tnagis

490 4015 536 4051 1.
566 3998 626 4051 Si
644 4013 871 4071 pasceret
887 4014 1089 4075 patrem
1100 4039 1119 4068 ‚
1141 4001 1421 4055 redemerat
1497 4002 1745 4055 Albinov.
1796 3991 1865 4053 ad
1909 4001 2107 4072 Liviam
2147 3997 2290 4068 Eleg.
2334 4014 2383 4046 v.
2425 3993 2466 4048 '5
2488 4017 2501 4044 ε

401 4080 647 4154 fratrem.
672 4084 980 4154 Distingue,
1007 4083 1051 4135 si
1072 4095 1299 4155 pasceret
1321 4104 1418 4157 pa·
1505 4106 1529 4131 ιι
1547 4085 1662 4140 Nee
1680 4097 1850 4137 tuase
1869 4084 2037 4156 pietas
2053 4077 2306 4133 distendit
2320 4095 2502 4129 amore

410 4170 563 4211 trem.
608 4160 909 4213 Redemerat
943 4160 1187 4231 fratrem·
1239 4163 1315 4213 lta
1365 4175 1418 4214 et
1505 4187 1527 4210 ι
1551 4162 1812 4231 duorum,
1835 4167 1937 4229 Ut,
2000 4164 2138 4215 osito
2161 4160 2235 4213 fili
2257 4158 2510 4222 nomino,

413 4238 652 4294 Gronov.
1504 4258 1527 4281 ι
1546 4234 1686 4289 dicat
1704 4258 1716 4287 :
1735 4236 1884 4288 uter?
1904 4258 1925 4281 ιι
1992 4247 2010 4285 t
2034 4234 2215 4286 Senec.
2239 4234 2291 4282 in
2304 4226 2500 4280 Troad-

489 4335 538 4370 2.
555 4318 839 4372 Indiuidua
848 4321 1028 4391 pietas.
1043 4319 1344 4392 Eleganter,
1359 4333 1423 4372 ut
1496 4316 1570 4377 V;
1608 4338 1631 4363 ι
1650 4335 1791 4369 mors
1813 4313 2098 4368 individua.
2122 4336 2144 4360 ιο
2173 4314 2265 4364 En.
