3200 5117
699 555 1331 621 DECLAMATIO
1378 556 1427 620 1.
1476 555 1661 622 Pno
1701 556 1990 621 cffico.
2306 557 2378 647 57
2471 533 2475 536 ’

304 665 565 750 factum
597 700 724 771 est,
759 680 1057 752 cluditur
1081 680 1249 766 telo,
1282 679 1445 755 latet
1469 699 1608 752 tota
1637 681 1876 753 mortis
1899 679 2181 754 invidia.
2216 685 2387 754 Prae-
2423 695 2433 704 ’

306 799 491 866 terea
510 822 729 894 quum
750 823 1003 867 manus
1022 823 1101 867 ex
1127 816 1312 894 parte
1332 795 1469 893 qua
1484 795 1822 894 palmare¹
1844 797 2208 894 vestigium
2229 821 2384 897 pot·
2423 809 2428 816 “

306 930 441 999 est,
484 910 783 1008 plicetur
828 911 902 982 in
950 910 1231 1010 capuIO,
1289 931 1359 983 et
1407 919 1510 999 se,
1566 911 1742 981 dum
1786 911 2006 982 telum
2043 913 2382 1011 occupat,

244 1039 249 1044 '
300 1019 618 1112 claudat,
653 1051 923 1096 necesse
943 1045 1043 1096 est
1067 1024 1389 1096 exteriore
1417 1044 1711 1122 utparte
1742 1050 2038 1122 respersa
2063 1027 2167 1097 sit.
2189 1028 2384 1099 Tuus

306 1158 544 1209 autem
591 1138 713 1236 qui
757 1137 1099 1236 palmatus
1140 1158 1240 1209 est
1276 1137 1530 1235 parit-S,
1572 1136 1932 1235 vestigium
1982 1137 2131 1237 ejus
2175 1141 2386 1237 partis
2421 1155 2430 1166 ‘

302 1253 635 1351 ostendit,
661 1253 749 1324 ad
772 1279 983 1348 quam
1012 1279 1212 1323 cruor
1236 1251 1587 1349 pervenire
1613 1279 1760 1324 -non
1792 1255 2034 1351 potuit.
2063 1255 2387 1327 Vestrum
2415 1273 2423 1282 ’

306 1387 415 1438 est
442 1393 639 1437 nunc
669 1367 907 1437 omnia
940 1366 1064 1437 ista
1097 1364 1532 1464 comparare,
1564 1361 2009 1468 perpendere.
2047 1369 2390 1468 Cur'pru-
2420 1379 2429 1388 '

308 1481 585 1552 dentior
610 1481 695 1552 sit
709 1481 924 1582 judex
956 1483 1030 1552 in
1065 1482 1645 1581 deprehendendo
1673 1485 1957 1572 scelere,
1987 1511 2201 1583 quam
2235 1485 2389 1557 reus
2418 1491 2432 1508 ‘

302 1597 387 1667 in
416 1597 875 1686 admittendo,
904 1596 1035 1669 hoc
1069 1621 1210 1670 esse
1245 1599 1318 1669 i'n
1352 1626 1554 1671 causa
1583 1620 1782 1699 puto,
1813 1601 2002 1698 quod
2036 1602 2203 1673 alter
2234 1624 2391 1674 tan-
2422 1613 2428 1618 '

306 1731 465 1781 tum
498 1738 622 1807 pro
648 1738 719 1782 se
743 1712 1027 1809 cogitat,
1059 1711 1229 1784 alter
1252 1740 1373 1811 pro
1400 1735 1590 1813 parte
1623 1734 1932 1813 utraque.

406 1826 592 1896 xm.
650 1826 901 1897 Tuitus
954 1853 1112 1897 sum
1155 1828 1607 1899 adolescentis
1659 1829 2030 1900 miserrimi
2077 1827 2392 1919 causam,

310 1966 501 2038 nunc
526 1942 867 2039 inspicere
892 1941 1046 2013 volo
1081 1964 1343 2040 quanto
1371 1945 1781 2017 certioribus
1805 1945 2234 2043 argumentis
2263 1949 2399 2019 No·-

309 2082 509 2127 verca
557 2055 891 2128 teneatur.
943 2059 1250 2129 Transeo
1297 2057 1500 2129 illum
1546 2059 1908 2156 vulgarem
1957 2080 2023 2132 et
2067 2062 2396 2133 omnibus

312 2169 557 2241 n'otum
585 2170 668 2241 de
694 2167 1207 2268 comparatione
1233 2197 1687 2269 personarum
1714 2173 1973 2243 locum.
2003 2172 2199 2244 Alius
2226 2174 2396 2246 dice-

314 2283 445 2374 ret,
476 2284 804 2368 maritum
834 2305 899 2355 et
930 2311 1247 2373 uxorem,
1284 2285 1413 2355 nisi
1447 2285 1683 2358 liberis
1708 2286 2215 2375 initiarentur²‚
2247 2314 2392 2360 non

311 2395 702 2470 fortissimis
733 2423 1100 2496 corporum
1134 2396 1470 2469 vinculis³
1498 2398 1855 2470 inhaerere.
1891 2401 2038 2497 Ego
2070 2399 2244 2470 illud
2282 2400 2397 2499 p'o'-

314 2509 448 2585 tius
473 2513 721 2584 dicam:
752 2513 1029 2612 decepta
1055 2534 1183 2602 est,
1209 2513 1490 2601 mulier,
1518 2515 1921 2613 exspectatio
1942 2537 2092 2586 tua:
2115 2539 2396 2588 veneras

314 2628 509 2726 quasi
537 2627 613 2698 in
640 2627 928 2699 vacuam
964 2628 1292 2716 domum,
1322 2649 1388 2698 et
1414 2629 1564 2699 sine
1597 2628 1889 2699 herede:
1923 2649 2396 2727 expectaverus

315 2762 393 2842 ut
420 2740 661 2813 infelix
694 2741 816 2812 iste
834 2741 1114 2842 juvenis
1148 2743 1237 2811 ab
1272 2741 1433 2840 ipsis
1471 2742 1780 2838 protinus
1810 2742 2210 2840 nuptiarum
2245 2764 2400 2813 tua-

314 2883 475 2928 rum
507 2856 952 2956 expelleretur
981 2856 1338 2954 auspiciis3
1379 2877 1750 2944 extorrem,
1793 2876 1859 2925 et
1889 2855 2172 2952 inopem
2207 2883 2400 2954 sum-

314 2965 632 3043 moveret
658 2970 859 3070 pater‘
887 2970 1148 3041 blando
1190 2990 1549 3068 corruptus
1591 2969 1946 3068 amplexu,
1994 2990 2061 3039 et
2108 2970 2426 3041 omnino

316 3091 671 3159 summam
693 3085 1154 3159 calamitatem
1179 3083 1523 3185 corporis4
1548 3110 1899 3157 occurrere
1920 3082 2220 3154 delicatis
2239 3110 2400 3154 uxo-

1468 3289 1517 3357 4.
1543 3291 1615 3342 Ec
1643 3292 1858 3342 omnino
1888 3306 2146 3343 summam
2177 3286 2402 3340 calami-

1400 3378 1553 3419 tatem
1579 3372 1820 3439 corporis.
1845 3368 1985 3439 Lego
2000 3405 2018 3433 ,
2042 3378 2092 3419 et
2113 3367 2402 3419 ominosam

1394 3448 1746 3500 calamitatem
1765 3449 2012 3520 corporis,
2033 3450 2104 3498 Μ.
2127 3450 2323 3499 Seneca
2344 3447 2400 3498 in

1398 3531 1585 3581 Contr.
1611 3529 1712 3594 33,
1742 3547 1856 3601 quae
1885 3528 2210 3592 inscribitur,
2235 3526 2398 3579 Debi-

396 3277 453 3346 ιζ
482 3292 647 3363 Quum
683 3259 868 3343 manus
900 3308 965 3342 ex
996 3300 1173 3361 parte,
1211 3309 1318 3362 qua

310 3374 569 3445 palmare.
594 3375 758 3442 Lege,
782 3392 841 3424 ea
862 3381 1026 3443 parte.
1050 3372 1217 3423 Grion.

391 3474 441 3507 α.
472 3456 658 3506 Liberis
684 3455 1030 3505 initiarentur.
1057 3452 1146 3510 Uti
1172 3450 1318 3502 vide-

317 3552 406 3589 tur
430 3536 533 3588 hoc
556 3536 717 3588 verbo
742 3553 881 3586 nova
906 3532 1137 3603 quadam
1168 3532 1320 3601 signi-

316 3618 602 3679 ficatione,
639 3614 789 3684 quasi
830 3631 861 3664 a
896 3611 1073 3663 liberis
1113 3611 1316 3662 initium

315 3695 599 3748 firmissimi
636 3694 828 3748 amoris
859 3693 1021 3745 fieret.
1060 3692 1142 3744 Sic
1178 3692 1319 3742 infra

314 3774 554 3826 Deciani.
596 3774 727 3842 278:
772 3774 989 3823 “Patres
1027 3771 1167 3821 enim
1208 3788 1316 3821 non

323 3877 351 3916 ιι,
366 3869 574 3908 tantum
596 3868 783 3906 natura
806 3867 861 3905 et
881 3852 972 3904 illo
992 3853 1140 3905 initio
1159 3852 1322 3904 couti-

324 3958 347 3982 0
366 3948 579 3988 nentur.
602 3959 626 3983 n

390 4018 439 4070 3.
472 4020 755 4087 Corporum
786 4014 1016 4069 vinculis.
1044 4017 1142 4066 Per
1164 4014 1322 4066 blan-

319 4092 471 4147 ditias
516 4095 706 4146 amoris
743 4108 795 4144 et
840 4093 1076 4163 legitimae
1119 4093 1321 4146 veneris

318 4176 613 4228 illecebras.
655 4177 732 4226 lta
775 4169 995 4228 declam.
1028 4192 1134 4245 seq.
1164 4172 1322 4225 habet

318 4276 594 4330 corporum
623 4259 875 4312 caritates.

535 4345 584 4397 5.

1399 3608 1552 3661 litans
1577 3610 1871 3680 expositus:
1896 3612 2184 3661 Occurrunt
2205 3609 2402 3679 nuptiis

1398 3693 1575 3743 οηιίηα
1598 3691 1737 3755 dira,
1761 3691 1912 3743 sacris
1930 3689 2149 3760 publicis
2167 3688 2401 3759 auspicia

1386 3772 1604 3845 feralia.
1624 3773 1887 3835 suminus,
1913 3771 2002 3823 lib.
2021 3771 2145 3834 ΧΗ,
2168 3767 2237 3821 de
2254 3771 2400 3820 Grae-v

1398 3855 1504 3918 cis»,
1539 3853 1630 3924 qui
1659 3871 1873 3924 poenam
1904 3852 2218 3922 captivitatis
2250 3863 2401 3904 trunv

1399 3948 1517 3986 cata
1538 3935 1779 4006 corporis
1798 3947 1949 4005 parte
1974 3933 2229 3984 tulerant=
2255 3949 2404 4006 aym:

1399 4015 1628 4085 accipere
1668 4010 1971 4064 maluerunt
1987 4049 2005 4077 ‚
2047 4029 2113 4061 ne
2146 4025 2254 4060 ποη
2292 4021 2400 4062 tom

1396 4093 1650 4168 gaudium
1685 4092 2009 4165 parentibus,
2042 4107 2202 4162 quant
2239 4089 2402 4139 decei-

1403 4173 1623 4224 tandum
1663 4173 1747 4223 sm‘
1791 4180 2116 4239 conspectum
2162 4168 2402 4239 deporta-

1404 4262 1531 4303 rent.
1555 4252 1719 4303 cnon.

2127 4347 2156 4382 a
