<?xml version="1.0" encoding="UTF-8"?>
<!DOCTYPE html PUBLIC "-//W3C//DTD XHTML 1.0 Transitional//EN"
    "http://www.w3.org/TR/xhtml1/DTD/xhtml1-transitional.dtd">
<html xmlns="http://www.w3.org/1999/xhtml" xml:lang="en" lang="en">
 <head>
  <title>
</title>
<meta http-equiv="Content-Type" content="text/html;charset=utf-8" />
  <meta name='ocr-system' content='tesseract 3.04.00' />
  <meta name='ocr-capabilities' content='ocr_page ocr_carea ocr_par ocr_line ocrx_word'/>
</head>
<body>
  <div class='ocr_page' id='page_1' title='image "./deinstitutioneo01flacgoog_0504.png"; bbox 0 0 3200 5117; ppageno 0'>
   <div class='ocr_carea' id='block_1_1' title="bbox 828 492 2951 4158">
    <p class='ocr_par' dir='ltr' id='par_1_1' title="bbox 829 492 2291 573">
     <span class='ocr_line' id='line_1_1' title="bbox 829 492 2291 573; baseline 0.001 -19"><span class='ocrx_word' id='word_1_1' title='bbox 829 493 952 570; x_wconf 69' lang='lat'>438</span> <span class='ocrx_word' id='word_1_2' title='bbox 1461 493 1576 553; x_wconf 74' lang='lat' dir='ltr'>EX</span> <span class='ocrx_word' id='word_1_3' title='bbox 1626 492 2291 573; x_wconf 68' lang='lat' dir='ltr'>QL&#39;INTILIANO</span> 
     </span>
    </p>

    <p class='ocr_par' dir='ltr' id='par_1_2' title="bbox 828 614 2951 4158">
     <span class='ocr_line' id='line_1_2' title="bbox 831 614 2951 704; baseline 0.003 -19"><span class='ocrx_word' id='word_1_4' title='bbox 831 617 1088 687; x_wconf 68' lang='lat' dir='ltr'>nescis?</span> <span class='ocrx_word' id='word_1_5' title='bbox 1112 617 1322 685; x_wconf 77' lang='lat' dir='ltr'>—JL</span> <span class='ocrx_word' id='word_1_6' title='bbox 1357 614 1532 682; x_wconf 79' lang='lat' dir='ltr'>Mihi</span> <span class='ocrx_word' id='word_1_7' title='bbox 1575 639 1752 685; x_wconf 85' lang='lat' dir='ltr'>certe</span> <span class='ocrx_word' id='word_1_8' title='bbox 1791 616 2015 685; x_wconf 73' lang='lat' dir='ltr'>vultus</span> <span class='ocrx_word' id='word_1_9' title='bbox 2044 617 2457 704; x_wconf 84' lang='lat' dir='ltr'>sumendus,</span> <span class='ocrx_word' id='word_1_10' title='bbox 2498 641 2569 691; x_wconf 87' lang='lat' dir='ltr'>et</span> <span class='ocrx_word' id='word_1_11' title='bbox 2602 619 2691 690; x_wconf 82' lang='lat' dir='ltr'>ad</span> <span class='ocrx_word' id='word_1_12' title='bbox 2730 621 2951 691; x_wconf 84' lang='lat' dir='ltr'>hunc</span> 
     </span>
     <span class='ocr_line' id='line_1_3' title="bbox 831 729 2951 833; baseline 0.003 -34"><span class='ocrx_word' id='word_1_13' title='bbox 831 732 1058 800; x_wconf 67' lang='lat' dir='ltr'>locum</span> <span class='ocrx_word' id='word_1_14' title='bbox 1105 729 1552 825; x_wconf 74' lang='lat' dir='ltr'>fugiendum,</span> <span class='ocrx_word' id='word_1_15' title='bbox 1606 753 1675 798; x_wconf 90' lang='lat' dir='ltr'>ut</span> <span class='ocrx_word' id='word_1_16' title='bbox 1727 730 2151 826; x_wconf 73' lang='lat' dir='ltr'>intelligatur</span> <span class='ocrx_word' id='word_1_17' title='bbox 2187 732 2361 801; x_wconf 83' lang='lat' dir='ltr'>mihi</span> <span class='ocrx_word' id='word_1_18' title='bbox 2402 734 2707 805; x_wconf 87' lang='lat' dir='ltr'>minime</span> <span class='ocrx_word' id='word_1_19' title='bbox 2748 763 2951 833; x_wconf 80' lang='lat' dir='ltr'>prae-</span> 
     </span>
     <span class='ocr_line' id='line_1_4' title="bbox 831 846 2942 948; baseline 0.004 -36"><span class='ocrx_word' id='word_1_20' title='bbox 831 850 1020 922; x_wconf 68' lang='lat' dir='ltr'>2-tari,</span> <span class='ocrx_word' id='word_1_21' title='bbox 1070 846 1254 944; x_wconf 87' lang='lat' dir='ltr'>quod</span> <span class='ocrx_word' id='word_1_22' title='bbox 1296 846 1578 914; x_wconf 83' lang='lat' dir='ltr'>maritus</span> <span class='ocrx_word' id='word_1_23' title='bbox 1623 867 1831 930; x_wconf 71' lang='lat' dir='ltr'>tacet,</span> <span class='ocrx_word' id='word_1_24' title='bbox 1861 847 2047 942; x_wconf 88' lang='lat' dir='ltr'>quod</span> <span class='ocrx_word' id='word_1_25' title='bbox 2081 847 2249 916; x_wconf 87' lang='lat' dir='ltr'>hora</span> <span class='ocrx_word' id='word_1_26' title='bbox 2276 849 2564 942; x_wconf 75' lang='lat' dir='ltr'>stringit.</span> <span class='ocrx_word' id='word_1_27' title='bbox 2608 853 2942 948; x_wconf 85' lang='lat' dir='ltr'>Respon-</span> 
     </span>
     <span class='ocr_line' id='line_1_5' title="bbox 831 962 2949 1061; baseline 0.002 -29"><span class='ocrx_word' id='word_1_28' title='bbox 831 965 982 1033; x_wconf 82' lang='lat' dir='ltr'>deat</span> <span class='ocrx_word' id='word_1_29' title='bbox 1008 964 1244 1033; x_wconf 78' lang='lat' dir='ltr'>saltem</span> <span class='ocrx_word' id='word_1_30' title='bbox 1279 984 1676 1033; x_wconf 81' lang='lat' dir='ltr'>accusatus:</span> <span class='ocrx_word' id='word_1_31' title='bbox 1716 964 2005 1031; x_wconf 78' lang='lat' dir='ltr'>fateatur</span> <span class='ocrx_word' id='word_1_32' title='bbox 2034 962 2283 1033; x_wconf 80' lang='lat' dir='ltr'>iratus:</span> <span class='ocrx_word' id='word_1_33' title='bbox 2314 991 2435 1034; x_wconf 84' lang='lat' dir='ltr'>cur</span> <span class='ocrx_word' id='word_1_34' title='bbox 2466 987 2748 1061; x_wconf 83' lang='lat' dir='ltr'>peracto</span> <span class='ocrx_word' id='word_1_35' title='bbox 2780 993 2949 1036; x_wconf 83' lang='lat' dir='ltr'>sce-</span> 
     </span>
     <span class='ocr_line' id='line_1_6' title="bbox 830 1077 2943 1174; baseline 0.001 -27"><span class='ocrx_word' id='word_1_36' title='bbox 830 1080 964 1147; x_wconf 70' lang='lat' dir='ltr'>lere</span> <span class='ocrx_word' id='word_1_37' title='bbox 1009 1077 1360 1149; x_wconf 73' lang='lat' dir='ltr'>modestiae</span> <span class='ocrx_word' id='word_1_38' title='bbox 1404 1079 1630 1146; x_wconf 88' lang='lat' dir='ltr'>fronte</span> <span class='ocrx_word' id='word_1_39' title='bbox 1676 1077 2018 1146; x_wconf 71' lang='lat' dir='ltr'>subsistit?</span> <span class='ocrx_word' id='word_1_40' title='bbox 2062 1078 2175 1147; x_wconf 72' lang='lat' dir='ltr'>Nil</span> <span class='ocrx_word' id='word_1_41' title='bbox 2209 1081 2393 1174; x_wconf 77' lang='lat' dir='ltr'>agis,</span> <span class='ocrx_word' id='word_1_42' title='bbox 2429 1080 2943 1151; x_wconf 78' lang='lat' dir='ltr'><strong>callidissime:</strong></span> 
     </span>
     <span class='ocr_line' id='line_1_7' title="bbox 831 1192 2945 1288; baseline 0.002 -26"><span class='ocrx_word' id='word_1_43' title='bbox 831 1194 1172 1262; x_wconf 84' lang='lat' dir='ltr'>incestum</span> <span class='ocrx_word' id='word_1_44' title='bbox 1229 1192 1498 1260; x_wconf 72' lang='lat' dir='ltr'>silentio</span> <span class='ocrx_word' id='word_1_45' title='bbox 1547 1192 1753 1287; x_wconf 76' lang='lat' dir='ltr'>patris</span> <span class='ocrx_word' id='word_1_46' title='bbox 1796 1217 1939 1260; x_wconf 90' lang='lat' dir='ltr'>non</span> <span class='ocrx_word' id='word_1_47' title='bbox 1994 1192 2373 1288; x_wconf 76' lang='lat' dir='ltr'>probatur,</span> <span class='ocrx_word' id='word_1_48' title='bbox 2419 1194 2550 1262; x_wconf 89' lang='lat' dir='ltr'>nisi</span> <span class='ocrx_word' id='word_1_49' title='bbox 2596 1195 2655 1265; x_wconf 89' lang='lat' dir='ltr'>si</span> <span class='ocrx_word' id='word_1_50' title='bbox 2706 1217 2945 1266; x_wconf 82' lang='lat' dir='ltr'>taceat</span> 
     </span>
     <span class='ocr_line' id='line_1_8' title="bbox 829 1305 2948 1404; baseline 0.002 -27"><span class='ocrx_word' id='word_1_51' title='bbox 829 1331 900 1379; x_wconf 87' lang='lat' dir='ltr'>ct</span> <span class='ocrx_word' id='word_1_52' title='bbox 933 1331 1170 1378; x_wconf 75' lang='lat' dir='ltr'>mater.</span> <span class='ocrx_word' id='word_1_53' title='bbox 1194 1349 1290 1357; x_wconf 92' lang='lat'>—-</span> <span class='ocrx_word' id='word_1_54' title='bbox 1317 1307 1396 1374; x_wconf 79' lang='lat' dir='ltr'>P.</span> <span class='ocrx_word' id='word_1_55' title='bbox 1439 1307 1580 1401; x_wconf 70' lang='lat' dir='ltr'>Ego</span> <span class='ocrx_word' id='word_1_56' title='bbox 1614 1305 1787 1374; x_wconf 84' lang='lat' dir='ltr'>nihil</span> <span class='ocrx_word' id='word_1_57' title='bbox 1822 1332 2101 1392; x_wconf 78' lang='lat' dir='ltr'>accuse,</span> <span class='ocrx_word' id='word_1_58' title='bbox 2136 1306 2313 1377; x_wconf 80' lang='lat' dir='ltr'>nihil</span> <span class='ocrx_word' id='word_1_59' title='bbox 2341 1309 2597 1404; x_wconf 89' lang='lat' dir='ltr'>probo:</span> <span class='ocrx_word' id='word_1_60' title='bbox 2629 1311 2948 1397; x_wconf 78' lang='lat' dir='ltr'>sufficit,</span> 
     </span>
     <span class='ocr_line' id='line_1_9' title="bbox 832 1419 2949 1520; baseline 0.001 -28"><span class='ocrx_word' id='word_1_61' title='bbox 832 1446 906 1492; x_wconf 87' lang='lat' dir='ltr'>ut</span> <span class='ocrx_word' id='word_1_62' title='bbox 962 1445 1224 1492; x_wconf 76' lang='lat' dir='ltr'>taceam</span> <span class='ocrx_word' id='word_1_63' title='bbox 1267 1447 1282 1488; x_wconf 86' lang='lat'><strong>:</strong></span> <span class='ocrx_word' id='word_1_64' title='bbox 1333 1419 1482 1519; x_wconf 85' lang='lat' dir='ltr'>jam</span> <span class='ocrx_word' id='word_1_65' title='bbox 1532 1443 1687 1518; x_wconf 91' lang='lat' dir='ltr'>post</span> <span class='ocrx_word' id='word_1_66' title='bbox 1730 1421 1986 1490; x_wconf 79' lang='lat' dir='ltr'>exitum</span> <span class='ocrx_word' id='word_1_67' title='bbox 2036 1443 2331 1492; x_wconf 74' lang='lat' dir='ltr'>revertor</span> <span class='ocrx_word' id='word_1_68' title='bbox 2376 1423 2447 1491; x_wconf 89' lang='lat' dir='ltr'>in</span> <span class='ocrx_word' id='word_1_69' title='bbox 2484 1444 2807 1520; x_wconf 84' lang='lat' dir='ltr'>patrem:</span> <span class='ocrx_word' id='word_1_70' title='bbox 2862 1446 2949 1495; x_wconf 87' lang='lat' dir='ltr'>tu</span> 
     </span>
     <span class='ocr_line' id='line_1_10' title="bbox 830 1533 2945 1634; baseline 0.001 -28"><span class='ocrx_word' id='word_1_71' title='bbox 830 1537 1204 1632; x_wconf 67' lang='lat' dir='ltr'>inquietas,</span> <span class='ocrx_word' id='word_1_72' title='bbox 1241 1557 1314 1605; x_wconf 92' lang='lat' dir='ltr'>tu</span> <span class='ocrx_word' id='word_1_73' title='bbox 1353 1533 1702 1603; x_wconf 76' lang='lat' dir='ltr'>insultatis</span> <span class='ocrx_word' id='word_1_74' title='bbox 1749 1535 2009 1603; x_wconf 79' lang='lat' dir='ltr'>otiosa:</span> <span class='ocrx_word' id='word_1_75' title='bbox 2056 1556 2131 1604; x_wconf 90' lang='lat' dir='ltr'>tu</span> <span class='ocrx_word' id='word_1_76' title='bbox 2169 1562 2399 1605; x_wconf 86' lang='lat' dir='ltr'>rursus</span> <span class='ocrx_word' id='word_1_77' title='bbox 2444 1536 2531 1605; x_wconf 82' lang='lat' dir='ltr'>ad</span> <span class='ocrx_word' id='word_1_78' title='bbox 2574 1536 2945 1634; x_wconf 70' lang='lat' dir='ltr'>populum</span> 
     </span>
     <span class='ocr_line' id='line_1_11' title="bbox 833 1652 2943 1749; baseline 0.001 -27"><span class='ocrx_word' id='word_1_79' title='bbox 833 1654 1163 1723; x_wconf 72' lang='lat' dir='ltr'>miserum</span> <span class='ocrx_word' id='word_1_80' title='bbox 1220 1677 1571 1720; x_wconf 87' lang='lat' dir='ltr'>rumorem</span> <span class='ocrx_word' id='word_1_81' title='bbox 1634 1678 1873 1720; x_wconf 77' lang='lat' dir='ltr'>vocas:</span> <span class='ocrx_word' id='word_1_82' title='bbox 1923 1673 1993 1720; x_wconf 91' lang='lat' dir='ltr'>tu</span> <span class='ocrx_word' id='word_1_83' title='bbox 2048 1673 2280 1721; x_wconf 80' lang='lat' dir='ltr'>tamen</span> <span class='ocrx_word' id='word_1_84' title='bbox 2335 1680 2461 1728; x_wconf 86' lang='lat' dir='ltr'>cur</span> <span class='ocrx_word' id='word_1_85' title='bbox 2498 1652 2655 1749; x_wconf 89' lang='lat' dir='ltr'>plus</span> <span class='ocrx_word' id='word_1_86' title='bbox 2700 1677 2943 1725; x_wconf 85' lang='lat' dir='ltr'>matre</span> 
     </span>
     <span class='ocr_line' id='line_1_12' title="bbox 830 1764 2941 1865; baseline 0.001 -28"><span class='ocrx_word' id='word_1_87' title='bbox 830 1765 1121 1837; x_wconf 73' lang='lat' dir='ltr'>amasti?</span> <span class='ocrx_word' id='word_1_88' title='bbox 1161 1808 1254 1818; x_wconf 90' lang='lat'>—</span> <span class='ocrx_word' id='word_1_89' title='bbox 1303 1767 1405 1834; x_wconf 71' lang='lat' dir='ltr'>JI.</span> <span class='ocrx_word' id='word_1_90' title='bbox 1461 1764 1674 1852; x_wconf 88' lang='lat' dir='ltr'>Quod</span> <span class='ocrx_word' id='word_1_91' title='bbox 1729 1787 1801 1834; x_wconf 91' lang='lat' dir='ltr'>tu</span> <span class='ocrx_word' id='word_1_92' title='bbox 1870 1765 2027 1861; x_wconf 79' lang='lat' dir='ltr'>plus</span> <span class='ocrx_word' id='word_1_93' title='bbox 2079 1788 2270 1863; x_wconf 85' lang='lat' dir='ltr'>patre</span> <span class='ocrx_word' id='word_1_94' title='bbox 2318 1768 2555 1837; x_wconf 82' lang='lat' dir='ltr'>oderas</span> <span class='ocrx_word' id='word_1_95' title='bbox 2588 1825 2609 1856; x_wconf 89' lang='lat'>,</span> <span class='ocrx_word' id='word_1_96' title='bbox 2674 1796 2941 1865; x_wconf 79' lang='lat' dir='ltr'>parum</span> 
     </span>
     <span class='ocr_line' id='line_1_13' title="bbox 833 1879 2943 1976; baseline 0.001 -25"><span class='ocrx_word' id='word_1_97' title='bbox 833 1881 1005 1951; x_wconf 84' lang='lat' dir='ltr'>mihi</span> <span class='ocrx_word' id='word_1_98' title='bbox 1056 1879 1336 1950; x_wconf 72' lang='lat' dir='ltr'>videbar</span> <span class='ocrx_word' id='word_1_99' title='bbox 1384 1879 1687 1948; x_wconf 86' lang='lat' dir='ltr'>duorum</span> <span class='ocrx_word' id='word_1_100' title='bbox 1731 1879 2017 1976; x_wconf 83' lang='lat' dir='ltr'>implere</span> <span class='ocrx_word' id='word_1_101' title='bbox 2056 1882 2416 1967; x_wconf 80' lang='lat' dir='ltr'>affectum,</span> <span class='ocrx_word' id='word_1_102' title='bbox 2464 1903 2539 1952; x_wconf 90' lang='lat' dir='ltr'>ut</span> <span class='ocrx_word' id='word_1_103' title='bbox 2572 1903 2645 1952; x_wconf 88' lang='lat' dir='ltr'>et</span> <span class='ocrx_word' id='word_1_104' title='bbox 2682 1884 2943 1953; x_wconf 76' lang='lat' dir='ltr'>omnia</span> 
     </span>
     <span class='ocr_line' id='line_1_14' title="bbox 829 1995 2943 2096; baseline 0.001 -30"><span class='ocrx_word' id='word_1_105' title='bbox 829 1997 1031 2067; x_wconf 75' lang='lat' dir='ltr'>anxia</span> <span class='ocrx_word' id='word_1_106' title='bbox 1072 2023 1225 2065; x_wconf 82' lang='lat' dir='ltr'>mea</span> <span class='ocrx_word' id='word_1_107' title='bbox 1268 1995 1337 2064; x_wconf 91' lang='lat' dir='ltr'>in</span> <span class='ocrx_word' id='word_1_108' title='bbox 1380 1995 1791 2091; x_wconf 61' lang='lat' dir='ltr'>quaestiones</span> <span class='ocrx_word' id='word_1_109' title='bbox 1834 1995 2085 2064; x_wconf 83' lang='lat' dir='ltr'>ducam</span> <span class='ocrx_word' id='word_1_110' title='bbox 2118 2024 2133 2064; x_wconf 90' lang='grc'>;</span> <span class='ocrx_word' id='word_1_111' title='bbox 2172 2019 2246 2066; x_wconf 82' lang='grc' dir='ltr'>ιιι</span> <span class='ocrx_word' id='word_1_112' title='bbox 2278 1996 2585 2093; x_wconf 86' lang='lat' dir='ltr'>primum</span> <span class='ocrx_word' id='word_1_113' title='bbox 2616 1998 2943 2096; x_wconf 80' lang='lat' dir='ltr'>explica,</span> 
     </span>
     <span class='ocr_line' id='line_1_15' title="bbox 832 2108 2943 2209; baseline 0.002 -29"><span class='ocrx_word' id='word_1_114' title='bbox 832 2140 954 2181; x_wconf 76' lang='lat' dir='ltr'>cur</span> <span class='ocrx_word' id='word_1_115' title='bbox 977 2110 1201 2180; x_wconf 84' lang='lat' dir='ltr'>filium</span> <span class='ocrx_word' id='word_1_116' title='bbox 1227 2108 1575 2180; x_wconf 72' lang='lat' dir='ltr'>occidisti?</span> <span class='ocrx_word' id='word_1_117' title='bbox 1606 2109 1857 2179; x_wconf 83' lang='lat' dir='ltr'>deinde</span> <span class='ocrx_word' id='word_1_118' title='bbox 1889 2133 2127 2179; x_wconf 83' lang='lat' dir='ltr'>caetera</span> <span class='ocrx_word' id='word_1_119' title='bbox 2150 2110 2795 2209; x_wconf 63' lang='lat' dir='ltr'>subjungam—P.</span> <span class='ocrx_word' id='word_1_120' title='bbox 2818 2114 2943 2183; x_wconf 82' lang='lat' dir='ltr'>In·</span> 
     </span>
     <span class='ocr_line' id='line_1_16' title="bbox 831 2209 2943 2315; baseline 0 -19"><span class='ocrx_word' id='word_1_121' title='bbox 831 2227 1034 2296; x_wconf 74' lang='lat' dir='ltr'>famis</span> <span class='ocrx_word' id='word_1_122' title='bbox 1062 2248 1222 2296; x_wconf 81' lang='lat' dir='ltr'>erat.</span> <span class='ocrx_word' id='word_1_123' title='bbox 1247 2269 1340 2277; x_wconf 93' lang='lat'>-—</span> <span class='ocrx_word' id='word_1_124' title='bbox 1360 2227 1459 2294; x_wconf 82' lang='lat' dir='ltr'>M.</span> <span class='ocrx_word' id='word_1_125' title='bbox 1491 2225 1728 2313; x_wconf 72' lang='lat' dir='ltr'>Quid?</span> <span class='ocrx_word' id='word_1_126' title='bbox 1751 2225 1802 2294; x_wconf 88' lang='lat' dir='ltr'>si</span> <span class='ocrx_word' id='word_1_127' title='bbox 1827 2225 2173 2295; x_wconf 89' lang='lat' dir='ltr'>occisurus</span> <span class='ocrx_word' id='word_1_128' title='bbox 2196 2253 2375 2315; x_wconf 82' lang='lat' dir='ltr'>eras,</span> <span class='ocrx_word' id='word_1_129' title='bbox 2407 2254 2530 2296; x_wconf 88' lang='lat' dir='ltr'>eur</span> <span class='ocrx_word' id='word_1_130' title='bbox 2546 2209 2943 2299; x_wconf 69' lang='lat' dir='ltr'>nutn‘vi&#39;sti?</span> 
     </span>
     <span class='ocr_line' id='line_1_17' title="bbox 831 2341 2940 2440; baseline 0.003 -32"><span class='ocrx_word' id='word_1_131' title='bbox 831 2369 951 2410; x_wconf 67' lang='lat' dir='ltr'>sur</span> <span class='ocrx_word' id='word_1_132' title='bbox 981 2341 1339 2410; x_wconf 78' lang='lat' dir='ltr'>blanditiis</span> <span class='ocrx_word' id='word_1_133' title='bbox 1370 2341 1631 2409; x_wconf 72' lang='lat' dir='ltr'>fovisti?</span> <span class='ocrx_word' id='word_1_134' title='bbox 1664 2368 1786 2410; x_wconf 92' lang='lat' dir='ltr'>cur</span> <span class='ocrx_word' id='word_1_135' title='bbox 1809 2342 2177 2412; x_wconf 84' lang='lat' dir='ltr'>affectibus</span> <span class='ocrx_word' id='word_1_136' title='bbox 2208 2341 2639 2414; x_wconf 79' lang='lat' dir='ltr'>securitatem</span> <span class='ocrx_word' id='word_1_137' title='bbox 2667 2344 2940 2440; x_wconf 88' lang='lat' dir='ltr'>promi·</span> 
     </span>
     <span class='ocr_line' id='line_1_18' title="bbox 831 2454 2939 2555; baseline 0.003 -31"><span class='ocrx_word' id='word_1_138' title='bbox 831 2456 1011 2525; x_wconf 69' lang='lat' dir='ltr'>sisti?</span> <span class='ocrx_word' id='word_1_139' title='bbox 1045 2483 1130 2525; x_wconf 80' lang='lat' dir='ltr'>an</span> <span class='ocrx_word' id='word_1_140' title='bbox 1171 2454 1538 2553; x_wconf 80' lang='lat' dir='ltr'>parricidio</span> <span class='ocrx_word' id='word_1_141' title='bbox 1577 2456 2051 2555; x_wconf 81' lang='lat' dir='ltr'>proditionem</span> <span class='ocrx_word' id='word_1_142' title='bbox 2087 2458 2725 2532; x_wconf 84' lang='lat' dir='ltr'>adhibuisti?-P.</span> <span class='ocrx_word' id='word_1_143' title='bbox 2760 2459 2939 2532; x_wconf 75' lang='lat' dir='ltr'>Fm‘-</span> 
     </span>
     <span class='ocr_line' id='line_1_19' title="bbox 831 2570 2939 2669; baseline 0.001 -29"><span class='ocrx_word' id='word_1_144' title='bbox 831 2597 1020 2659; x_wconf 79' lang='lat' dir='ltr'>mus,</span> <span class='ocrx_word' id='word_1_145' title='bbox 1067 2570 1255 2667; x_wconf 86' lang='lat' dir='ltr'>quod</span> <span class='ocrx_word' id='word_1_146' title='bbox 1299 2570 1561 2640; x_wconf 86' lang='lat' dir='ltr'>fuimus</span> <span class='ocrx_word' id='word_1_147' title='bbox 1586 2586 1633 2656; x_wconf 82' lang='lat'>¹,</span> <span class='ocrx_word' id='word_1_148' title='bbox 1670 2572 1898 2642; x_wconf 86' lang='lat' dir='ltr'>felices</span> <span class='ocrx_word' id='word_1_149' title='bbox 1934 2593 2279 2669; x_wconf 82' lang='lat' dir='ltr'>parentes,</span> <span class='ocrx_word' id='word_1_150' title='bbox 2312 2572 2487 2643; x_wconf 88' lang='lat' dir='ltr'>dum</span> <span class='ocrx_word' id='word_1_151' title='bbox 2524 2570 2713 2642; x_wconf 88' lang='lat' dir='ltr'>rudis</span> <span class='ocrx_word' id='word_1_152' title='bbox 2754 2573 2939 2643; x_wconf 83' lang='lat' dir='ltr'>arri-</span> 
     </span>
     <span class='ocr_line' id='line_1_20' title="bbox 831 2684 2939 2783; baseline 0.002 -29"><span class='ocrx_word' id='word_1_153' title='bbox 831 2685 1018 2755; x_wconf 84' lang='lat' dir='ltr'>deret</span> <span class='ocrx_word' id='word_1_154' title='bbox 1056 2686 1376 2771; x_wconf 84' lang='lat' dir='ltr'>infantia;</span> <span class='ocrx_word' id='word_1_155' title='bbox 1407 2684 1578 2755; x_wconf 88' lang='lat' dir='ltr'>dum</span> <span class='ocrx_word' id='word_1_156' title='bbox 1612 2686 1743 2756; x_wconf 87' lang='lat' dir='ltr'>dici</span> <span class='ocrx_word' id='word_1_157' title='bbox 1774 2707 2054 2783; x_wconf 80' lang='lat' dir='ltr'>poterat,</span> <span class='ocrx_word' id='word_1_158' title='bbox 2094 2714 2217 2759; x_wconf 89' lang='lat' dir='ltr'>nos</span> <span class='ocrx_word' id='word_1_159' title='bbox 2246 2686 2470 2757; x_wconf 87' lang='lat' dir='ltr'>filium</span> <span class='ocrx_word' id='word_1_160' title='bbox 2498 2685 2781 2774; x_wconf 84' lang='lat' dir='ltr'>habere,</span> <span class='ocrx_word' id='word_1_161' title='bbox 2804 2713 2939 2758; x_wconf 87' lang='lat' dir='ltr'>nec</span> 
     </span>
     <span class='ocr_line' id='line_1_21' title="bbox 828 2801 2931 2902; baseline 0.001 -33"><span class='ocrx_word' id='word_1_162' title='bbox 828 2801 989 2870; x_wconf 83' lang='lat' dir='ltr'>addi</span> <span class='ocrx_word' id='word_1_163' title='bbox 1043 2803 1431 2872; x_wconf 87' lang='lat' dir='ltr'>formosum</span> <span class='ocrx_word' id='word_1_164' title='bbox 1471 2830 1484 2871; x_wconf 89' lang='lat'>:</span> <span class='ocrx_word' id='word_1_165' title='bbox 1531 2824 1632 2872; x_wconf 85' lang='lat' dir='ltr'>ast</span> <span class='ocrx_word' id='word_1_166' title='bbox 1677 2802 1795 2872; x_wconf 87' lang='lat' dir='ltr'>ubi</span> <span class='ocrx_word' id='word_1_167' title='bbox 1846 2802 2139 2873; x_wconf 73' lang='lat' dir='ltr'>adolevit</span> <span class='ocrx_word' id='word_1_168' title='bbox 2183 2802 2557 2902; x_wconf 71' lang='lat' dir='ltr'>juventu5‚</span> <span class='ocrx_word' id='word_1_169' title='bbox 2601 2803 2931 2872; x_wconf 83' lang='lat' dir='ltr'>omnium</span> 
     </span>
     <span class='ocr_line' id='line_1_22' title="bbox 829 2914 2935 3005; baseline 0 -20"><span class='ocrx_word' id='word_1_170' title='bbox 829 2914 1208 2986; x_wconf 87' lang='lat' dir='ltr'>maledictis</span> <span class='ocrx_word' id='word_1_171' title='bbox 1253 2916 1739 3005; x_wconf 83' lang='lat' dir='ltr'>succlamatus‚</span> <span class='ocrx_word' id='word_1_172' title='bbox 1791 2918 2117 2987; x_wconf 88' lang='lat' dir='ltr'>omnium</span> <span class='ocrx_word' id='word_1_173' title='bbox 2152 2916 2588 2988; x_wconf 79' lang='lat' dir='ltr'>denotatione</span> <span class='ocrx_word' id='word_1_174' title='bbox 2629 2917 2935 2988; x_wconf 80' lang='lat' dir='ltr'>damna—</span> 
     </span>
     <span class='ocr_line' id='line_1_23' title="bbox 830 3030 2935 3130; baseline 0 -29"><span class='ocrx_word' id='word_1_175' title='bbox 830 3052 938 3102; x_wconf 87' lang='lat' dir='ltr'>tus</span> <span class='ocrx_word' id='word_1_176' title='bbox 973 3053 1113 3101; x_wconf 87' lang='lat' dir='ltr'>est:</span> <span class='ocrx_word' id='word_1_177' title='bbox 1146 3030 1308 3101; x_wconf 90' lang='lat' dir='ltr'>inde</span> <span class='ocrx_word' id='word_1_178' title='bbox 1345 3058 1540 3101; x_wconf 84' lang='lat' dir='ltr'>rarus</span> <span class='ocrx_word' id='word_1_179' title='bbox 1577 3033 1648 3102; x_wconf 90' lang='lat' dir='ltr'>in</span> <span class='ocrx_word' id='word_1_180' title='bbox 1684 3032 2005 3130; x_wconf 82' lang='lat' dir='ltr'>publico,</span> <span class='ocrx_word' id='word_1_181' title='bbox 2042 3053 2225 3102; x_wconf 88' lang='lat' dir='ltr'>totus</span> <span class='ocrx_word' id='word_1_182' title='bbox 2254 3032 2440 3130; x_wconf 88' lang='lat' dir='ltr'>apud</span> <span class='ocrx_word' id='word_1_183' title='bbox 2477 3053 2797 3102; x_wconf 86' lang='lat' dir='ltr'>matrem.</span> <span class='ocrx_word' id='word_1_184' title='bbox 2833 3075 2935 3084; x_wconf 91' lang='lat'>—-</span> 
     </span>
     <span class='ocr_line' id='line_1_24' title="bbox 831 3144 2935 3245; baseline 0.001 -32"><span class='ocrx_word' id='word_1_185' title='bbox 831 3147 932 3214; x_wconf 86' lang='lat' dir='ltr'>M.</span> <span class='ocrx_word' id='word_1_186' title='bbox 986 3146 1276 3233; x_wconf 78' lang='lat' dir='ltr'>Videte,</span> <span class='ocrx_word' id='word_1_187' title='bbox 1330 3167 1554 3243; x_wconf 81' lang='lat' dir='ltr'>patres</span> <span class='ocrx_word' id='word_1_188' title='bbox 1602 3146 1997 3245; x_wconf 83' lang='lat' dir='ltr'>conscripti,</span> <span class='ocrx_word' id='word_1_189' title='bbox 2046 3146 2217 3244; x_wconf 83' lang='lat' dir='ltr'>quid</span> <span class='ocrx_word' id='word_1_190' title='bbox 2269 3169 2503 3218; x_wconf 85' lang='lat' dir='ltr'>actum</span> <span class='ocrx_word' id='word_1_191' title='bbox 2544 3147 2681 3219; x_wconf 87' lang='lat' dir='ltr'>sit:</span> <span class='ocrx_word' id='word_1_192' title='bbox 2732 3144 2935 3217; x_wconf 80' lang='lat' dir='ltr'>nulla</span> 
     </span>
     <span class='ocr_line' id='line_1_25' title="bbox 832 3262 2933 3363; baseline 0.001 -33"><span class='ocrx_word' id='word_1_193' title='bbox 832 3262 1169 3359; x_wconf 78' lang='lat' dir='ltr'>puellares</span> <span class='ocrx_word' id='word_1_194' title='bbox 1208 3291 1456 3352; x_wconf 82' lang='lat' dir='ltr'>annos,</span> <span class='ocrx_word' id='word_1_195' title='bbox 1505 3263 1699 3335; x_wconf 81' lang='lat' dir='ltr'>nulla</span> <span class='ocrx_word' id='word_1_196' title='bbox 1740 3262 1910 3333; x_wconf 90' lang='lat' dir='ltr'>rude</span> <span class='ocrx_word' id='word_1_197' title='bbox 1945 3262 2355 3363; x_wconf 74' lang='lat' dir='ltr'>conjugium</span> <span class='ocrx_word' id='word_1_198' title='bbox 2391 3263 2707 3361; x_wconf 85' lang='lat' dir='ltr'>respersit</span> <span class='ocrx_word' id='word_1_199' title='bbox 2734 3263 2933 3333; x_wconf 79' lang='lat' dir='ltr'>infa-</span> 
     </span>
     <span class='ocr_line' id='line_1_26' title="bbox 833 3377 2934 3480; baseline 0.001 -34"><span class='ocrx_word' id='word_1_200' title='bbox 833 3378 1014 3448; x_wconf 84' lang='lat' dir='ltr'>mia:</span> <span class='ocrx_word' id='word_1_201' title='bbox 1055 3379 1227 3476; x_wconf 88' lang='lat' dir='ltr'>patri</span> <span class='ocrx_word' id='word_1_202' title='bbox 1261 3379 1707 3450; x_wconf 74' lang='lat' dir='ltr'>simillimum</span> <span class='ocrx_word' id='word_1_203' title='bbox 1739 3378 2010 3478; x_wconf 86' lang='lat' dir='ltr'>peperi,</span> <span class='ocrx_word' id='word_1_204' title='bbox 2050 3405 2175 3450; x_wconf 90' lang='lat' dir='ltr'>suo</span> <span class='ocrx_word' id='word_1_205' title='bbox 2214 3379 2353 3450; x_wconf 86' lang='lat' dir='ltr'>fovi</span> <span class='ocrx_word' id='word_1_206' title='bbox 2381 3378 2745 3480; x_wconf 83' lang='lat' dir='ltr'>amplexu:</span> <span class='ocrx_word' id='word_1_207' title='bbox 2785 3377 2934 3449; x_wconf 81' lang='lat' dir='ltr'>suis</span> 
     </span>
     <span class='ocr_line' id='line_1_27' title="bbox 833 3492 2931 3594; baseline 0 -32"><span class='ocrx_word' id='word_1_208' title='bbox 833 3493 974 3562; x_wconf 79' lang='lat' dir='ltr'>alui</span> <span class='ocrx_word' id='word_1_209' title='bbox 1008 3495 1340 3566; x_wconf 87' lang='lat' dir='ltr'>uberibus</span> <span class='ocrx_word' id='word_1_210' title='bbox 1368 3524 1380 3565; x_wconf 94' lang='lat'>:</span> <span class='ocrx_word' id='word_1_211' title='bbox 1414 3518 1489 3565; x_wconf 90' lang='lat' dir='ltr'>ut</span> <span class='ocrx_word' id='word_1_212' title='bbox 1521 3517 1751 3566; x_wconf 80' lang='lat' dir='ltr'>autem</span> <span class='ocrx_word' id='word_1_213' title='bbox 1787 3496 1860 3565; x_wconf 90' lang='lat' dir='ltr'>in</span> <span class='ocrx_word' id='word_1_214' title='bbox 1898 3494 2043 3565; x_wconf 86' lang='lat' dir='ltr'>filio</span> <span class='ocrx_word' id='word_1_215' title='bbox 2078 3515 2295 3566; x_wconf 84' lang='lat' dir='ltr'>mater</span> <span class='ocrx_word' id='word_1_216' title='bbox 2329 3494 2538 3594; x_wconf 89' lang='lat' dir='ltr'>possit</span> <span class='ocrx_word' id='word_1_217' title='bbox 2566 3492 2931 3592; x_wconf 87' lang='lat' dir='ltr'>concupis·</span> 
     </span>
     <span class='ocr_line' id='line_1_28' title="bbox 832 3607 2927 3710; baseline 0 -34"><span class='ocrx_word' id='word_1_218' title='bbox 832 3634 1014 3696; x_wconf 84' lang='lat' dir='ltr'>cere,</span> <span class='ocrx_word' id='word_1_219' title='bbox 1043 3610 1230 3706; x_wconf 87' lang='lat' dir='ltr'>quod</span> <span class='ocrx_word' id='word_1_220' title='bbox 1263 3612 1606 3680; x_wconf 87' lang='lat' dir='ltr'>formosus</span> <span class='ocrx_word' id='word_1_221' title='bbox 1638 3631 1765 3696; x_wconf 87' lang='lat' dir='ltr'>est,</span> <span class='ocrx_word' id='word_1_222' title='bbox 1791 3608 2013 3681; x_wconf 87' lang='lat' dir='ltr'>oderit</span> <span class='ocrx_word' id='word_1_223' title='bbox 2036 3630 2335 3707; x_wconf 85' lang='lat' dir='ltr'>oportet,</span> <span class='ocrx_word' id='word_1_224' title='bbox 2367 3608 2556 3710; x_wconf 87' lang='lat' dir='ltr'>quod</span> <span class='ocrx_word' id='word_1_225' title='bbox 2582 3607 2767 3679; x_wconf 80' lang='lat' dir='ltr'>filius</span> <span class='ocrx_word' id='word_1_226' title='bbox 2792 3627 2927 3677; x_wconf 86' lang='lat' dir='ltr'>est:</span> 
     </span>
     <span class='ocr_line' id='line_1_29' title="bbox 832 3724 2931 3828; baseline 0 -36"><span class='ocrx_word' id='word_1_227' title='bbox 832 3750 1093 3818; x_wconf 78' lang='lat' dir='ltr'>aegrum</span> <span class='ocrx_word' id='word_1_228' title='bbox 1145 3726 1388 3826; x_wconf 86' lang='lat' dir='ltr'>pictate</span> <span class='ocrx_word' id='word_1_229' title='bbox 1423 3726 1743 3796; x_wconf 82' lang='lat' dir='ltr'>animum</span> <span class='ocrx_word' id='word_1_230' title='bbox 1795 3752 1921 3796; x_wconf 88' lang='lat' dir='ltr'>nec</span> <span class='ocrx_word' id='word_1_231' title='bbox 1968 3725 2367 3796; x_wconf 84' lang='lat' dir='ltr'>deformitas</span> <span class='ocrx_word' id='word_1_232' title='bbox 2416 3724 2740 3828; x_wconf 84' lang='lat' dir='ltr'>impedit,</span> <span class='ocrx_word' id='word_1_233' title='bbox 2794 3749 2931 3793; x_wconf 87' lang='lat' dir='ltr'>nec</span> 
     </span>
     <span class='ocr_line' id='line_1_30' title="bbox 832 3837 2929 3935; baseline -0 -27"><span class='ocrx_word' id='word_1_234' title='bbox 832 3840 1059 3908; x_wconf 87' lang='lat' dir='ltr'>forma</span> <span class='ocrx_word' id='word_1_235' title='bbox 1101 3861 1307 3935; x_wconf 71' lang='lat' dir='ltr'>auget</span> <span class='ocrx_word' id='word_1_236' title='bbox 1350 3868 1363 3910; x_wconf 93' lang='lat'>:</span> <span class='ocrx_word' id='word_1_237' title='bbox 1414 3841 1500 3911; x_wconf 89' lang='lat' dir='ltr'>ad</span> <span class='ocrx_word' id='word_1_238' title='bbox 1544 3839 1677 3910; x_wconf 87' lang='lat' dir='ltr'>hoc</span> <span class='ocrx_word' id='word_1_239' title='bbox 1726 3841 1916 3911; x_wconf 85' lang='lat' dir='ltr'>nefas</span> <span class='ocrx_word' id='word_1_240' title='bbox 1964 3868 2106 3911; x_wconf 90' lang='lat' dir='ltr'>non</span> <span class='ocrx_word' id='word_1_241' title='bbox 2143 3841 2400 3928; x_wconf 81' lang='lat' dir='ltr'>forma,</span> <span class='ocrx_word' id='word_1_242' title='bbox 2448 3839 2569 3911; x_wconf 89' lang='lat' dir='ltr'>sed</span> <span class='ocrx_word' id='word_1_243' title='bbox 2617 3837 2929 3912; x_wconf 79' lang='lat' dir='ltr'>amentia</span> 
     </span>
     <span class='ocr_line' id='line_1_31' title="bbox 835 3956 2929 4054; baseline 0.001 -30"><span class='ocrx_word' id='word_1_244' title='bbox 835 3982 1007 4052; x_wconf 91' lang='lat' dir='ltr'>opus</span> <span class='ocrx_word' id='word_1_245' title='bbox 1035 3979 1151 4026; x_wconf 90' lang='lat' dir='ltr'>est.</span> <span class='ocrx_word' id='word_1_246' title='bbox 1169 3960 1288 4028; x_wconf 88' lang='lat' dir='ltr'>Est</span> <span class='ocrx_word' id='word_1_247' title='bbox 1308 3958 1379 4028; x_wconf 89' lang='lat' dir='ltr'>in</span> <span class='ocrx_word' id='word_1_248' title='bbox 1406 3957 1583 4047; x_wconf 85' lang='lat' dir='ltr'>filio,</span> <span class='ocrx_word' id='word_1_249' title='bbox 1616 3959 1845 4027; x_wconf 89' lang='lat' dir='ltr'>nescio</span> <span class='ocrx_word' id='word_1_250' title='bbox 1872 3956 2066 4054; x_wconf 77' lang='lat' dir='ltr'>quid,</span> <span class='ocrx_word' id='word_1_251' title='bbox 2099 3957 2286 4054; x_wconf 91' lang='lat' dir='ltr'>quod</span> <span class='ocrx_word' id='word_1_252' title='bbox 2306 3959 2533 4029; x_wconf 87' lang='lat' dir='ltr'>forma</span> <span class='ocrx_word' id='word_1_253' title='bbox 2549 3957 2929 4028; x_wconf 85' lang='lat' dir='ltr'>formosius</span> 
     </span>
     <span class='ocr_line' id='line_1_32' title="bbox 836 4070 2925 4158; baseline 0.001 -19"><span class='ocrx_word' id='word_1_254' title='bbox 836 4092 970 4140; x_wconf 80' lang='lat' dir='ltr'>est:</span> <span class='ocrx_word' id='word_1_255' title='bbox 1009 4070 1062 4140; x_wconf 89' lang='lat' dir='ltr'>si</span> <span class='ocrx_word' id='word_1_256' title='bbox 1087 4092 1315 4142; x_wconf 80' lang='lat' dir='ltr'>tamen</span> <span class='ocrx_word' id='word_1_257' title='bbox 1350 4074 1647 4143; x_wconf 86' lang='lat' dir='ltr'>formam</span> <span class='ocrx_word' id='word_1_258' title='bbox 1676 4099 1950 4143; x_wconf 81' lang='lat' dir='ltr'>accusas</span> <span class='ocrx_word' id='word_1_259' title='bbox 1970 4130 1987 4158; x_wconf 82' lang='lat'>‚</span> <span class='ocrx_word' id='word_1_260' title='bbox 2015 4073 2447 4145; x_wconf 73' lang='lat' dir='ltr'>admaturam</span> <span class='ocrx_word' id='word_1_261' title='bbox 2476 4071 2925 4144; x_wconf 84' lang='lat' dir='ltr'>referendum</span> 
     </span>
    </p>
   </div>
   <div class='ocr_carea' id='block_1_2' title="bbox 915 4211 2040 4285">
    <p class='ocr_par' dir='ltr' id='par_1_3' title="bbox 915 4211 2040 4285">
     <span class='ocr_line' id='line_1_33' title="bbox 915 4211 2040 4285; baseline 0.004 -25"><span class='ocrx_word' id='word_1_262' title='bbox 915 4226 955 4261; x_wconf 83' lang='grc' dir='ltr'>ι.</span> <span class='ocrx_word' id='word_1_263' title='bbox 987 4211 1137 4279; x_wconf 81' lang='lat' dir='ltr'>Quod</span> <span class='ocrx_word' id='word_1_264' title='bbox 1143 4211 1362 4281; x_wconf 61' lang='lat' dir='ltr'>faunus.</span> <span class='ocrx_word' id='word_1_265' title='bbox 1394 4212 1605 4278; x_wconf 76' lang='lat' dir='ltr'>Malim,</span> <span class='ocrx_word' id='word_1_266' title='bbox 1627 4211 1802 4283; x_wconf 78' lang='lat' dir='ltr'>quoad</span> <span class='ocrx_word' id='word_1_267' title='bbox 1814 4212 2040 4285; x_wconf 74' lang='lat' dir='ltr'>fuimus.</span> 
     </span>
    </p>
   </div>
  </div>
 </body>
</html>
