3200 5117
1231 505 1320 565 M.
1370 505 1619 567 FABII
1669 504 2306 585 QUINTILIANI

730 629 859 699 bus
888 643 902 670 ¹
956 654 1206 699 manus
1238 624 1673 726 paullulum,
1708 647 2064 724 tamquam
2101 627 2457 725 amplexus
2492 627 2771 700 daturus
2793 687 2809 718 ,

733 744 1122 831 erexi13nec
1154 744 1465 841 usquein
1497 742 1788 815 cervices
1818 768 2002 814 meas
2030 742 2271 840 spiritu
2284 741 2433 841 jam
2456 742 2811 816 deficiente

733 860 1057 959 perlataS,
1102 860 1175 929 in
1221 885 1433 930 suum
1480 859 1690 930 miser
1733 858 1979 929 iterum
2026 856 2251 934 cubile
2290 858 2556 958 dejecit.
2599 859 2815 930 Totus

734 977 849 1050 ille
883 977 1062 1048 circa
1092 1003 1216 1047 nos
1247 976 1525 1047 carceris
1556 975 1856 1073 populus
1885 973 2212 1062 obticuit3
2248 995 2314 1045 et
2335 1002 2423 1046 ne
2453 975 2816 1071 colloquiis

735 1092 982 1163 nostris
1004 1090 1323 1162 terribilis
1344 1111 1743 1161 catenarum
1772 1089 2020 1160 stridor
2050 1088 2503 1188 obstreperet,
2537 1090 2813 1162 lassatos

734 1230 917 1280 artus
942 1208 1013 1279 in
1036 1234 1158 1277 sua
1186 1228 1464 1278 tenuere
1494 1205 1845 1305 patientia.
1879 1208 2024 1300 Ego
2048 1203 2263 1278 serius
2285 1218 2337 1293 ²,
2369 1206 2589 1303 gravis
2613 1206 2776 1277 hinc
2795 1265 2813 1296 ‚

735 1322 790 1393 si
820 1322 1125 1410 videtur,
1167 1320 1534 1419 incipiam:
1568 1320 1948 1408 luxuriose,
1983 1318 2295 1390 meruisti
2324 1346 2337 1389 :
2373 1320 2638 1418 ignorat
2662 1347 2819 1418 pro-

736 1441 910 1510 fecto
936 1438 1199 1536 paterni
1236 1437 1487 1509 doloris
1518 1457 1745 1526 aestuS,
1781 1437 2095 1535 quisquis
2124 1435 2444 1514 solatium
2480 1456 2707 1534 putat,
2744 1457 2821 1508 ut

737 1554 823 1625 de
852 1555 1222 1652 languente
1258 1552 1402 1625 filio
1433 1573 1794 1651 queratur,
1826 1573 1902 1623 ut
1934 1551 2244 1623 moribus
2275 1552 2628 1649 mentique
2663 1579 2817 1623 ma-

736 1670 993 1742 ledicat
1011 1670 1061 1740 ³.
1096 1671 1296 1742 Abite
1329 1670 1639 1757 virtutes;
1678 1671 1953 1766 ignosce
1988 1668 2326 1768 probitas3
2362 1668 2577 1739 carior
2610 1689 2708 1740 est
2741 1695 2819 1740 ex

736 1785 973 1856 liberis
1005 1784 1156 1873 ille,
1193 1786 1311 1883 qui
1351 1785 1668 1856 moritur.
1703 1785 1882 1856 Mihi
1929 1812 2087 1856 vero
2129 1785 2348 1856 fateor
2386 1784 2552 1855 hinc
2590 1784 2819 1881 aliqua

737 1900 1108 1998 languente
1136 1901 1279 1972 filio
1304 1901 1569 1973 venisse
1605 1901 1844 1973 solatia
1863 1958 1882 1989 ,
1914 1901 2102 1997 quod
2131 1900 2291 1972 vixit
2312 1900 2551 1980 infelix
2576 1927 2823 1996 quem-

736 2016 1121 2090 admodum
1156 2017 1404 2105 voluit‚
1442 2018 1629 2116 quod
1666 2018 1801 2088 fuit
1843 2016 2079 2088 hilaris
2107 2044 2185 2087 ac
2216 2015 2368 2087 laeta
2396 2015 2618 2087 brevis
2643 2036 2816 2087 aetas.

738 2134 959 2205 Crede
976 2191 994 2222 ‚
1000 2135 1277 2233 juvenis
1296 2192 1314 2223 ‚
1330 2155 1395 2204 et
1406 2160 1532 2234 pro
1545 2132 1760 2230 tejam
1781 2133 2185 2205 maluissem
2203 2191 2221 2222 ‚
2237 2134 2718 2208 utluxuriosus
2731 2159 2824 2204 es-

740 2273 841 2318 ses
863 2274 876 2318 :
902 2249 1106 2319 cuitu
1129 2249 1422 2347 tempori
1451 2307 1469 2337 ‚
1489 2249 1602 2320 cui
1622 2248 1841 2320 dolori
1865 2249 2162 2346 rigorem
2181 2249 2462 2320 ultionis
2481 2305 2500 2336 ‚
2518 2250 2818 2320 frontem

738 2361 1128 2461 castigantis
1180 2364 1531 2464 injungis?
1576 2364 2187 2462 Impatientissima
2243 2391 2346 2436 res
2402 2385 2497 2436 est
2538 2363 2824 2462 perdere

742 2476 1002 2565 filium,
1026 2477 1135 2548 cui
1164 2477 1453 2550 videaris
1482 2479 1706 2554 irasci:
1742 2500 2146 2576 corruptum
2181 2506 2292 2549 me
2315 2477 2633 2577 precibus
2658 2497 2826 2576 puta

742 530 854 569 122

818 2645 858 2678 1.
904 2627 1167 2680 Pallentes
1201 2631 1441 2684 sordibus.
1480 2631 1562 2682 An
1599 2647 1741 2684 recte

736 2703 842 2756 hoc
884 2704 1090 2758 dicatur
1131 2707 1349 2759 dubito:
1395 2729 1454 2761 ex
1496 2710 1740 2762 sordibus

739 2783 877 2834 enim
904 2801 1011 2834 non
1038 2784 1228 2853 pallor,
1254 2787 1345 2838 sed
1364 2790 1540 2858 potius
1562 2789 1741 2858 pullus

737 2872 791 2910 et
823 2863 973 2932 niger
1005 2863 1359 2915 membrorum
1394 2865 1608 2918 habitus
1634 2868 1740 2917 ori-

737 2954 854 2996 tur:
884 2961 1047 3014 quare
1069 2960 1202 3015 puto
1224 2966 1247 2997 ς
1269 2945 1497 2998 litteram
1521 2947 1738 3018 absorp-

736 3036 844 3078 tam
892 3043 920 3075 a
968 3025 1312 3096 praecedenti,
1360 3039 1411 3077 et
1455 3027 1736 3098 legendum

735 3103 1023 3177 squalentes
1060 3106 1296 3158 sordibus.
1342 3108 1502 3175 Quod
1544 3109 1738 3159 conflr-

732 3198 884 3238 mant
910 3183 997 3254 illa
1029 3205 1142 3256 que
1169 3198 1463 3255 sequuntur
1490 3203 1608 3255 cap.
1644 3203 1734 3254 19:

740 3263 863 3315 Post
896 3262 1082 3333 impias
1114 3265 1324 3315 carceris
1354 3264 1547 3326 sordes,
1583 3262 1739 3313 illum

739 3357 855 3390 cum
878 3340 1045 3409 ferali
1080 3355 1209 3392 veste
1240 3338 1526 3412 squalorem
1561 3341 1736 3393 exuit:

741 3420 834 3470 uhi
857 3422 1083 3492 impuras
1107 3421 1317 3473 volebat
1340 3421 1538 3480 Schult.
1566 3436 1617 3473 et
1645 3425 1740 3475 De·

741 3499 892 3552 clam.
936 3503 1084 3565 vlu,
1133 3503 1195 3554 8:
1243 3502 1462 3553 Diutino
1508 3502 1743 3576 squalore

741 3590 974 3629 concreta
1010 3578 1194 3649 facies.
1237 3579 1341 3630 Ubi
1381 3581 1483 3631 vid.
1530 3584 1739 3632 Petron.

740 3658 827 3708 CV
847 3676 859 3707 ε
878 3678 900 3702 ιι
920 3658 1002 3707 Ne
1020 3657 1225 3708 viderer
1240 3658 1306 3708 de
1322 3677 1456 3710 nave
1475 3678 1742 3712 carcerem

748 3760 769 3782 a
786 3736 978 3801 facere,
997 3740 1131 3807 jussi
1160 3738 1456 3809 squalorem
1481 3740 1744 3794 damnatis

747 3840 769 3863 ιι
789 3817 1012 3869 auferri:
1039 3842 1060 3866 ιο
1080 3817 1334 3870 confundi
1350 3836 1525 3872 autem
1542 3842 1570 3873 a
1591 3821 1746 3875 libra-

740 3900 830 3950 riis
840 3897 950 3950 haec
961 3898 1120 3951 verba
1135 3899 1294 3952 didici
1309 3920 1371 3952 ex
1381 3902 1531 3957 Ovid.
1550 3903 1677 3954 Met.
1693 3907 1716 3957 Ι
1730 3942 1746 3968 ,

743 3976 876 4044 374;
913 3988 965 4027 et
997 3976 1185 4030 Claud.
1221 3977 1377 4030 ConS.
1417 3978 1572 4050 Olyb.
1613 3997 1746 4044 212,

744 4053 835 4106 ubi
857 4054 1114 4108 videndus
1134 4058 1390 4109 Hensius:
1414 4071 1543 4111 utet
1565 4057 1634 4111 ad
1655 4059 1742 4111 Sil.

743 4136 865 4202 ΧΠ,
883 4137 1013 4205 373,
1031 4149 1082 4187 et
1096 4138 1167 4188 ita
1184 4138 1324 4210 apud
1340 4140 1534 4192 Lucan.
1548 4159 1595 4190 v.
1615 4139 1745 4193 628:

750 4239 772 4261 «r
791 4218 938 4270 Latet
967 4216 1168 4271 obsitus
1194 4238 1280 4272 aer
1303 4221 1524 4273 Infernae
1542 4220 1746 4293 pallore

1825 2654 1847 2676 .-
1868 2631 2075 2682 domus.
2098 2654 2120 2679 ιο
2148 2631 2366 2683 Codices
2386 2630 2601 2702 plurimi
2624 2628 2825 2702 squalo-

1822 2731 1890 2762 re.
1918 2712 2087 2761 Bonna.

1894 2808 1940 2842 2.
1963 2792 2145 2844 Serius.
2171 2793 2212 2843 A
2229 2809 2337 2842 sero
2356 2787 2655 2851 deducunt,
2675 2791 2823 2859 quasi

1821 2888 1938 2920 sero
1955 2870 2106 2921 nimis
2122 2871 2293 2938 gravis
2311 2882 2361 2918 et
2378 2867 2685 2937 objurgator
2699 2865 2825 2916 filio-

1818 2969 1935 3001 rum
1977 2968 2088 3002 esse
2126 2951 2424 3020 incepisset.
2463 2949 2574 3016 Ego
2611 2946 2820 2998 mallem

1818 3050 1915 3102 pro
1956 3030 2211 3100 adjectivo
2253 3048 2487 3093 sumere,
2529 3043 2578 3079 et
2615 3027 2820 3097 legere:

1819 3111 1931 3181 qu
1957 3111 2139 3175 serius,
2165 3129 2258 3183 eqo
2281 3110 2482 3181 qravh,
2511 3109 2659 3175 hinc,
2684 3110 2727 3160 si
2751 3108 2823 3160 vi-

1818 3186 1985 3251 detur,
2029 3189 2294 3260 incipiam.
2346 3187 2589 3239 Formula
2632 3204 2824 3239 conce·

1820 3266 1988 3317 dentis
2008 3267 2050 3316 si
2076 3267 2295 3316 videtur.
2319 3268 2486 3317 Βῡιιιιί.

1891 3349 1941 3399 3.
1964 3348 2238 3420 Blenu'que
2263 3346 2401 3398 male
2424 3346 2576 3397 dicat.
2600 3343 2743 3412 Quid
2762 3345 2827 3395 sit

1820 3431 1981 3479 menti
2012 3427 2323 3479 maledicere
2363 3446 2471 3478 non
2507 3426 2661 3495 capio
2683 3463 2700 3490 ‚
2733 3424 2826 3477 sed

1823 3504 2073 3558 excidisse
2115 3525 2299 3557 vocem
2343 3505 2414 3556 ob
2453 3504 2692 3554 eamdem
2740 3521 2825 3554 se-

1825 3599 2077 3656 quentem
2109 3599 2239 3658 puto
2256 3624 2273 3650 ‚
2298 3585 2441 3656 quod
2461 3583 2688 3637 moribus
2709 3602 2824 3634 ma-

1825 3664 1988 3737 loeque
2018 3665 2185 3717 menti
2217 3666 2508 3718 maledicat.
2547 3665 2662 3716 Hoc
2691 3665 2827 3734 patri

1827 3743 2035 3817 quidem
2054 3748 2297 3799 convenit
2309 3784 2325 3814 ,
2342 3746 2433 3797 filii
2449 3744 2710 3798 luxuriam
2726 3762 2829 3796 ma·

1826 3824 1886 3876 lae
1914 3827 2073 3876 menti
2102 3824 2432 3891 adscribere,
2463 3824 2552 3876 sed
2582 3823 2656 3874 illi
2686 3841 2827 3875 nunc

1827 3904 2137 3958 maledicere
2180 3906 2312 3958 nihil
2359 3906 2530 3959 solatii
2570 3905 2708 3977 patri
2737 3923 2829 3955 ve-

1827 3981 2095 4034 hementer
2146 3987 2341 4036 amanti
2391 3985 2585 4038 afferre
2631 3995 2824 4053 potest.

1826 4059 1968 4127 Quid
1990 4061 2058 4112 sit
2084 4061 2223 4114 mala
2249 4082 2391 4115 mens
2410 4064 2534 4115 satis
2562 4060 2828 4114 evidenter

1819 4144 1930 4211 jam
1964 4157 2242 4210 constare,
2276 4146 2434 4199 etiam
2466 4145 2548 4197 vix
2580 4141 2828 4205 inhiatis,

1826 4236 1977 4293 puto.
2006 4226 2172 4276 Bona.
