3200 5117
754 506 837 571 30
1249 508 1345 569 M.
1398 507 1644 570 FABIl
1693 507 2333 589 QUINTILIANI

755 628 899 715 sui,
935 628 1168 699 animo
1202 654 1342 727 quo
1386 628 1866 700 discurrebant
1901 628 2226 701 videntes.
2261 632 2357 701 Ut
2399 629 2654 703 deinde
2695 632 2842 703 fer-

754 768 913 812 rum
955 742 1233 841 juvenis
1282 742 1776 839 inquireretur,
1824 745 2043 841 exegit
2088 743 2333 814 eadem
2387 744 2624 841 utique
2684 771 2839 841 quae

754 857 1216 953 postulaverat
1242 858 1326 928 de
1357 883 1644 928 venen0.
1670 857 1881 946 Quod
1914 859 1985 928 in
2022 857 2269 929 lectulo
2304 857 2572 954 gladius
2596 883 2841 929 cruen-

752 992 932 1043 tatus
966 959 1280 1044 inventus
1316 995 1447 1062 est,
1479 1001 1624 1044 non
1660 974 2016 1072 deprecor,
2046 975 2352 1075 judicer„
2388 975 2558 1072 quin
2601 996 2841 1047 contra

755 1088 1124 1159 eaecitatem
1149 1115 1291 1159 non
1315 1090 1548 1160 minus
1572 1111 2064 1186 argumentum
2097 1089 2380 1189 putetis,
2407 1116 2622 1186 quam
2650 1088 2840 1186 quod

756 1204 1047 1275 inveniri
1082 1206 1307 1303 potuit
1337 1232 1688 1277 venenum
1730 1205 1801 1276 in
1833 1205 2171 1303 parricidii
2207 1206 2614 1303 suspicione.
2661 1205 2840 1277 Gla-

757 1319 913 1390 dius
937 1341 1329 1391 cruentatus
1352 1321 1719 1392 novissima
1740 1322 2053 1421 probatio
2079 1321 2284 1393 debet
2306 1348 2481 1410 esse,
2506 1348 2646 1392 non
2667 1322 2838 1393 sola.

758 1435 1091 1531 Ignoscite
1126 1435 1469 1507 malorum
1502 1435 1970 1531 periculorum
1994 1449 2011 1479 ¹
2050 1456 2311 1522 metus,
2348 1434 2673 1532 ignoscite
2706 1433 2840 1506 hu-

760 1576 969 1620 mana
1000 1550 1418 1621 discrimina.
1452 1551 1949 1621 Defensionem
1976 1549 2249 1650 juvenis
2282 1549 2591 1648 primum
2626 1548 2840 1646 lacry-

754 1664 891 1748 mis
925 1665 1326 1763 gemituque
1373 1665 1878 1762 prosequimur.
1916 1664 2219 1736 Perdidit
2255 1662 2489 1733 infelix
2532 1683 2837 1760 patrem:

760 1778 1057 1877 perdidit
1101 1801 1170 1850 et
1215 1781 1474 1852 caecitas
1527 1779 1725 1851 illum
1773 1807 2049 1869 senem,
2100 1779 2297 1880 cujus
2340 1778 2603 1865 oscula,
2643 1778 2844 1878 cujus

759 1893 1159 1991 amplexum
1212 1894 1615 1993 imponebat
1644 1894 2045 1967 vulneribus
2083 1894 2484 1981 oculorum;
2527 1893 2638 1963 cui
2671 1919 2844 1989 prae-

760 2009 979 2079 stabat
995 2012 1270 2099 Caecus,
1307 2030 1381 2081 ut
1413 2011 1684 2081 viveret.
1714 2010 1967 2081 Misera
1995 2009 2412 2108 ignorantia,
2440 2009 2684 2080 misera
2713 2007 2842 2077 de·-

759 2123 1018 2212 bilitas,
1053 2124 1241 2221 quod
1273 2146 1336 2195 te
1375 2151 1738 2194 novercam
1780 2152 1920 2195 non
1954 2124 2047 2196 sic
2081 2123 2304 2223 potius
2338 2122 2650 2221 decipere
2686 2147 2843 2191 ma-

760 2236 925 2322 luit,
967 2257 1039 2307 ut
1070 2237 1338 2308 biberes
1368 2263 1741 2308 venenum.

858 2350 1015 2419 Vll.
1062 2348 1359 2419 Facinus
1390 2368 1521 2435 est,
1543 2349 1851 2449 judiceS,
1888 2349 2511 2447 comparationem²
2550 2348 2731 2437 fieri,
2765 2368 2844 2419 ut

764 2462 1166 2534 incredibile
1212 2463 1297 2534 sit
1340 2463 1803 2561 parricidium.
1864 2464 2055 2534 Idem
2103 2489 2219 2534 vos
2274 2462 2527 2561 putatis
2571 2461 2844 2533 efficere

763 2576 1070 2648 noctium
1099 2578 1363 2664 merita,
1391 2599 1458 2649 et
1485 2579 1772 2650 affectus
1802 2578 2049 2650 osculis
2079 2577 2564 2674 blanditiisque
2590 2576 2843 2674 quaesi-

763 2712 899 2779 tOS,
939 2691 1126 2789 quod
1170 2692 1508 2763 natalium
1551 2693 2063 2792 pignorumque
2109 2689 2569 2764 reverentias?
2603 2688 2844 2762 Nullas

763 2832 890 2903 ego
923 2806 1190 2879 facilius
1224 2808 1442 2905 perire
1484 2808 1888 2880 crediderim
1934 2835 2144 2904 quam
2185 2833 2551 2905 corporum
2596 2804 2843 2876 carita-

762 2941 882 2992 tes.
926 2923 1013 2993 Et
1046 2921 1199 2993 licet
1241 2923 1699 2995 matrimoniis
1736 2923 2069 3021 paulatim
2104 2922 2478 2993 reverentia
2507 2919 2844 3018 gravitatis

761 3035 1071 3123 accedat,
1099 3058 1386 3134 possunt
1421 3059 1657 3109 tamen
1692 3037 1974 3110 distrahi
2004 3036 2328 3109 facilitate
2347 3095 2367 3126 ,
2397 3063 2535 3135 qua
2565 3055 2836 3106 coeunt.

764 3150 950 3220 Uxor
1000 3171 1138 3239 est,
1183 3177 1399 3247 quam
1433 3151 1707 3252 jungit,
1752 3177 1965 3247 quam
2013 3150 2276 3223 diducit
2316 3150 2603 3221 utilitas:
2645 3149 2844 3249 cujus

764 3260 908 3332 haec
950 3264 1097 3335 sola
1143 3266 1517 3336 reverentia
1563 3286 1700 3356 est,
1755 3265 1942 3363 quod
1993 3266 2260 3338 videtur
2307 3266 2583 3337 inventa
2640 3289 2845 3335 causa

766 3375 1163 3449 liberorum.
1229 3380 1621 3478 Aspicimus
1686 3381 2290 3453 matrimoniorum
2348 3379 2624 3479 singula
2687 3406 2844 3452 mo·

767 3515 1001 3565 menta
1042 3495 1363 3568 rixantia:
1406 3517 1684 3568 mutant
1721 3497 2025 3596 quotidie
2066 3496 2310 3569 domos
2326 3494 2379 3585 3,
2413 3517 2480 3567 et
2523 3522 2648 3596 per
2688 3520 2845 3565 am-

842 3663 884 3698 ι.
928 3647 1198 3700 Malorum
1230 3649 1606 3721 periculorum.
1641 3651 1765 3701 Ma·
1843 3651 2007 3703 Giton.
2032 3678 2103 3689 —
2125 3652 2260 3702 Natu
2284 3650 2539 3718 expressis
2565 3645 2737 3699 verbis
2760 3644 2844 3697 ‹li-

758 3745 983 3800 quorum
1026 3727 1203 3782 mallet
1242 3728 1627 3801 Schultingius,
1674 3744 1765 3783 ant
1843 3731 1915 3780 cit
1946 3743 2130 3799 postea
2158 3730 2380 3780 Noster:
2415 3750 2438 3774 ιι
2458 3728 2553 3778 Per
2583 3725 2740 3778 fidem
2774 3724 2843 3776 ab

764 3808 1041 3878 majorum.
1849 3830 1872 3852 κ
1895 3819 2010 3860 utro
2047 3806 2345 3859 credibilius
2386 3807 2452 3858 sit
2491 3805 2723 3855 occisum
2758 3822 2844 3855 se·

836 3903 885 3938 2.
906 3887 1128 3939 Facinus
1143 3886 1483 3960 est,judices‚
1504 3905 1767 3960 compam-
1851 3901 1873 3932 ο
1891 3905 2033 3939 nem.
2056 3912 2079 3935 ιι

767 3966 976 4017 tionem.
994 3966 1179 4017 Forte:
1196 3966 1416 4020 Facinus
1429 3968 1762 4039 est,judices,
1916 3968 1966 4020 3.
1989 3968 2206 4020 Mutant
2227 3966 2429 4031 domos,
2448 3978 2548 4017 etc.
2573 3962 2734 4032 Quod
2753 3982 2846 4016 ex·

765 4046 1199 4116 comparationem
1225 4043 1353 4119 fieri
1368 4085 1385 4112 ,
1421 4046 1476 4097 in
1508 4059 1623 4099 utro
1655 4065 1765 4100 cre·
1845 4048 2034 4118 pressit
2051 4044 2135 4098 his
2150 4044 2320 4098 verbis
2339 4042 2574 4096 Juvenal.
2588 4080 2605 4109 ‚
2625 4045 2731 4095 Sat.
2747 4042 2845 4106 Vl,

764 4122 924 4174 dibile
961 4125 1029 4176 sit
1064 4123 1423 4195 parricidium.
1457 4124 1553 4176 vel
1593 4125 1768 4178 Facile
1847 4147 1894 4179 v.
1925 4126 2025 4193 224
2048 4144 2194 4196 sqq:
2228 4125 2370 4179 «Sed
2399 4143 2520 4176 mox
2546 4124 2656 4177 haee
2683 4141 2844 4195 regna

766 4201 1074 4273 eadwines
1082 4240 1101 4268 ,
1118 4203 1761 4276 comparationemfacere.
1855 4227 1876 4249 κ
1897 4204 2170 4277 relinquit,
2185 4207 2557 4276 permutatque
2569 4202 2779 4272 domos,
2792 4214 2852 4255 et
