3200 5117
787 573 1420 641 DECLAMATto
1464 574 1586 639 lv,
1633 574 1821 641 Pno
1864 576 2158 642 tho.
2426 601 2500 666 91

429 696 685 770 mallet.
733 699 947 799 Atqui
1002 699 1077 772 in
1115 725 1198 770 eo
1239 718 1384 771 tota
1426 697 1599 770 ratio
1643 697 1931 772 failendi
1969 720 2104 790 est,
2156 724 2299 772 non
2351 701 2514 773 dare

428 814 948 888 consulentibus
985 816 1175 913 quod
1206 815 1609 915 deposcant,
1640 815 1758 888 sed
1801 815 2091 915 caligine
2125 841 2516 916 magnaque

427 931 921 1029 promissorum
939 930 1266 1004 varietate
1286 957 1658 1031 suspensos
1681 931 1780 1036 sic
1807 930 2185 1023 dimittere,
2221 952 2297 1004 ut
2321 931 2518 1030 quid-

426 1045 597 1143 quid
627 1073 819 1119 casus
851 1046 1188 1137 attulerit,
1221 1067 1475 1147 putent
1498 1073 1642 1119 esse
1671 1046 2098 1147 praedictum.
2121 1050 2231 1118 An
2266 1047 2515 1120 scilicet

427 1159 569 1232 haec
599 1163 810 1234 fuerit
843 1161 1011 1233 ratio
1058 1160 1405 1260 fingendi,
1454 1161 1642 1259 quod
1691 1161 1962 1234 dicebat
1999 1162 2283 1250 usitata,
2330 1189 2516 1235 com-

428 1267 704 1367 munia,
750 1300 905 1373 quae
950 1276 1184 1346 futura
1229 1295 1422 1373 pater
1452 1274 1657 1346 facile
1688 1277 2031 1366 crederet,
2076 1277 2366 1349 libenter
2397 1304 2518 1350 au-

430 1391 630 1461 diret:
673 1423 703 1453 κ
731 1389 1060 1481 Fortiter,
1090 1390 1353 1490 inquit,
1387 1390 1594 1462 faciet
1625 1391 1811 1464 filins
1840 1411 2023 1465 tuus.
2051 1428 2080 1458 n
2121 1395 2350 1491 Rogo,
2395 1392 2517 1464 ubi

428 1504 650 1605 magis
682 1504 966 1595 desinit,
1002 1505 1121 1601 qui
1168 1507 1527 1578 mentitur:
1574 1493 1694 1579 sed
1728 1505 1984 1605 quibus
2022 1509 2176 1599 ille,
2217 1508 2314 1580 dii
2348 1508 2519 1579 deae·

429 1646 599 1718 que,
634 1618 881 1718 signis!
919 1620 1174 1718 quibus
1197 1607 1521 1722 impletus
1544 1625 1646 1695 cst
1671 1624 1882 1714 notis»,
1911 1623 2032 1722 qui
2061 1624 2147 1695 de
2177 1622 2520 1722 parricida

427 1733 875 1807 dissimulare-
900 1761 1044 1806 non
1084 1736 1346 1836 potuit,
1382 1745 1610 1836 quum
1647 1759 1979 1835 quaereret
2005 1738 2231 1835 pater!
2275 1741 2518 1809 Artem

427 1870 701 1923 tantum
744 1852 981 1924 mirari
1020 1879 1171 1944 me,
1214 1875 1442 1954 pater,
1492 1876 1731 1953 putas:
1761 1879 1892 1952 ego
1922 1853 2134 1925 miror
2163 1853 2517 1942 animum,

429 1989 667 2066 stupeo
709 1970 1185 2042 constantiam.
1229 2004 1258 2034 ιι
1282 1970 1457 2060 Emit,
1490 1971 1760 2069 inquit,
1794 1971 1897 2042 vir
1928 1969 2160 2061 fortis,
2204 1990 2275 2041 et
2315 1969 2522 2067 parri·

428 2084 602 2157 cida.
638 2118 668 2148 n
704 2088 938 2184 Rogo,
971 2111 1125 2185 quoe
1177 2087 1344 2159 ratio
1381 2086 1670 2159 fallendi
1703 2107 1841 2178 est,
1873 2112 1959 2159 ea
1992 2086 2218 2158 dicere
2247 2105 2523 2185 propter

429 2227 581 2299 quae
627 2229 758 2275 nec
796 2203 1140 2303 prioribus
1191 2204 1444 2277 debeat
1492 2203 1718 2277 credi:
1765 2203 1835 2276 in
1883 2203 2286 2303 parricidio,
2329 2200 2521 2299 quod

430 2319 895 2418 prospiciebat
947 2320 1474 2394 mathematicus
1496 2378 1516 2409 .,
1567 2321 1715 2393 haec
1756 2315 1901 2393 sosa
1945 2320 2112 2391 ratio
2159 2317 2296 2391 fuit
2328 2343 2522 2390 men-

431 2433 629 2525 dacii,
654 2462 746 2507 ne
780 2436 1283 2534 praediceretur.
1309 2438 1487 2509 Fero
1513 2456 1774 2528 tamen,
1807 2457 1888 2508 ut
1912 2434 2067 2534 quis
2092 2435 2165 2506 in
2191 2434 2342 2506 aliis
2366 2460 2522 2505 con-

432 2550 916 2622 sultationibus
954 2551 1182 2651 decipi
1215 2552 1464 2651 possit,
1498 2571 1619 2625 aut
1645 2579 1899 2624 errare:
1937 2552 2024 2624 de
2046 2552 2281 2624 futuro
2305 2548 2526 2649 parri-

435 2663 585 2735 cida
623 2687 769 2736 non
823 2666 1048 2765 magis
1099 2666 1622 2739 mathematicus
1641 2681 1658 2713 ¹
1725 2687 1985 2766 potest,
2047 2691 2261 2765 quam
2329 2683 2523 2764 pater

434 2797 874 2876 mter-rogare.

531 2893 718 2965 XVI.
755 2894 1060 2984 Omnes,
1094 2895 1293 2968 sicuti
1332 2894 1522 2994 apud
1549 2921 1750 2968 sacrae
1792 2895 1955 2968 artis
1996 2894 2326 2967 antistites
2364 2893 2520 2965 satis

432 3019 730 3098 c'onstat,
772 3009 1023 3080 animae
1059 3010 1542 3109 proprietates,
1576 3031 1647 3082 et
1682 3012 1948 3083 futuras
1984 3008 2332 3081 mentium
2376 3034 2524 3080 cor-

431 3149 825 3251 porumque
846 3126 1128 3216 formas,
1153 3152 1236 3199 ex
1256 3126 1532 3198 illorum
1563 3127 1872 3200 siderum
1896 3124 2248 3223 qualimte,
2268 3101 2523 3222 quibus

432 3237 509 3309 in
541 3260 693 3311 ortu
728 3265 854 3312 suo
882 3261 1130 3314 cuncta
1164 3242 1583 3341 gignuntur,
1625 3242 2024 3342 accipiunt.
2073 3238 2320 3337 aliquis
2367 3238 2523 3337 vagi

434 3353 747 3426 numinis
771 3382 993 3428 errore
1020 3357 1419 3456 perstrictus
1443 3379 1547 3430 est
1564 3371 1619 3449 ²,
1651 3357 1862 3429 vitam
1897 3352 2226 3453 transiget
2248 3351 2368 3425 ille
2391 3352 2523 3424 dis-

514 3595 559 3629 ι.
598 3576 722 3634 Non
763 3582 929 3654 magis
968 3583 1435 3639 mathematicum...

434 3658 607 3724 incus
645 3659 904 3714 obscurus
941 3664 1015 3716 ita
1049 3664 1236 3716 forsan
1270 3664 1439 3735 expli-

436 3736 671 3792 candus:
700 3741 784 3793 vel
813 3742 886 3793 ita
912 3741 1092 3814 fingit,
1122 3746 1271 3816 quasi
1301 3742 1440 3814 obji-

437 3823 607 3873 ciatur
625 3836 853 3898 'patrem
894 3825 1030 3878 male
1073 3825 1440 3892 consuluisae,

438 3915 531 3954 eut
570 3904 707 3956 male
747 3904 1067 3960 intellexisse
1104 3906 1441 3960 mathemati-

438 3999 586 4048 cum,
607 3985 760 4054 quasi
783 3982 850 4036 de
874 3983 983 4037 filio
1006 3987 1442 4056 interrogaretur,

436 4062 685 4137 nunquid
726 4066 938 4119 futurus
981 4079 1118 4121 esset
1158 4066 1439 4138 parricida.

435 4141 610 4214 Negat
634 4141 740 4195 hoc
758 4158 929 4214 pater,
950 4163 1115 4216 quum
1131 4144 1442 4215 hujusmodi

437 4222 505 4278 de
530 4244 586 4278 re
610 4243 711 4278 nec
733 4225 1107 4279 mathematico
1132 4228 1223 4298 qui
1246 4227 1441 4279 fortem

440 4303 555 4356 fore
576 4303 904 4380 praedixerit,
928 4323 1027 4359 nec
1054 4305 1195 4377 petri
1214 4305 1271 4358 in
1294 4321 1442 4359 men·

1516 3597 1626 3636 tem
1643 3585 1823 3636 venire
1842 3583 2116 3653 potuisset.
2136 3580 2217 3632 De
2234 3576 2523 3630 mathema-

1514 3665 1627 3716 tico
1646 3682 1808 3736 porro
1827 3662 2049 3736 probat,
2067 3662 2191 3735 quia
2206 3678 2390 3712 omnes
2405 3676 2524 3711 cer·

1518 3757 1601 3799 tas
1627 3745 1805 3801 stellas
1829 3758 1881 3798 et
1905 3744 2143 3797 themata
2164 3741 2389 3808 babent,
2413 3760 2522 3794 non

1520 3826 1807 3876 contraria.

1594 3922 1643 3957 3.
1674 3905 1810 3982 Vaga*
1835 3904 2071 3957 numinis
2096 3919 2265 3955 errore
2286 3903 2526 3974 perstric-

1522 3995 1607 4037 tus
1648 3997 1737 4038 est.
1779 3983 2020 4048 Numen,
2062 3993 2122 4032 ut
2158 3978 2322 4051 paulo
2368 3991 2525 4045 ante,

1516 4075 1641 4139 cap.
1669 4066 1760 4133 14,
1778 4064 1867 4117 hic
1888 4077 2042 4115 vocat
2067 4060 2285 4115 stellam.
2302 4060 2524 4131 Elegan-

1517 4161 1604 4201 ter
1627 4167 1751 4201 vero
1776 4147 2069 4220 perstrictus
2095 4139 2246 4208 dicit,
2273 4143 2395 4215 quia
2419 4139 2527 4211 pla·

1518 4241 1645 4280 neta
1688 4225 1840 4298 quasi
1880 4224 1934 4275 in
1979 4236 2288 4275 transcursu
2322 4220 2525 4289 tangit,

1519 4323 1632 4358 non
1654 4302 1872 4356 inhaeret
1895 4301 2149 4354 nascenti.
