3200 5117
603 546 870 612 DECL.
920 546 1128 610 vm.
1176 504 1533 611 G'Emml
1579 545 2240 612 LANGUENTES.
2344 549 2459 636 195

386 698 576 744 mam
619 671 1048 745 curationem
1087 667 1309 768 potuit
1354 694 1614 764 aegrum
1657 667 1929 740 facilius
1971 666 2316 743 mehercle
2358 697 2486 742 ex·-

383 787 639 886 plicare
659 843 679 875 ‚
721 788 777 859 si
818 803 1003 860 esset·
1027 784 1217 857 unici
1245 788 1445 882 'pater
1468 814 1495 877 3,
1539 783 1795 855 sufficit
1835 811 2000 883 ergo
2030 813 2463 885 comparare,

384 901 789 991 decernere,
831 926 1009 973 num
1040 900 1296 972 iterum
1326 898 1441 970 ille
1474 898 1597 969 tibi
1613 898 2022 996 -pretiosior,
2063 901 2181 973 ille
2217 902 2466 974 melior

388 1016 673 1114 incipiet
708 1043 851 1088 esse
875 1017 1160 1088 victuro.

483 1131 671 1203 XIX.
695 1129 835 1202 Ubi
858 1150 959 1201 est
982 1127 1412 1227 impatientia
1431 1128 1681 1226 patris,
1702 1155 1841 1226 qua
1859 1129 1964 1201 vix
1980 1129 2352 1202 dimittitur
2368 1158 2468 1203 ca·

390 1244 636 1316 daver
617 1271 691 1315 m
716 1241 948 1341 rogos?
966 1269 1107 1341 qua
1127 1268 1372 1340 corpus
1397 1242 1712 1341 exanime
1737 1242 2087 1316 detinetur
2104 1245 2472 1344 amplextu?

388 1360 502 1431 Dii
537 1357 989 1430 immortales!
1016 1384 1227 1456 quam
1244 1384 1449 1445 sae-va,
1466 1384 1681 1456 quam
1703 1361 1997 1434 crudelis
2012 1381 2113 1433 est
2125 1362 2254 1434 ista
2267 1388 2469 1434 cunc-

390 1473 581 1546 tatio!
605 1474 777 1545 dum
792 1470 1146 1561 deliberas,
1165 1458 1336 1544 dum
1356 1466 1938 1573 unumquemque
1955 1476 2307 1568 detrectas,
2326 1504 2474 1577 par·

392 1588 713 1661 ricidium
730 1589 801 1659 iu
822 1609 1114 1687 utroque
1130 1615 1604 1661 consummas:
1626 1589 1927 1677 duorum
1952 1590 2247 1665 utilitate
2265 1593 2369 1683 fit,
2396 1614 2473 1665 ut

394 1731 473 1776 ex
492 1702 813 1785 fratribus
828 1704 1041 1801 possit
1054 1703 1377 1776 alteruter
1391 1704 1631 1775 occidi.
1643 1706 2050 1803 Nunquam,
2057 1704 2352 1804 judit-ea,
2369 1733 2474 1778 res

392 1840 537 1891 tam
558 1817 910 1890 horribilis
930 1818 1393 1917 inauditaeque
1415 1817 1705 1890 feritatis
1727 1819 2029 1909 admissa
2062 1840 2197 1891 est:
2244 1820 2480 1895 filium
2589 1808 2598 1825 ⁸

396 1954 583 2033 pater
623 1952 900 2032 propter
931 1959 1097 2006 eum
1132 1933 1417 2022 occidit,
1461 1960 1673 2030 quem
1705 1934 1917 2006 etiam
1952 1934 2180 2032 ipsum
2214 1955 2477 2033 poterat

287 2126 293 2135 ,
398 2047 728 2120 occidere.
749 2049 1135 2137 Transfert,
1151 2046 1450 2147 judices,
1473 2073 1632 2118 reus
1652 2048 1725 2119 in
1748 2049 2104 2121 medicum
2130 2048 2476 2148 electionis

398 2160 770 2233 invidiam:
817 2160 964 2250 ille,
1009 2160 1276 2258 inquit,
1325 2160 1717 2248 aesdmavit3
1765 2161 1887 2233 ille
1933 2161 2267 2235 decrevit:
2315 2189 2478 2261 ergo

367 2296 374 2305 ·
401 2278 848 2351 manifestum
866 2299 970 2350 est
987 2304 1129 2349 non
1154 2304 1390 2376 parem
1411 2277 1621 2349 fuisse
1639 2277 2084 2375 languorem:
2105 2305 2186 2350 ex
2206 2278 2479 2351 duobus

403 2393 595 2490 aegris
617 2392 774 2491 plus
789 2391 1035 2466 babuit
1051 2393 1230 2491 spei,
1253 2414 1527 2492 propter
1545 2419 1759 2492 quem
1783 2392 2022 2465 debuit
2038 2394 2209 2466 alter
2226 2394 2476 2465 occidi.

401 2507 670 2581 Recede
688 2507 1088 2609 paullisper,
1101 2507 1356 2580 mulier
1367 2506 1629 2595 infelix;
1645 2507 1765 2578 filii
1785 2508 1886 2579 tui
1902 2508 2106 2580 nobis
2123 2509 2483 2581 referenda

403 2623 667 2694 curatio
699 2644 817 2695 est.
862 2623 1120 2694 Felices
1149 2620 1309 2718 aegri
1323 2662 1353 2707 ,·
1372 2620 1492 2716 qui
1532 2619 2329 2750 languoremoriuontur,
2360 2622 2481 2725 qui

405 2763 765 2835 supremos
793 2735 1187 2809 anhelitus
1170 2756 1349 2805 mter
1373 2760 1663 2804 suorum
1690 2733 2086 2832 amplexus,
2118 2736 2295 2809 inter
2325 2764 2485 2807 suo-

407 2879 567 2927 rum
619 2849 924 2947 alloquia
973 2869 1373 2950 posuerunt.
1422 2850 1520 2919 Ut
1559 2869 1707 2922 erat
1743 2848 2020 2947 juvenis
2062 2850 2288 2965 primo
2336 2851 2484 2948 ipso

407 2965 940 3065 comparationis
962 2964 1257 3050 incerto,
1289 2988 1451 3035 mox
1479 2961 1814 3034 electione
1843 2962 2222 3051 cruciatus,
2249 2958 2488 3034 abacta

410 3101 514 3152 est
536 3107 579 3151 a
605 3080 912 3179 perituro
948 3078 1175 3177 prima
1208 3097 1467 3167 mater3
1496 3098 1563 3148 et
1590 3075 1802 3148 modo
1829 3076 2072 3149 sedula
2103 3076 2489 3149 ministeria

409 3220 758 3269 servorum
788 3214 1070 3292 repente
1099 3212 1363 3265 mutata
1389 3192 1654 3263 suntin
1688 3191 2231 3263 mortis·offlcia:
2262 3191 2491 3262 detra-

412 3305 677 3379 huntur
704 3305 1160 3379 trementibus
1200 3307 1588 3379 velamenta
1615 3306 1986 3393 membris;
2019 3326 2085 3378 et
2117 3325 2194 3377 ut
2228 3332 2490 3404 grassa-

414 3441 489 3492 tu
497 3447 599 3493 ras
614 3447 866 3493 manus
884 3442 1107 3495 totum
1123 3447 1373 3520 corpus
1387 3421 1779 3493 admitteret
1791 3478 1811 3511 ,
1832 3420 2139 3492 nudatur
2157 3419 2490 3492 mirabilis

414 3561 494 3607 ac
527 3535 862 3608 deflenda
904 3535 1200 3609 macies.
1243 3556 1385 3608 toto
1427 3535 1679 3608 deinde
1722 3535 2030 3607 tenditur
2064 3556 2252 3625 toro,
2296 3556 2364 3607 et
2399 3536 2491 3608 ad

414 3653 854 3725 immobilem
893 3652 1328 3752 rigidamque
1372 3652 1778 3752 patientiam
1813 3678 1937 3751 per
1978 3655 2218 3752 omnia
2257 3647 2496 3724 lectuli

415 3767 633 3879 spatia
654 3768 1026 3839 duraturus
1048 3767 1435 3900 exponitur.
1466 3767 1739 3865 Accipit
1762 3745 2062 3839 carnifex
2084 3766 2203 3838 ille
2222 3766 2491 3856 telum,

415 3908 560 3953 non
589 3909 730 3978 quo
764 3881 1035 3955 dextera
1068 3885 1299 3957 statim
1331 3905 1556 3956 totum
1583 3882 1888 3956 vulnus
1870 3883 2338 3982 imprimeret,
2372 3883 2493 3956 sed

417 3997 606 4097 quod
631 3996 867 4069 leviter
896 3997 1398 4097 paullatimque
1425 3998 1848 4071 descendens
1878 3998 2187 4069 animam
2218 3997 2292 4069 in
2321 4025 2495 4070 con-

419 4111 586 4183 finio
633 4111 877 4183 mortis
917 4139 994 4183 ac
1032 4113 1185 4184 vitae
1227 4110 1475 4184 librato
1517 4112 1752 4185 dolore
1802 4110 2275 4209 suspenderet.
2329 4113 2496 4181 Haec

421 4226 795 4301 exhortatio
811 4284 833 4318 ,
857 4229 989 4301 hoc
1013 4227 1154 4327 fuit
1174 4227 1463 4325 perituri
1478 4227 1756 4327 juvenis
1785 4226 2210 4325 alloquium:
2237 4225 2496 4296 fortiter

2137 4339 2215 4391 13.
