3200 5117
768 550 905 612 xxiv
1294 543 1759 609 EDITORIS
1806 545 2302 608 PRAEFATIO

770 672 976 758 Belgis
1014 668 1445 757 Mosellaeque
1482 669 1720 734 accolis
1758 668 2123 748 Ausonius,
2154 685 2354 757 atque
2386 668 2561 732 inter
2592 682 2861 750 caetera,

765 777 901 854 illa,
929 773 1216 852 Mosell.,
1239 797 1333 839 vs.
1366 773 1528 838 382:

1011 927 1084 974 Te
1108 922 1235 975 clari
1257 942 1536 994 proceres,
1562 937 1612 973 te
1637 922 1778 974 bello
1803 925 2028 975 exercita
2055 923 2252 994 pubes,

1014 1010 1215 1063 AEmula
1245 1025 1294 1063 te
1316 1013 1471 1063 Latiae
1496 1010 1714 1062 decorat
1737 1011 1984 1062 facundia
2010 1011 2219 1081 linguae.

1012 1102 1309 1168 Quinetiam
1336 1119 1530 1165 mores,
1558 1113 1610 1151 et
1635 1099 1808 1150 laetum
1835 1102 2005 1151 fronte
2033 1120 2213 1152 serena

1012 1193 1283 1260 lngenium
1308 1203 1494 1241 natura
1518 1195 1620 1243 tuis
1645 1193 1904 1241 concessit
1931 1192 2174 1241 alumnis.

1009 1278 1120 1331 Nec
1146 1279 1258 1330 sola
1281 1280 1524 1350 antiquos
1552 1291 1780 1330 ostentat
1803 1279 1970 1330 Roma
1994 1279 2303 1330 Catones...

762 1411 890 1475 sed
918 1429 981 1475 et
1004 1410 1147 1475 haec
1173 1411 1369 1489 infra,
1397 1436 1456 1474 v.
1488 1412 1613 1499 394
1639 1435 1655 1474 2

1015 1602 1300 1614 ......
1340 1565 1571 1632 Tempus
1597 1564 1722 1629 erit,
1749 1580 1913 1632 quum
1937 1562 2080 1613 facta
2104 1561 2320 1627 viritim,

1016 1650 1285 1721 Belgarum
1309 1653 1615 1722 patriosque
1642 1669 1855 1715 canam,
1881 1649 2075 1701 decora
2103 1651 2323 1722 inclyta,
2350 1668 2523 1701 mores
2542 1691 2553 1701 .
2575 1689 2586 1700 .
2608 1689 2619 1701 .
2639 1683 2658 1701 ι

1015 1742 1147 1808 Quis
1170 1740 1297 1791 mihi
1324 1753 1433 1791 tum
1459 1759 1565 1790 non
1592 1738 1764 1790 dictus
1792 1740 1886 1790 erit
1905 1740 1929 1789 Ρ
1952 1737 2258 1790 memorabo
2287 1739 2492 1809 quietos

1012 1826 1310 1896 Agricolas,
1336 1826 1617 1899 legumque
1642 1841 1816 1890 catos,
1844 1825 2098 1897 fandique
2123 1840 2394 1898 potentes,

1008 1918 1305 1970 Praesidium
1331 1919 1556 1969 sublime
1583 1921 1713 1969 reis:
1743 1936 1876 1988 quos
1902 1920 2047 1968 curia
2074 1937 2305 1969 summos

1009 2008 1339 2077 Municipum
1365 2005 1492 2056 vidit
1518 2023 1795 2075 proceres,
1823 2008 2201 2074 propriumque
2227 2017 2465 2056 senatum
2488 2026 2500 2053 ε

1009 2097 1157 2161 Quos
1180 2095 1473 2163 praitextati
1499 2092 1721 2144 celebris
1747 2092 1994 2144 facundia
2024 2093 2131 2144 ludi

1009 2181 1246 2232 Contulit
1272 2181 1338 2231 ad
1363 2182 1550 2233 veteris
1574 2184 1838 2251 praeeonia
1864 2180 2175 2248 Quintiliani
2201 2202 2213 2230 z

1010 2271 1222 2338 Quique
1249 2287 1369 2320 suas
1391 2288 1567 2319 rexere
1592 2268 1778 2333 urbes,
1805 2288 2105 2339 purumque
2131 2268 2358 2320 tribunal

1009 2358 1300 2427 Sanguine,
1325 2370 1376 2407 et
1399 2358 1656 2408 innocuas
1682 2357 2006 2409 illustravere
2032 2377 2272 2409 secui-est

1007 2449 1114 2497 Aut
1138 2446 1326 2497 Italum
1350 2446 1610 2518 populos,
1637 2448 2141 2519 aquilonigenasque
2167 2449 2446 2500 Britannos

1010 2536 1438 2586 Praefecturarum
1466 2536 1617 2586 titulo
1644 2549 1858 2587 tenuere
1884 2536 2136 2587 secundo.

1009 2626 1220 2693 Quique
1244 2638 1403 2696 caput
1428 2644 1602 2676 rerum
1625 2626 1873 2689 Romam,
1899 2625 2295 2697 populumque,
2321 2640 2601 2700 patresque

1007 2714 1052 2762 Τ
1055 2724 1235 2763 autum
1263 2733 1371 2763 non
1394 2715 1565 2784 primo
1592 2715 1723 2764 rexit
1747 2713 1845 2765 sub
1869 2715 2113 2778 nomine,
2139 2717 2376 2785 quamvis

1009 2801 1104 2849 Par
1129 2801 1287 2852 fuerit
1310 2802 1494 2872 primis
1503 2839 2345 2854 ................

771 2924 1225 3012 lntelligatque
1267 2923 1348 2987 ad
1395 2946 1625 2987 omnes
1665 2924 1994 3011 pertinere
2031 2922 2210 3010 quod
2255 2941 2518 2989 senator
2556 2925 2854 3012 scripsit,

761 3028 994 3116 legisse
1024 3033 1299 3094 Romam
1331 3031 1717 3117 frequenter
1754 3030 1958 3093 fasces
1996 3028 2077 3091 de
2117 3028 2443 3094 moenibus
2481 3031 2849 3118 gallicaniS‚

762 3157 846 3199 ne
879 3152 992 3199 aut
1022 3136 1087 3197 in
1121 3135 1363 3200 damno
1396 3159 1514 3198 suo
1548 3136 1879 3222 praecipua
1910 3152 2398 3216 contemneret,
2439 3152 2551 3200 aut
2581 3137 2850 3224 probata

764 3241 968 3304 virtus
1004 3239 1325 3304 inhonora
1364 3255 1665 3303 cessaret.
1695 3239 1822 3303 Sed
1859 3238 1962 3303 hae
1998 3239 2270 3328 quidem
2302 3241 2623 3329 majorum
2649 3244 2850 3306 virtu·

768 3364 862 3408 tes
910 3361 1199 3409 nostram
1249 3360 1533 3432 arguunt
1577 3345 1939 3431 ignaviam,
1986 3345 2227 3434 quibus
2267 3346 2371 3408 vix
2415 3348 2564 3411 satis
2608 3347 2732 3409 fuit
2768 3346 2852 3409 ab

764 3449 893 3514 hoc
935 3449 1193 3514 tramite
1240 3448 1569 3528 deviasse3
1608 3449 1732 3513 nisi
1772 3466 1836 3512 et
1879 3450 2014 3536 ipsa
2060 3473 2291 3514 eorum
2334 3450 2602 3537 vestigia
2645 3448 2853 3514 deleri

763 3570 1164 3641 pateremur.
1205 3556 1343 3642 Ego
1374 3577 1530 3617 vero
1563 3556 1683 3618 etsi
1713 3571 1941 3618 natura
1969 3555 2142 3618 bene
2181 3554 2508 3619 sentiendi
2533 3552 2851 3643 judican-

765 3660 967 3750 dique
996 3661 1212 3747 potius
1242 3684 1440 3749 quam
1461 3658 1722 3725 dicendi
1746 3660 1965 3725 studio
1988 3678 2236 3738 teneor,
2266 3685 2409 3725 eam
2431 3677 2652 3725 tamen
2676 3684 2858 3726 exer-

765 3767 1142 3831 citationem
1171 3790 1208 3830 a
1239 3769 1473 3831 nostris
1504 3770 1715 3854 repeti
1747 3789 2059 3856 cuperem
2079 3818 2094 3846 ,
2131 3767 2361 3832 iisdem
2397 3767 2523 3831 illis
2559 3767 2852 3855 legibus,

767 3896 928 3962 quas
967 3873 1200 3960 optimi
1233 3873 1523 3961 magistri
1552 3874 1748 3937 toties
1784 3892 2170 3954 sanxerunt,
2203 3891 2277 3938 ut
2301 3891 2498 3952 esset,
2532 3890 2857 3962 quantum

765 3995 1015 4069 potest,
1043 3978 1126 4042 ad
1150 3980 1491 4044 veritatem
1514 3981 2004 4045 accommodata
2029 3979 2448 4059 declamatio,
2471 4002 2606 4043 non
2631 3975 2712 4041 ad
2735 3999 2854 4041 so-

765 4083 896 4148 lam
916 4086 1277 4174 composita
1290 4085 1700 4173 voluptatem
1716 4135 1731 4165 ,
1747 4088 2336 4175 meminissentque
2352 4087 2631 4176 juvenes
2646 4133 2664 4164 ,
2686 4083 2764 4148 iis
2782 4106 2854 4149 se

765 4192 950 4257 velut
973 4192 1324 4282 praepilatis
1352 4192 1437 4258 ad
1467 4216 1701 4259 verum
1731 4193 2084 4261 discrimen
2113 4197 2455 4285 aciemque
2478 4194 2728 4284 justam
2760 4190 2857 4254 in·
