3200 5117
576 554 783 620 DEC.
821 550 1100 616 XVIII.
1142 547 1534 613 INFAMIS
1573 550 1672 613 IN
1711 550 2152 632 ΜΑΤΒΕΜ,
2193 555 2245 619 1.
2332 555 2458 622 383

367 677 802 752 incredibilia
846 674 1040 774 quasi
1100 653 1534 770 deprehensa
1578 695 1968 746 narrantur.
2025 677 2316 750 Necesse
2364 700 2463 751 est

365 794 867 868 contentiosius
895 789 1228 890 loquaris,
1257 788 1449 888 quod
1482 789 1777 886 probare
1809 817 1954 862 non
1981 792 2233 891 possis;
2260 814 2328 866 et
2358 796 2462 866 af-

363 910 833 984 firmationem
859 922 875 954 ¹
920 905 1138 980 sumit
1177 932 1258 977 ex
1300 903 1624 995 homine,
1667 906 2018 1004 quidquid
2064 934 2211 978 non
2255 907 2464 982 habet

363 1053 445 1099 ex
475 1026 777 1099 veritate.
807 1026 926 1096 Est
949 1044 1184 1094 tamen
1212 1019 1345 1093 hoc
1371 1019 1901 1119 iniquissimum
1929 1021 2016 1094 de
2047 1021 2461 1121 loquacitate

363 1143 631 1243 populi,
656 1141 847 1241 quod
874 1140 1291 1239 plerumque
1313 1138 1579 1209 famam
1606 1139 1923 1210 accendit
1946 1141 2296 1212 contentio
2316 1167 2461 1213 non

363 1257 833 1330 credentium:
872 1253 1237 1326 materiam
1269 1251 1539 1324 miraris
1573 1254 1903 1341 rumoris,
1940 1256 2027 1327 de
2064 1281 2207 1354 quo
2250 1283 2462 1329 nemo
2532 1325 2541 1332 .

363 1400 494 1446 nec
523 1372 657 1445 sibi
690 1371 937 1459 credit;
972 1396 1187 1468 quam
1215 1369 1340 1468 qui
1371 1390 1634 1458 narrat,
1668 1370 1973 1468 assignat
2000 1372 2161 1443 alii?
2193 1377 2465 1447 Rumor

365 1515 471 1562 res
499 1487 647 1559 sine
677 1506 875 1573 teste,
912 1484 1060 1588 silue
1084 1483 1349 1573 indice,
1375 1510 1481 1555 res
1506 1511 1584 1556 ex
1616 1484 1891 1556 incertis
1921 1486 2459 1585 improbissima,

365 1603 710 1702 maligna,
744 1601 980 1689 fallax,
1012 1621 1079 1671 et
1104 1598 1354 1671 similis
1383 1599 1656 1671 silentio
1686 1621 1829 1672 tuo.

462 1722 616 1791 Vll.
671 1718 867 1808 Quid
909 1716 1152 1816 etipse
1198 1716 1284 1787 de
1327 1743 1609 1788 rumore
1644 1717 1968 1804 senseris,
2016 1717 2119 1787 vis
2170 1717 2465 1792 breviter

363 1833 698 1935 probem?
734 1833 1094 1907 tormentis
1127 1833 1586 1934 quaerendum
1624 1834 1914 1931 putasti,
1950 1860 2042 1905 an
2070 1859 2313 1905 verum
2346 1836 2463 1907 di-

364 1971 548 2024 ceret
587 1978 602 2021 :
651 1977 815 2024 sane
865 1951 952 2022 sit
993 1948 1235 2048 aliqua
1280 1949 1541 2048 publici
1583 1949 1920 2020 sermonis
1965 1951 2330 2023 auctoritas
2386 1952 2463 2024 in

364 2065 534 2158 illis,
577 2067 666 2138 ad
712 2093 868 2165 quae
901 2067 1003 2138 fas
1038 2086 1140 2137 est
1177 2064 1416 2164 populi
1457 2064 1812 2164 pervenire
1846 2065 2190 2137 notitiam.
2236 2066 2462 2138 Video

364 2210 487 2255 cur
527 2183 873 2255 adulteria
909 2182 1346 2281 proferantur
1391 2180 1468 2251 in
1505 2180 1823 2269 fabulas3
1862 2182 2300 2280 explicantur
2339 2207 2463 2282 per

362 2299 768 2388 ministeria,
792 2327 915 2399 per
933 2300 1276 2389 conscios3
1297 2298 1558 2369 habent
1579 2291 1975 2371 inconsulta
1999 2298 2251 2397 gaudia
2273 2325 2287 2370 ε
2308 2323 2464 2398 pars

363 2415 729 2514 voluptatis
756 2416 1025 2487 videtur
1043 2442 1185 2487 esse
1209 2414 1519 2515 jactatio.
1553 2413 1853 2485 Facinus
1877 2440 2071 2505 vero,
2099 2415 2212 2486 cui
2230 2471 2249 2504 ,
2274 2414 2329 2487 si
2354 2417 2461 2487 fas

367 2551 500 2620 est,
530 2552 609 2603 ut
624 2531 800 2604 illud
822 2532 1155 2603 humanae
1175 2531 1423 2603 mentis
1449 2529 1677 2628 capiat
1703 2529 1993 2602 audacia
2011 2588 2030 2621 ,
2067 2531 2463 2602 circumda·-

368 2665 480 2718 tur
504 2645 817 2744 undique
847 2674 986 2718 nox
1015 2647 1397 2745 profunda,
1432 2647 1710 2717 densior
1732 2647 1952 2744 caligo
1966 2647 2423 2720 tenebrarum
2441 2706 2459 2738 ‚

368 2760 557 2856 quod
573 2782 903 2848 nocentes
919 2761 1058 2831 suis
1075 2787 1356 2858 quoque
1377 2761 1598 2831 oculis
1617 2761 1725 2833 vix
1740 2763 2061 2852 fatentur,
2084 2789 2226 2834 non
2243 2788 2459 2854 servo,

366 2902 514 2949 non
535 2876 839 2948 creditur
863 2876 1154 2949 ancillae.
1193 2875 1387 2966 Quid
1422 2875 1917 2965 internunciis,
1951 2876 2123 2974 quid
2154 2899 2330 2975 opus
2360 2897 2465 2952 est

365 2991 835 3065 ministeriis.?.
871 2992 1132 3064 sufficit
1175 2993 1456 3064 animus
1503 2992 1808 3063 duorum
1837 3049 1856 3082 ,
1914 2992 2206 3090 explicat
2250 3017 2462 3068 omne

365 3106 546 3180 filius
576 3128 937 3206 materque
971 3129 1310 3181 secretum
1339 3137 1352 3179 :
1396 3108 1735 3178 incestum
1763 3127 1953 3180 tanto
1982 3106 2461 3179 incredibilius

366 3242 492 3307 est,
523 3243 786 3319 quanto
820 3245 886 3295 et
919 3224 1003 3295 de
1038 3224 1158 3296 illo
1189 3224 1426 3323 plures
1460 3222 1869 3321 loquuntur.
1911 3224 1980 3293 O
2022 3223 2275 3295 misera
2308 3248 2464 3293 con-

368 3335 540 3407 ditio
573 3363 800 3427 sexus,
834 3339 1030 3437 cujus
1068 3341 1232 3439 ipsae
1262 3339 1680 3439 plerumque
1712 3339 1996 3410 virtutes
2029 3338 2299 3409 fabulas
2332 3363 2469 3436 pa·-¹

367 3450 555 3524 rant!
609 3479 733 3524 cur
777 3453 909 3525 ista
950 3455 1161 3526 nullis
1196 3456 1268 3528 in
1317 3457 1680 3555 publicum
1728 3455 1985 3554 gaudet
2030 3453 2463 3555 egressibus?

366 3568 558 3640 unde
589 3569 954 3642 adversum
985 3598 1229 3642 omnes
1261 3592 1406 3644 tam
1439 3572 1656 3672 rigida
1691 3571 2144 3660 conversatio,
2178 3592 2321 3643 tam
2357 3596 2463 3644 se-

368 3710 569 3758 verus
608 3687 952 3758 affectus?
998 3686 1174 3758 nihil
1218 3688 1711 3788 concupiscite,
1749 3683 1933 3759 nihil
1974 3713 2136 3786 ergo
2183 3685 2460 3759 deside-

445 3896 488 3930 ι.
522 3878 967 3952 Affimationem.
1001 3882 1061 3934 ld
1100 3896 1204 3950 est,
1244 3902 1375 3935 con·
1461 3905 1482 3928 κ
1504 3881 1811 3935 affirmavit:
1835 3909 1856 3932 n
1891 3897 1944 3935 et
1980 3885 2052 3935 ita
2085 3885 2140 3934 in
2173 3869 2460 3933 Institutio·

365 3959 805 4030 firmatio-nouum
823 3984 835 4014 ι
854 3964 1040 4035 «Spem
1054 3964 1367 4033 affim,·
1453 3963 1613 4016 nibus
1645 3983 1781 4036 sape
1812 3961 2227 4036 affirmationum
2250 3982 2350 4035 pro
2375 3981 2461 4015 as-

365 4041 474 4094 Liv.
510 4042 600 4095 uh.
638 4048 693 4108 1,
725 4062 783 4108 ις
825 4068 847 4091 n
869 4047 1209 4117 opinionem,
1230 4069 1252 4094 ι
1281 4045 1371 4097 lib.
1456 4046 1787 4099 severatione
1821 4045 1951 4096 dixit
1982 4043 2191 4096 Fabius.
2222 4045 2339 4100 Vid.
2365 4044 2456 4096 lib.

365 4125 594 4192 XXXII,
632 4125 732 4189 353
783 4139 837 4178 et
887 4146 1235 4194 nerrorem‚»
1283 4126 1374 4179 lib.
1454 4127 1520 4191 V,
1551 4140 1645 4186 123
1668 4137 1721 4175 et
1747 4125 1848 4189 xl,
1878 4124 1927 4173 3.

365 4207 449 4274 X,
476 4209 573 4275 4¹²
614 4209 689 4260 sic
726 4209 893 4260 Tacit.
934 4208 1073 4272 xlv,
1105 4209 1199 4273 23,
1237 4210 1376 4261 nse-
1529 4222 1579 4257 τι.
1609 4202 1766 4259 Nihil
1798 4204 2124 4274 eoncufflscit.
2144 4201 2367 4255 Videtur
2388 4203 2461 4256 le-

376 4307 397 4329 «
417 4300 537 4339 cuta
559 4305 760 4359 anceps
780 4286 1029 4341 valetudo
1063 4289 1192 4340 iram
1216 4286 1376 4340 deum
1457 4286 1720 4357 gendum,
1764 4283 1902 4337 nihil
1941 4282 2462 4356 concupiscit3-rgihil
