3200 5117
780 511 940 598 xxxij
1310 507 1774 570 EDITORIS
1823 505 2312 567 PRAEFATIO

776 636 1290 710 CCchxxlv,
1327 656 1474 720 quae
1510 633 1682 693 inter
1713 633 2047 692 Tractatas
2085 641 2536 689 numerantur.
2578 623 2751 705 Quin
2792 641 2858 687 et

775 741 1043 803 Colores
1078 764 1303 802 sensus
1334 740 1468 802 sive
1500 736 2011 812 sententiarum,
2040 750 2192 796 sunt
2218 734 2580 797 schemata:
2608 731 2859 794 irrisus-

777 869 907 932 que
944 863 1038 908 est
1077 847 1161 909 ol)
1197 843 1259 906 id
1294 869 1327 906 a
1362 843 1590 920 Fabio,
1631 841 1741 903 lib.
1777 843 1892 917 lx,
1927 864 1978 915 1,
2011 837 2045 928 §
2084 841 2187 917 18,
2219 839 2562 902 Cornelius
2598 838 2853 912 CelsuS,

776 953 952 1040 quod
977 953 1189 1016 verbis
1214 971 1277 1015 et
1300 951 1638 1014 sententiis
1661 949 1900 1034 figuras
1922 949 2218 1011 colorum
2245 946 2530 1036 adjicere
2554 945 2857 1007 voluerit.

862 1063 961 1122 An
989 1061 1321 1122 Coloratas
1353 1057 1650 1120 dicemus
1681 1056 1821 1144 ejus
1849 1055 2071 1140 figurae
2104 1055 2238 1117 sive
2272 1053 2573 1116 thematis
2600 1068 2860 1113 contro-

774 1166 1055 1242 versias,
1102 1164 1281 1253 quod
1329 1189 1365 1226 a
1416 1161 1793 1226 rhetoribus
1845 1162 2123 1240 παράδοξον
2172 1158 2442 1236 dicitur,
2495 1157 2559 1221 id
2607 1174 2742 1234 est,
2786 1173 2863 1219 ut

774 1273 866 1333 Μ.
907 1271 1141 1334 Fabius
1180 1286 1245 1334 et
1277 1271 1589 1356 sulpitius
1619 1270 1843 1330 Victor
1869 1268 2402 1352 interpretantur,
2442 1263 2859 1341 admirabile,

777 1393 847 1437 ut
878 1377 1304 1461 AugustinuS,
1334 1377 1518 1439 malae
1545 1374 1919 1459 opinionis?
1945 1371 2124 1460 quod
2153 1395 2358 1458 genus
2386 1370 2690 1434 thematis
2721 1393 2857 1431 om-

774 1483 933 1545 nino
956 1482 1243 1546 colorate
1268 1481 1674 1545 tractandum
1702 1497 1827 1556 est,
1854 1497 1919 1540 et
1945 1495 2013 1539 ut
2035 1480 2282 1541 Seneca
2299 1481 2610 1539 Controv.
2635 1475 2749 1537 lib.
2779 1476 2858 1552 ll,

771 1587 838 1648 in
876 1589 1173 1674 specioso
1197 1588 1445 1676 juvene
1482 1611 1631 1649 cum
1668 1586 1962 1647 uxorein
1995 1583 2194 1645 cubili
2222 1581 2638 1667 deprehenso
2665 1580 2862 1660 dixit,

773 1693 1152 1778 suspiciose.
1196 1691 1380 1754 ldem
1423 1691 1697 1764 Fabius,
1739 1689 1849 1752 lib.
1903 1690 2010 1767 lV,
2057 1711 2195 1772 cap.
2247 1712 2347 1762 ιι,
2390 1684 2444 1775 §.
2487 1687 2602 1749 88:
2653 1687 2865 1749 «Sunt

782 1827 807 1852 c«
833 1798 1136 1884 quaedam
1179 1816 1242 1860 et
1283 1797 1458 1860 falsae
1501 1795 1976 1883 expositioneS,
2016 1817 2291 1879 quarum
2336 1793 2399 1854 in
2437 1793 2582 1856 foro
2621 1791 2864 1878 duplex

780 1921 929 1967 «est
976 1929 1203 1990 genus.
1256 1907 1592 1977 Alterum,
1643 1901 1821 1988 quod
1873 1903 2323 1964 instrumentis
2366 1900 2742 1989 adjuvatur,
2793 1918 2867 1962 ut

783 2039 806 2066 a
833 2012 898 2072 1).
931 2010 1200 2072 Clodius
1234 2009 1474 2070 fiducia
1510 2007 1811 2078 testium,
1842 2029 1968 2092 qua
2010 2023 2202 2069 noete
2237 2006 2559 2068 incestum
2595 2005 2866 2069 commi-

781 2145 805 2171 «
833 2134 1036 2191 serat,
1082 2119 1471 2178 Interamnae
1512 2137 1581 2176 se
1623 2114 1822 2175 fuisse
1863 2111 2156 2177 dicebat:
2198 2114 2506 2189 alterum,
2546 2111 2727 2202 quod
2769 2130 2868 2176 est

780 2252 806 2278 ιι
833 2220 1156 2286 tuendum
1187 2220 1461 2284 dicentis
1489 2221 1788 2306 ingenio:
1821 2220 1884 2282 id
1919 2222 2180 2284 interim
2207 2220 2288 2285 ad
2321 2223 2522 2285 solam
2553 2244 2870 2284 verecun-

784 2355 808 2383 «
836 2325 1009 2389 diam
1038 2328 1351 2413 pertinet,
1381 2327 1571 2414 unde,
1591 2328 1785 2390 etiam
1814 2325 1975 2388 mihi
2001 2327 2261 2391 videtur
2287 2328 2414 2390 dici
2441 2327 2670 2390 Color:
2703 2327 2870 2390 inte-

785 2464 809 2491 «
834 2436 959 2498 rim
984 2433 1065 2498 ad
1097 2437 1547 2522 quaestionem.
1569 2465 1600 2522 ςυ
1809 2519 1814 2522 ⁷

865 2540 1085 2621 Quaeri
1111 2564 1147 2601 a
1173 2541 1472 2626 pluribus
1499 2565 1631 2626 non
1665 2542 1991 2629 immerito
2023 2560 2270 2627 potest,
2309 2561 2372 2605 et
2403 2565 2550 2630 quae
2586 2543 2712 2605 sint
2736 2540 2866 2604 illae

778 2647 1119 2710 rhetorum
1162 2646 1706 2724 declaniatione5‚
1749 2672 1908 2736 quas
1948 2651 2030 2713 ab
2079 2652 2482 2740 Hieronymo
2526 2650 2867 2713 continuas

777 2753 1093 2840 appellari
1122 2753 1342 2818 solitas
1367 2755 1595 2842 legunt
1623 2755 1686 2816 in
1712 2751 1936 2818 libello
1961 2756 2328 2820 Sacerdotis
2346 2807 2362 2835 ,
2392 2781 2591 2845 quem
2617 2757 2872 2819 Cassio-

783 2858 980 2922 dorus
1009 2883 1075 2922 se
1104 2861 1443 2948 collegisse
1474 2863 1590 2935 ait,
1622 2861 1870 2948 quique
1897 2861 2087 2925 Bedae
2113 2864 2382 2926 nomine
2416 2862 2697 2951 amplior
2730 2860 2870 2924 edi-

781 2982 883 3029 tus
926 2983 1054 3029 est:
1084 2966 1284 3030 verba
1324 2967 1466 3032 haec
1505 2986 1690 3033 sunt:
1732 2995 1756 3022 ιι
1781 2973 2186 3050 ὁμοιοτέ).ευτον,
2219 2968 2447 3048 idest,
2483 2969 2711 3032 similis
2744 2984 2874 3031 ter-

790 3099 814 3127 «
840 3071 1112 3134 minatio
1145 3070 1382 3135 dicitur
1410 3073 1613 3160 figura
1635 3125 1649 3149 ,
1678 3078 1985 3164 quotiens
2020 3074 2235 3138 media
2272 3092 2337 3139 et
2372 3093 2700 3163 postrema
2730 3097 2874 3137 ver-

789 3205 814 3232 u
840 3200 947 3256 sus
975 3177 1109 3258 sive
1135 3179 1476 3242 sententiae
1504 3181 1698 3243 simili
1725 3182 1962 3270 syllaba
1992 3182 2330 3266 finiuntur,
2358 3197 2466 3252 ut;
2503 3179 2624 3243 Eos
2659 3177 2879 3242 reduci

791 3310 816 3339 ιι
842 3305 1031 3370 quam
1054 3282 1340 3370 relinqui,
1363 3284 1578 3348 revehi
1593 3311 1783 3376 quam
1802 3287 2019 3372 deseri,
2043 3286 2254 3348 malui.
2271 3289 2411 3350 Hac
2432 3286 2637 3372 figura
2654 3302 2871 3371 poetae

793 3416 817 3444 ιι
844 3402 909 3448 et
944 3402 1234 3449 oratores
1270 3410 1440 3474 saepe
1468 3405 1763 3470 utuntur,
1792 3411 1897 3455 ut:
1935 3392 2166 3455 Per-via
2198 3391 2384 3478 divisi
2403 3402 2736 3480 patuerunt
2761 3412 2872 3456 coe·

791 3522 817 3550 a
841 3491 981 3554 rula
1004 3495 1209 3581 ponti,
1237 3507 1347 3559 ete.
1375 3525 1399 3552 υ
1437 3498 1520 3558 Et
1552 3494 1935 3587 hujusmodi
1970 3499 2298 3564 orationes
2337 3521 2475 3564 esse
2514 3520 2681 3575 reor,
2710 3520 2872 3586 quas

786 3598 1229 3687 Hieronymus
1266 3602 1606 3665 continuas
1626 3652 1642 3681 ,
1665 3605 1833 3683 sive,
1871 3620 1945 3667 ut
1970 3603 2271 3692 quaedam
2309 3605 2635 3691 impressa,
2662 3628 2876 3668 exem-

784 3701 1290 3788 plariallabent,
1322 3706 1705 3788 caehinnaS‚
1737 3710 2077 3775 rhetorum
2115 3710 2623 3792 declamationes
2651 3710 2872 3798 appel-

784 3807 895 3869 lat.
935 3811 1014 3870 At
1050 3832 1169 3895 ego
1208 3810 1275 3871 in
1311 3813 1642 3878 veteribus
1682 3814 1942 3880 schedis
1983 3816 2132 3903 lego
2172 3816 2492 3903 Concinas
2531 3815 2872 3896 rhetorum

786 3911 1294 3979 declinationes:
1330 3918 1395 3980 in
1426 3919 1601 3999 aliis,
1637 3922 1957 4000 Concinas
1993 3922 2502 3986 declamationes
2521 3946 2546 3984 :.
2575 3939 2645 3985 ut
2678 3919 2870 3983 dubi-

785 4037 919 4082 tem
940 4068 957 4095 ,
992 4043 1072 4098 an
1100 4023 1406 4087 concinas
1430 4023 1901 4092 declinationes
1933 4027 2169 4092 dixerit
2203 4027 2626 4092 concinentes
2663 4027 2872 4091 flexus

790 4142 853 4188 et
892 4127 1385 4204 terminationes
1420 4133 1927 4212 sententiarum,
1962 4132 2029 4198 id
2066 4133 2531 4213 est,‚similiter
2562 4131 2871 4200 cadentes
