3200 5117
793 546 1064 612 DECL.
1112 545 1304 609 XIV.
1353 542 1564 607 ODll
1614 541 1910 607 POTIO
1958 544 2007 605 1.
2309 544 2433 612 31ι3

362 671 649 772 expelli,
689 671 823 743 nisi
864 691 1164 743 totorum
1210 666 1658 740 concussione
1700 665 2060 738 vitalium:
2107 688 2174 739 et
2214 693 2439 767 quum

221 855 248 872 ,
361 787 596 862 anima
626 807 888 860 constet
914 811 992 858 ex
1021 782 1368 872 sensibuS,
1397 808 1892 880 quemcunque
1915 782 2183 883 auferre
2210 806 2441 860 tenta*-

361 903 572 992 veriS,
611 902 731 973 illa
771 901 997 974 statim
1042 898 1267 997 prima
1313 897 1524 969 nostri
1569 915 1764 995 parte
1801 899 2101 998 corporis
2146 923 2440 994 retentu,

363 1018 810 1113 confectoque
839 1013 1027 1111 quod
1056 1010 1439 1110 petebatur,
1471 1010 1737 1109 reliqua
1757 1040 2034 1112 quoque
2063 1016 2319 1091 viribus
2346 1019 2447 1090 vi.

363 1133 529 1205 cinae
547 1132 721 1203 tabis
735 1131 1101 1229 exspirant.
1122 1125 1468 1215 Quaedarn
1483 1127 1657 1198 forte
1673 1128 2140 1204 medicamina
2158 1151 2448 1232 possunt

364 1245 552 1318 aliud
573 1246 793 1317 vocari
813 1303 831 1334 ,
858 1269 1071 1340 quam
1094 1265 1480 1314 venenum:
1510 1240 1670 1312 dare
1699 1243 1889 1340 quod
1914 1247 2277 1338 nonlicet,
2302 1275 2445 1321 non

366 1382 464 1432 est
489 1358 681 1431 aliud
704 1415 723 1448 ,
759 1385 972 1455 quam
998 1355 1434 1428 veneficium.
1471 1356 1838 1445 Quantum
1876 1361 2176 1434 nefanda
2203 1364 2288 1435 de
2316 1389 2449 1464 μιν

365 1476 476 1548 nis
504 1474 833 1546 humanis
866 1472 1243 1570 excogitare
1272 1470 1604 1569 potuisti?
1633 1470 2071 1547 innocentius
2103 1478 2448 1553 mehercle

366 1591 591 1662 fuerat
608 1645 627 1679 ,
654 1610 732 1661 ut
751 1609 1016 1661 amaret
1039 1587 1296 1685 aliquis
1323 1587 1599 1659 invitus.
1629 1588 1991 1661 Potionem
2018 1595 2446 1693 excogitasti,

370 1732 507 1805 qua
538 1704 722 1776 bella
753 1704 1182 1776 committere
1208 1757 1227 1791 ,
1262 1728 1402 1801 qua
1433 1727 1502 1774 se
1536 1719 1763 1776 totum
1797 1702 2193 1778 humanum
2233 1735 2450 1806 genus

369 1840 596 1919 posset
636 1821 882 1893 odisse.
919 1824 1118 1894 Potes
1151 1820 1456 1908 efficere,
1495 1840 1577 1891 ut
1609 1845 1752 1892 non
1786 1842 2020 1893 ament
2054 1822 2305 1896 liberos
2331 1851 2452 1925 pa-

371 1959 631 2027 renteS,
677 1958 754 2010 ut
790 1936 1305 2037 propinquitas,
1348 1956 1425 2007 ut
1463 1935 1884 2027 fraternitaS,
1934 1957 2007 2008 ut
2039 1939 2347 2012 amicitia
2382 1967 2454 2014 se

371 2053 689 2125 collidat:
718 2053 863 2125 odii
887 2054 1246 2152 potionem
1272 2078 1483 2123 nemo
1501 2052 1753 2150 accipit
1770 2110 1790 2141 ‚
1818 2052 1952 2124 nisi
1981 2075 2214 2127 contra
2237 2056 2456 2128 homi-

371 2193 574 2259 nem,
608 2197 822 2269 quem
865 2197 1009 2244 non
1048 2167 1256 2241 dehet
1287 2168 1529 2240 odisse.
1563 2171 1820 2240 Tentat
1854 2169 2163 2242 hocloco
2189 2195 2455 2243 nocen-

370 2284 636 2357 tissima
671 2285 1102 2358 feminarum
1145 2283 1234 2358 de
1274 2282 1522 2355 scelere
1566 2309 1690 2354 suo
1730 2284 1949 2355 facere
1984 2284 2448 2357 beneficium:

372 2401 800 2474 meretricem
823 2456 843 2489 ,
876 2400 1147 2498 inquit,
1176 2424 1565 2472 amaveras:
1600 2398 1846 2470 differo
1876 2397 2247 2498 paulisper,
2270 2400 2457 2501 judi-

375 2542 516 2604 ces,
541 2516 834 2587 *affectus
856 2515 975 2616 huj
985 2542 1068 2588 us
1085 2514 1616 2586 excusationem.
1640 2513 1757 2584 Dii
1775 2514 2087 2612 deaeque,
2111 2536 2453 2613 quantum

378 2629 450 2701 in
477 2629 610 2701 hoc
639 2629 1074 2702 contumeliae
1112 2649 1246 2717 est,
1276 2629 1464 2726 quod
1503 2627 1640 2699 sibi
1677 2631 1996 2700 meretrix
2029 2631 2313 2720 videtur
2334 2632 2457 2703 ad-

376 2743 637 2814 amata!
671 2746 784 2815 Tu
825 2743 954 2814 tibi
999 2742 1413 2841 cujusquam
1457 2741 1749 2813 affectus
1783 2744 2093 2814 censoria
2131 2746 2459 2843 gravitate

377 2857 768 2958 praestabis?
791 2879 865 2930 tu
893 2857 1016 2930 tibi
1049 2857 1378 2929 aestimare
1403 2855 1750 2953 permittes
1772 2912 1795 2942 ,
1821 2882 2033 2951 quam
2062 2858 2457 2956 frequenter

378 2974 632 3073 aliquis
656 2974 949 3074 lupanar
977 2972 1228 3047 intret?
1253 2975 1365 3044 Tu
1390 3027 1409 3061 ,
1439 2970 1550 3043 cui
1581 2995 1726 3042 non
1754 2970 1913 3042 licet
1940 2972 2300 3044 excludere
2328 2974 2458 3044 de·-

379 3087 704 3179 bilitates,
737 3088 1040 3161 fastidire
1057 3087 1326 3178 sordes,
1355 3085 1659 3185 exposita
1680 3086 2159 3175 ebrietatibus,
2190 3087 2461 3159 addicto

385 3204 814 3300 petulantiae,
846 3227 946 3294 et,
978 3231 1132 3302 quae
1156 3203 1530 3276 novissima
1559 3202 1788 3275 vilitas
1822 3223 1951 3292 est,
1988 3203 2305 3275 noctibus
2334 3229 2461 3303 po-

387 3317 691 3416 puloque
717 3345 1032 3392 concessa
1053 3378 1074 3412 ,
1105 3346 1332 3393 mores
1351 3318 1736 3419 juventutis
1765 3305 2138 3392 emendas?
2165 3319 2461 3418 nequiore

388 3432 623 3506 animo
651 3435 861 3526 ferae,
892 3456 971 3506 ut
997 3436 1316 3508 meretrix
1345 3435 1511 3508 velit
1545 3435 1879 3507 adatrtari⁴

485 3552 674 3624 vm.
700 3553 866 3623 Erae
883 3609 902 3642 ,
926 3552 1156 3649 inquit
1173 3610 1196 3640 ,
1215 3573 1498 3641 amator,
1522 3572 1586 3623 et
1615 3575 1901 3651 pauper,
1927 3551 2108 3623 Volo
2127 3609 2145 3640 ‚
2159 3551 2461 3654 quices„

391 3666 490 3737 sic
515 3667 703 3766 apud
727 3693 844 3739 vos
873 3667 1250 3768 paullisper
1278 3693 1512 3766 agere,
1541 3688 1900 3765 tamquam
1937 3669 2011 3740 in
2046 3668 2181 3739 hoe
2210 3691 2324 3740 me
2358 3669 2466 3739 af-

391 3784 571 3854 fectu
609 3783 981 3882 propinqui
1021 3785 1372 3882 amicique
1413 3785 1760 3881 castigent.
1804 3787 1958 3856 Non
2004 3809 2130 3881 ego
2177 3782 2469 3884 alicujus

393 3896 820 3968 matrimonii
863 3919 1214 3995 corruptor
1255 3897 1579 3997 invigilo,
1621 3919 1749 3968 nec
1786 3899 2029 3969 efferas
2067 3896 2470 3996 cupiditates

394 4038 517 4109 per
541 4009 818 4082 illicitos
837 4010 1014 4083 duco
1035 4011 1440 4110 complexus
1460 4037 1474 4083 :
1500 4012 1811 4083 inventas
1830 4010 2035 4081 credo
2050 4011 2439 4081 meretrices
2452 4066 2469 4097 ‚

394 4146 473 4197 ut
503 4145 673 4198 esset
705 4125 1009 4223 aliquid,
1046 4125 1234 4225 quod
1267 4126 1500 4198 liceret
1534 4153 1768 4214 amare
1805 4125 2264 4226 pauperibus:
2304 4124 2471 4195 nul-

396 4237 538 4313 lam
560 4268 685 4341 ego
707 4240 881 4332 circa
903 4268 1186 4346 corpora
1208 4241 1338 4318 ista
1354 4237 1720 4328 consistere
1743 4240 2253 4342 impatientiam
2267 4258 2471 4337 putor.

2146 4372 2175 4406 2
2186 4369 2203 4404 1
2214 4391 2228 4404 0
