<?xml version="1.0" encoding="UTF-8"?>
<!DOCTYPE html PUBLIC "-//W3C//DTD XHTML 1.0 Transitional//EN"
    "http://www.w3.org/TR/xhtml1/DTD/xhtml1-transitional.dtd">
<html xmlns="http://www.w3.org/1999/xhtml" xml:lang="en" lang="en">
 <head>
  <title>
</title>
<meta http-equiv="Content-Type" content="text/html;charset=utf-8" />
  <meta name='ocr-system' content='tesseract 3.04.00' />
  <meta name='ocr-capabilities' content='ocr_page ocr_carea ocr_par ocr_line ocrx_word'/>
</head>
<body>
  <div class='ocr_page' id='page_1' title='image "./deinstitutioneo01flacgoog_0027.png"; bbox 0 0 3200 5117; ppageno 0'>
   <div class='ocr_carea' id='block_1_1' title="bbox 646 556 2457 655">
    <p class='ocr_par' dir='ltr' id='par_1_1' title="bbox 646 556 2457 655">
     <span class='ocr_line' id='line_1_1' title="bbox 646 556 2457 655; baseline 0.004 -36"><span class='ocrx_word' id='word_1_1' title='bbox 646 556 746 621; x_wconf 87' lang='lat' dir='ltr'><strong>IN</strong></span> <span class='ocrx_word' id='word_1_2' title='bbox 793 556 1214 620; x_wconf 81' lang='lat' dir='ltr'><strong>DECLAM.</strong></span> <span class='ocrx_word' id='word_1_3' title='bbox 1262 556 1358 621; x_wconf 85' lang='lat' dir='ltr'><strong>M.</strong></span> <span class='ocrx_word' id='word_1_4' title='bbox 1405 558 1476 620; x_wconf 91' lang='lat' dir='ltr'><strong>F.</strong></span> <span class='ocrx_word' id='word_1_5' title='bbox 1526 558 2192 639; x_wconf 85' lang='lat' dir='ltr'><strong>QUINTILIANI.</strong></span> <span class='ocrx_word' id='word_1_6' title='bbox 2308 564 2457 655; x_wconf 82' lang='lat' dir='ltr'><strong>xxiij</strong></span> 
     </span>
    </p>
   </div>
   <div class='ocr_carea' id='block_1_2' title="bbox 314 676 2459 4280">
    <p class='ocr_par' dir='ltr' id='par_1_2' title="bbox 314 676 2459 4280">
     <span class='ocr_line' id='line_1_2' title="bbox 368 676 2459 770; baseline 0.002 -25"><span class='ocrx_word' id='word_1_7' title='bbox 368 701 613 770; x_wconf 75' lang='lat' dir='ltr'><strong>graecos</strong></span> <span class='ocrx_word' id='word_1_8' title='bbox 644 678 1020 768; x_wconf 79' lang='lat' dir='ltr'><strong>latinosque</strong></span> <span class='ocrx_word' id='word_1_9' title='bbox 1052 679 1405 767; x_wconf 81' lang='lat' dir='ltr'><strong>scriptores</strong></span> <span class='ocrx_word' id='word_1_10' title='bbox 1429 676 1663 754; x_wconf 89' lang='lat' dir='ltr'><strong>modo,</strong></span> <span class='ocrx_word' id='word_1_11' title='bbox 1693 678 1812 746; x_wconf 83' lang='lat' dir='ltr'><strong>sed</strong></span> <span class='ocrx_word' id='word_1_12' title='bbox 1846 680 1912 744; x_wconf 89' lang='lat' dir='ltr'><strong>in</strong></span> <span class='ocrx_word' id='word_1_13' title='bbox 1949 682 2106 770; x_wconf 90' lang='lat' dir='ltr'><strong>ipsis</strong></span> <span class='ocrx_word' id='word_1_14' title='bbox 2136 682 2334 748; x_wconf 88' lang='lat' dir='ltr'><strong>etiam</strong></span> <span class='ocrx_word' id='word_1_15' title='bbox 2363 684 2459 750; x_wconf 85' lang='lat' dir='ltr'><strong>la-</strong></span> 
     </span>
     <span class='ocr_line' id='line_1_3' title="bbox 363 784 2458 879; baseline 0.004 -29"><span class='ocrx_word' id='word_1_16' title='bbox 363 785 630 876; x_wconf 89' lang='lat' dir='ltr'><strong>pidibus</strong></span> <span class='ocrx_word' id='word_1_17' title='bbox 662 784 1000 874; x_wconf 82' lang='lat' dir='ltr'><strong>hodieque</strong></span> <span class='ocrx_word' id='word_1_18' title='bbox 1032 787 1361 874; x_wconf 83' lang='lat' dir='ltr'>supersint</span> <span class='ocrx_word' id='word_1_19' title='bbox 1395 786 1711 876; x_wconf 65' lang='lat' dir='ltr'><strong>reliquiae.</strong></span> <span class='ocrx_word' id='word_1_20' title='bbox 1748 789 2030 854; x_wconf 82' lang='lat' dir='ltr'>Miretur</span> <span class='ocrx_word' id='word_1_21' title='bbox 2053 790 2458 879; x_wconf 87' lang='lat' dir='ltr'><strong>Lugdunen-</strong></span> 
     </span>
     <span class='ocr_line' id='line_1_4' title="bbox 366 889 2457 965; baseline 0.003 -8"><span class='ocrx_word' id='word_1_22' title='bbox 366 915 505 958; x_wconf 87' lang='lat' dir='ltr'><strong>sem</strong></span> <span class='ocrx_word' id='word_1_23' title='bbox 538 914 716 956; x_wconf 88' lang='lat' dir='ltr'><strong>aram</strong></span> <span class='ocrx_word' id='word_1_24' title='bbox 754 889 1055 955; x_wconf 79' lang='lat' dir='ltr'><strong>kalendis</strong></span> <span class='ocrx_word' id='word_1_25' title='bbox 1087 891 1219 954; x_wconf 89' lang='lat' dir='ltr'><strong>suis</strong></span> <span class='ocrx_word' id='word_1_26' title='bbox 1256 891 1437 956; x_wconf 88' lang='lat' dir='ltr'><strong>Julio</strong></span> <span class='ocrx_word' id='word_1_27' title='bbox 1472 893 1767 956; x_wconf 85' lang='lat' dir='ltr'><strong>Antonio</strong></span> <span class='ocrx_word' id='word_1_28' title='bbox 1801 909 1867 958; x_wconf 88' lang='lat' dir='ltr'><strong>et</strong></span> <span class='ocrx_word' id='word_1_29' title='bbox 1906 894 2107 960; x_wconf 89' lang='lat' dir='ltr'><strong>Fabio</strong></span> <span class='ocrx_word' id='word_1_30' title='bbox 2147 898 2457 965; x_wconf 82' lang='lat' dir='ltr'><strong>Africano</strong></span> 
     </span>
     <span class='ocr_line' id='line_1_5' title="bbox 365 995 2453 1092; baseline 0.003 -30"><span class='ocrx_word' id='word_1_31' title='bbox 365 997 742 1062; x_wconf 90' lang='lat' dir='ltr'><strong>consulibus</strong></span> <span class='ocrx_word' id='word_1_32' title='bbox 768 999 1064 1084; x_wconf 85' lang='lat' dir='ltr'><strong>Augusto</strong></span> <span class='ocrx_word' id='word_1_33' title='bbox 1090 995 1371 1061; x_wconf 86' lang='lat' dir='ltr'><strong>dicatam</strong></span> <span class='ocrx_word' id='word_1_34' title='bbox 1389 1045 1407 1076; x_wconf 92' lang='lat'><strong>,</strong></span> <span class='ocrx_word' id='word_1_35' title='bbox 1443 1013 1510 1061; x_wconf 94' lang='lat' dir='ltr'><strong>et</strong></span> <span class='ocrx_word' id='word_1_36' title='bbox 1537 995 1836 1063; x_wconf 82' lang='lat' dir='ltr'>rhetores</span> <span class='ocrx_word' id='word_1_37' title='bbox 1869 999 2076 1088; x_wconf 88' lang='lat' dir='ltr'><strong>gallos</strong></span> <span class='ocrx_word' id='word_1_38' title='bbox 2109 1002 2453 1092; x_wconf 89' lang='lat' dir='ltr'><strong>utriusque</strong></span> 
     </span>
     <span class='ocr_line' id='line_1_6' title="bbox 364 1102 2452 1192; baseline 0.003 -23"><span class='ocrx_word' id='word_1_39' title='bbox 364 1103 688 1170; x_wconf 65' lang='lat' dir='ltr'><strong>facundiae</strong></span> <span class='ocrx_word' id='word_1_40' title='bbox 713 1127 793 1168; x_wconf 86' lang='lat' dir='ltr'><strong>ex</strong></span> <span class='ocrx_word' id='word_1_41' title='bbox 815 1104 951 1168; x_wconf 90' lang='lat' dir='ltr'><strong>Caii</strong></span> <span class='ocrx_word' id='word_1_42' title='bbox 977 1105 1278 1168; x_wconf 86' lang='lat' dir='ltr'><strong>instituto</strong></span> <span class='ocrx_word' id='word_1_43' title='bbox 1298 1102 1387 1168; x_wconf 84' lang='lat' dir='ltr'><strong>acl</strong></span> <span class='ocrx_word' id='word_1_44' title='bbox 1414 1126 1558 1169; x_wconf 88' lang='lat' dir='ltr'><strong>eam</strong></span> <span class='ocrx_word' id='word_1_45' title='bbox 1582 1105 2039 1192; x_wconf 83' lang='lat' dir='ltr'><strong>pallescentes.</strong></span> <span class='ocrx_word' id='word_1_46' title='bbox 2066 1109 2347 1174; x_wconf 85' lang='lat' dir='ltr'><strong>Miretur</strong></span> <span class='ocrx_word' id='word_1_47' title='bbox 2368 1111 2452 1176; x_wconf 91' lang='lat' dir='ltr'><strong>ab</strong></span> 
     </span>
     <span class='ocr_line' id='line_1_7' title="bbox 363 1210 2453 1300; baseline 0.004 -27"><span class='ocrx_word' id='word_1_48' title='bbox 363 1210 507 1299; x_wconf 88' lang='lat' dir='ltr'><strong>ipso</strong></span> <span class='ocrx_word' id='word_1_49' title='bbox 531 1213 826 1298; x_wconf 85' lang='lat' dir='ltr'><strong>Augusto</strong></span> <span class='ocrx_word' id='word_1_50' title='bbox 850 1211 1209 1274; x_wconf 87' lang='lat' dir='ltr'><strong>Antonium</strong></span> <span class='ocrx_word' id='word_1_51' title='bbox 1232 1213 1472 1275; x_wconf 88' lang='lat' dir='ltr'><strong>sororis</strong></span> <span class='ocrx_word' id='word_1_52' title='bbox 1498 1227 1814 1300; x_wconf 87' lang='lat' dir='ltr'><strong>nepotem</strong></span> <span class='ocrx_word' id='word_1_53' title='bbox 1834 1212 2038 1278; x_wconf 88' lang='lat' dir='ltr'><strong>multa</strong></span> <span class='ocrx_word' id='word_1_54' title='bbox 2063 1213 2453 1281; x_wconf 78' lang='lat' dir='ltr'><strong>claritudine</strong></span> 
     </span>
     <span class='ocr_line' id='line_1_8' title="bbox 364 1316 2452 1411; baseline 0.002 -29"><span class='ocrx_word' id='word_1_55' title='bbox 364 1317 653 1407; x_wconf 73' lang='lat' dir='ltr'><strong>generiS,</strong></span> <span class='ocrx_word' id='word_1_56' title='bbox 676 1316 793 1381; x_wconf 91' lang='lat' dir='ltr'><strong>sed</strong></span> <span class='ocrx_word' id='word_1_57' title='bbox 818 1317 1224 1405; x_wconf 80' lang='lat' dir='ltr'><strong>improspera</strong></span> <span class='ocrx_word' id='word_1_58' title='bbox 1239 1367 1254 1396; x_wconf 94' lang='lat'>‚</span> <span class='ocrx_word' id='word_1_59' title='bbox 1282 1316 1350 1381; x_wconf 92' lang='lat' dir='ltr'><strong>in</strong></span> <span class='ocrx_word' id='word_1_60' title='bbox 1377 1318 1709 1382; x_wconf 80' lang='lat' dir='ltr'><strong>civitatem</strong></span> <span class='ocrx_word' id='word_1_61' title='bbox 1730 1319 2210 1385; x_wconf 80' lang='lat' dir='ltr'><strong>Massiliensem</strong></span> <span class='ocrx_word' id='word_1_62' title='bbox 2230 1323 2452 1411; x_wconf 88' lang='lat' dir='ltr'><strong>specie</strong></span> 
     </span>
     <span class='ocr_line' id='line_1_9' title="bbox 363 1422 2453 1516; baseline 0.002 -28"><span class='ocrx_word' id='word_1_63' title='bbox 363 1422 735 1488; x_wconf 86' lang='lat' dir='ltr'><strong>studiorum</strong></span> <span class='ocrx_word' id='word_1_64' title='bbox 758 1423 1149 1511; x_wconf 89' lang='lat' dir='ltr'><strong>sepositum,</strong></span> <span class='ocrx_word' id='word_1_65' title='bbox 1176 1424 1530 1512; x_wconf 89' lang='lat' dir='ltr'><strong>ipsumque</strong></span> <span class='ocrx_word' id='word_1_66' title='bbox 1553 1426 1591 1488; x_wconf 89' lang='lat' dir='ltr'>J</span> <span class='ocrx_word' id='word_1_67' title='bbox 1597 1424 1806 1490; x_wconf 89' lang='lat' dir='ltr'><strong>ulium</strong></span> <span class='ocrx_word' id='word_1_68' title='bbox 1835 1425 2198 1513; x_wconf 75' lang='lat' dir='ltr'><strong>Agricolam</strong></span> <span class='ocrx_word' id='word_1_69' title='bbox 2225 1428 2453 1516; x_wconf 79' lang='lat' dir='ltr'><strong>generi</strong></span> 
     </span>
     <span class='ocr_line' id='line_1_10' title="bbox 362 1526 2454 1620; baseline 0.002 -26"><span class='ocrx_word' id='word_1_70' title='bbox 362 1528 744 1594; x_wconf 85' lang='lat' dir='ltr'><strong>testimonio</strong></span> <span class='ocrx_word' id='word_1_71' title='bbox 776 1526 1145 1609; x_wconf 89' lang='lat' dir='ltr'><strong>laudatum,</strong></span> <span class='ocrx_word' id='word_1_72' title='bbox 1172 1527 1353 1618; x_wconf 90' lang='lat' dir='ltr'><strong>quod</strong></span> <span class='ocrx_word' id='word_1_73' title='bbox 1380 1551 1524 1594; x_wconf 89' lang='lat' dir='ltr'><strong>eam</strong></span> <span class='ocrx_word' id='word_1_74' title='bbox 1549 1529 1777 1595; x_wconf 89' lang='lat' dir='ltr'><strong>sedem</strong></span> <span class='ocrx_word' id='word_1_75' title='bbox 1802 1553 1880 1597; x_wconf 89' lang='lat' dir='ltr'><strong>ac</strong></span> <span class='ocrx_word' id='word_1_76' title='bbox 1903 1533 2280 1620; x_wconf 77' lang='lat' dir='ltr'><strong>magistram</strong></span> <span class='ocrx_word' id='word_1_77' title='bbox 2310 1557 2454 1598; x_wconf 90' lang='lat' dir='ltr'><strong>eru-</strong></span> 
     </span>
     <span class='ocr_line' id='line_1_11' title="bbox 366 1634 2453 1728; baseline 0.002 -28"><span class='ocrx_word' id='word_1_78' title='bbox 366 1634 633 1700; x_wconf 86' lang='lat' dir='ltr'><strong>ditionis</strong></span> <span class='ocrx_word' id='word_1_79' title='bbox 652 1634 984 1700; x_wconf 87' lang='lat' dir='ltr'><strong>habuisset</strong></span> <span class='ocrx_word' id='word_1_80' title='bbox 1003 1634 1223 1700; x_wconf 88' lang='lat' dir='ltr'><strong>locum</strong></span> <span class='ocrx_word' id='word_1_81' title='bbox 1237 1685 1254 1713; x_wconf 93' lang='lat'><strong>,</strong></span> <span class='ocrx_word' id='word_1_82' title='bbox 1283 1651 1357 1700; x_wconf 89' lang='lat' dir='ltr'><strong>ut</strong></span> <span class='ocrx_word' id='word_1_83' title='bbox 1377 1635 1487 1700; x_wconf 78' lang='lat' dir='ltr'><strong>fue</strong></span> <span class='ocrx_word' id='word_1_84' title='bbox 1507 1635 1625 1716; x_wconf 88' lang='lat' dir='ltr'><strong>ait,</strong></span> <span class='ocrx_word' id='word_1_85' title='bbox 1652 1659 1860 1728; x_wconf 84' lang='lat' dir='ltr'><strong>graeca</strong></span> <span class='ocrx_word' id='word_1_86' title='bbox 1885 1638 2195 1703; x_wconf 88' lang='lat' dir='ltr'><strong>comitate</strong></span> <span class='ocrx_word' id='word_1_87' title='bbox 2216 1655 2283 1703; x_wconf 93' lang='lat' dir='ltr'><strong>et</strong></span> <span class='ocrx_word' id='word_1_88' title='bbox 2299 1661 2453 1727; x_wconf 89' lang='lat' dir='ltr'><strong>pro-</strong></span> 
     </span>
     <span class='ocr_line' id='line_1_12' title="bbox 357 1739 2450 1836; baseline 0.003 -32"><span class='ocrx_word' id='word_1_89' title='bbox 357 1739 620 1806; x_wconf 84' lang='lat' dir='ltr'><strong>vinciali</strong></span> <span class='ocrx_word' id='word_1_90' title='bbox 643 1741 1036 1830; x_wconf 83' lang='lat' dir='ltr'><strong>parsimonia</strong></span> <span class='ocrx_word' id='word_1_91' title='bbox 1061 1741 1339 1807; x_wconf 79' lang='lat' dir='ltr'><strong>mixtum</strong></span> <span class='ocrx_word' id='word_1_92' title='bbox 1364 1764 1440 1807; x_wconf 90' lang='lat' dir='ltr'><strong>ac</strong></span> <span class='ocrx_word' id='word_1_93' title='bbox 1461 1741 1637 1807; x_wconf 91' lang='lat' dir='ltr'><strong>bene</strong></span> <span class='ocrx_word' id='word_1_94' title='bbox 1663 1744 2103 1831; x_wconf 81' lang='lat' dir='ltr'><strong>compositum</strong></span> <span class='ocrx_word' id='word_1_95' title='bbox 2120 1795 2137 1824; x_wconf 91' lang='lat'><strong>,</strong></span> <span class='ocrx_word' id='word_1_96' title='bbox 2169 1746 2236 1809; x_wconf 90' lang='lat' dir='ltr'><strong>in</strong></span> <span class='ocrx_word' id='word_1_97' title='bbox 2264 1746 2450 1836; x_wconf 82' lang='lat' dir='ltr'><strong>cujus</strong></span> 
     </span>
     <span class='ocr_line' id='line_1_13' title="bbox 360 1845 2450 1934; baseline 0.002 -23"><span class='ocrx_word' id='word_1_98' title='bbox 360 1846 662 1912; x_wconf 86' lang='lat' dir='ltr'><strong>encomio</strong></span> <span class='ocrx_word' id='word_1_99' title='bbox 681 1848 789 1910; x_wconf 82' lang='lat' dir='ltr'><strong>vix</strong></span> <span class='ocrx_word' id='word_1_100' title='bbox 812 1850 955 1934; x_wconf 89' lang='lat' dir='ltr'><strong>ipse</strong></span> <span class='ocrx_word' id='word_1_101' title='bbox 975 1845 1099 1911; x_wconf 90' lang='lat' dir='ltr'><strong>sibi</strong></span> <span class='ocrx_word' id='word_1_102' title='bbox 1121 1847 1355 1913; x_wconf 89' lang='lat' dir='ltr'><strong>Strabo</strong></span> <span class='ocrx_word' id='word_1_103' title='bbox 1379 1847 1713 1912; x_wconf 84' lang='lat' dir='ltr'><strong>satisfacit.</strong></span> <span class='ocrx_word' id='word_1_104' title='bbox 1734 1847 2016 1912; x_wconf 87' lang='lat' dir='ltr'><strong>Miretur</strong></span> <span class='ocrx_word' id='word_1_105' title='bbox 2036 1848 2158 1914; x_wconf 91' lang='lat' dir='ltr'><strong>sub</strong></span> <span class='ocrx_word' id='word_1_106' title='bbox 2178 1847 2450 1915; x_wconf 90' lang='lat' dir='ltr'><strong>Tiberio</strong></span> 
     </span>
     <span class='ocr_line' id='line_1_14' title="bbox 356 1946 2451 2042; baseline 0.002 -27"><span class='ocrx_word' id='word_1_107' title='bbox 356 1951 828 2018; x_wconf 87' lang='lat' dir='ltr'><strong>nobilissimam</strong></span> <span class='ocrx_word' id='word_1_108' title='bbox 861 1951 1218 2017; x_wconf 88' lang='lat' dir='ltr'><strong>Galliarum</strong></span> <span class='ocrx_word' id='word_1_109' title='bbox 1253 1950 1548 2017; x_wconf 88' lang='lat' dir='ltr'><strong>sobolem</strong></span> <span class='ocrx_word' id='word_1_110' title='bbox 1586 1946 1974 2018; x_wconf 85' lang='lat' dir='ltr'><strong>liberalibus</strong></span> <span class='ocrx_word' id='word_1_111' title='bbox 2006 1951 2237 2018; x_wconf 86' lang='lat' dir='ltr'><strong>studiis</strong></span> <span class='ocrx_word' id='word_1_112' title='bbox 2271 1954 2451 2042; x_wconf 89' lang='lat' dir='ltr'><strong>apud</strong></span> 
     </span>
     <span class='ocr_line' id='line_1_15' title="bbox 357 2055 2452 2148; baseline 0.001 -25"><span class='ocrx_word' id='word_1_113' title='bbox 357 2057 584 2123; x_wconf 90' lang='lat' dir='ltr'><strong>Eduos</strong></span> <span class='ocrx_word' id='word_1_114' title='bbox 632 2074 966 2146; x_wconf 82' lang='lat' dir='ltr'><strong>operatam</strong></span> <span class='ocrx_word' id='word_1_115' title='bbox 988 2108 1004 2136; x_wconf 96' lang='lat'><strong>,</strong></span> <span class='ocrx_word' id='word_1_116' title='bbox 1054 2073 1121 2121; x_wconf 88' lang='lat' dir='ltr'><strong>et</strong></span> <span class='ocrx_word' id='word_1_117' title='bbox 1162 2080 1310 2146; x_wconf 86' lang='lat' dir='ltr'><strong>quae</strong></span> <span class='ocrx_word' id='word_1_118' title='bbox 1355 2057 1440 2122; x_wconf 84' lang='lat' dir='ltr'><strong>de</strong></span> <span class='ocrx_word' id='word_1_119' title='bbox 1484 2055 1723 2123; x_wconf 85' lang='lat' dir='ltr'><strong>iisdem</strong></span> <span class='ocrx_word' id='word_1_120' title='bbox 1770 2056 2013 2124; x_wconf 86' lang='lat' dir='ltr'><strong>scholis</strong></span> <span class='ocrx_word' id='word_1_121' title='bbox 2059 2060 2261 2148; x_wconf 89' lang='lat' dir='ltr'><strong>longo</strong></span> <span class='ocrx_word' id='word_1_122' title='bbox 2297 2078 2452 2147; x_wconf 90' lang='lat' dir='ltr'><strong>post</strong></span> 
     </span>
     <span class='ocr_line' id='line_1_16' title="bbox 359 2162 2447 2254; baseline 0 -25"><span class='ocrx_word' id='word_1_123' title='bbox 359 2180 657 2254; x_wconf 89' lang='lat' dir='ltr'><strong>tempore</strong></span> <span class='ocrx_word' id='word_1_124' title='bbox 688 2164 1049 2230; x_wconf 87' lang='lat' dir='ltr'><strong>Eumenius</strong></span> <span class='ocrx_word' id='word_1_125' title='bbox 1087 2186 1287 2229; x_wconf 82' lang='lat' dir='ltr'><strong>sacrae</strong></span> <span class='ocrx_word' id='word_1_126' title='bbox 1321 2165 1660 2229; x_wconf 83' lang='lat' dir='ltr'><strong>memoriae</strong></span> <span class='ocrx_word' id='word_1_127' title='bbox 1684 2165 1997 2252; x_wconf 87' lang='lat' dir='ltr'><strong>magister</strong></span> <span class='ocrx_word' id='word_1_128' title='bbox 2017 2162 2102 2229; x_wconf 88' lang='lat' dir='ltr'><strong>ad</strong></span> <span class='ocrx_word' id='word_1_129' title='bbox 2128 2166 2447 2230; x_wconf 87' lang='lat' dir='ltr'><strong>Constan-</strong></span> 
     </span>
     <span class='ocr_line' id='line_1_17' title="bbox 356 2268 2447 2357; baseline 0.002 -25"><span class='ocrx_word' id='word_1_130' title='bbox 356 2268 521 2333; x_wconf 89' lang='lat' dir='ltr'><strong>tium</strong></span> <span class='ocrx_word' id='word_1_131' title='bbox 547 2270 1042 2356; x_wconf 88' lang='lat' dir='ltr'><strong>imperatorem,</strong></span> <span class='ocrx_word' id='word_1_132' title='bbox 1070 2269 1274 2336; x_wconf 89' lang='lat' dir='ltr'><strong>immo</strong></span> <span class='ocrx_word' id='word_1_133' title='bbox 1300 2285 1367 2333; x_wconf 87' lang='lat' dir='ltr'><strong>et</strong></span> <span class='ocrx_word' id='word_1_134' title='bbox 1389 2270 1815 2335; x_wconf 87' lang='lat' dir='ltr'><strong>Constantius</strong></span> <span class='ocrx_word' id='word_1_135' title='bbox 1838 2271 1979 2357; x_wconf 85' lang='lat' dir='ltr'><strong>ipse</strong></span> <span class='ocrx_word' id='word_1_136' title='bbox 2004 2271 2140 2337; x_wconf 85' lang='lat' dir='ltr'><strong>suis</strong></span> <span class='ocrx_word' id='word_1_137' title='bbox 2159 2269 2241 2335; x_wconf 91' lang='lat' dir='ltr'><strong>ad</strong></span> <span class='ocrx_word' id='word_1_138' title='bbox 2261 2271 2447 2336; x_wconf 89' lang='lat' dir='ltr'><strong>illum</strong></span> 
     </span>
     <span class='ocr_line' id='line_1_18' title="bbox 353 2373 2447 2465; baseline 0.001 -27"><span class='ocrx_word' id='word_1_139' title='bbox 353 2373 586 2440; x_wconf 87' lang='lat' dir='ltr'><strong>litteris</strong></span> <span class='ocrx_word' id='word_1_140' title='bbox 619 2391 891 2441; x_wconf 89' lang='lat' dir='ltr'><strong>testatus</strong></span> <span class='ocrx_word' id='word_1_141' title='bbox 923 2391 1041 2439; x_wconf 88' lang='lat' dir='ltr'><strong>est.</strong></span> <span class='ocrx_word' id='word_1_142' title='bbox 1070 2375 1352 2439; x_wconf 86' lang='lat' dir='ltr'><strong>Miretur</strong></span> <span class='ocrx_word' id='word_1_143' title='bbox 1374 2391 1443 2438; x_wconf 94' lang='lat' dir='ltr'><strong>et</strong></span> <span class='ocrx_word' id='word_1_144' title='bbox 1465 2374 1574 2439; x_wconf 86' lang='lat' dir='ltr'><strong>illa</strong></span> <span class='ocrx_word' id='word_1_145' title='bbox 1595 2377 1636 2440; x_wconf 83' lang='lat' dir='ltr'>J</span> <span class='ocrx_word' id='word_1_146' title='bbox 1644 2376 1939 2441; x_wconf 84' lang='lat' dir='ltr'><strong>uvenalis</strong></span> <span class='ocrx_word' id='word_1_147' title='bbox 1958 2427 1974 2457; x_wconf 96' lang='lat'><strong>,</strong></span> <span class='ocrx_word' id='word_1_148' title='bbox 2006 2399 2157 2465; x_wconf 83' lang='lat' dir='ltr'><strong>quae</strong></span> <span class='ocrx_word' id='word_1_149' title='bbox 2190 2376 2447 2441; x_wconf 87' lang='lat' dir='ltr'><strong>satirice</strong></span> 
     </span>
     <span class='ocr_line' id='line_1_19' title="bbox 352 2480 2445 2571; baseline 0 -25"><span class='ocrx_word' id='word_1_150' title='bbox 352 2480 537 2560; x_wconf 90' lang='lat' dir='ltr'><strong>licet,</strong></span> <span class='ocrx_word' id='word_1_151' title='bbox 577 2504 712 2546; x_wconf 90' lang='lat' dir='ltr'><strong>non</strong></span> <span class='ocrx_word' id='word_1_152' title='bbox 754 2481 993 2546; x_wconf 85' lang='lat' dir='ltr'><strong>frustra</strong></span> <span class='ocrx_word' id='word_1_153' title='bbox 1033 2497 1255 2546; x_wconf 84' lang='lat' dir='ltr'><strong>tamen</strong></span> <span class='ocrx_word' id='word_1_154' title='bbox 1294 2480 1467 2546; x_wconf 88' lang='lat' dir='ltr'><strong>dicta</strong></span> <span class='ocrx_word' id='word_1_155' title='bbox 1503 2504 1610 2546; x_wconf 84' lang='lat' dir='ltr'><strong>res</strong></span> <span class='ocrx_word' id='word_1_156' title='bbox 1649 2482 1792 2571; x_wconf 84' lang='lat' dir='ltr'><strong>ipsa</strong></span> <span class='ocrx_word' id='word_1_157' title='bbox 1825 2481 2093 2563; x_wconf 88' lang='lat' dir='ltr'><strong>clamat,</strong></span> <span class='ocrx_word' id='word_1_158' title='bbox 2138 2484 2265 2549; x_wconf 85' lang='lat' dir='ltr'><strong>Sat.</strong></span> <span class='ocrx_word' id='word_1_159' title='bbox 2302 2485 2445 2562; x_wconf 78' lang='lat' dir='ltr'><strong>XV,</strong></span> 
     </span>
     <span class='ocr_line' id='line_1_20' title="bbox 352 2585 2448 2661; baseline 0.001 -11"><span class='ocrx_word' id='word_1_160' title='bbox 352 2609 445 2652; x_wconf 81' lang='lat' dir='ltr'><strong>vs.</strong></span> <span class='ocrx_word' id='word_1_161' title='bbox 480 2611 502 2651; x_wconf 90' lang='grc' dir='ltr'><strong>ι</strong></span> <span class='ocrx_word' id='word_1_162' title='bbox 525 2610 547 2651; x_wconf 90' lang='lat'>1</span> <span class='ocrx_word' id='word_1_163' title='bbox 572 2612 591 2652; x_wconf 91' lang='lat'>1</span> <span class='ocrx_word' id='word_1_164' title='bbox 621 2611 635 2651; x_wconf 74' lang='grc' dir='ltr'>ε</span> <span class='ocrx_word' id='word_1_165' title='bbox 671 2615 697 2645; x_wconf 76' lang='grc' dir='ltr'><strong>σε</strong></span> <span class='ocrx_word' id='word_1_166' title='bbox 719 2587 928 2652; x_wconf 88' lang='lat' dir='ltr'><strong>Gallia</strong></span> <span class='ocrx_word' id='word_1_167' title='bbox 950 2586 1316 2652; x_wconf 87' lang='lat' dir='ltr'><strong>causidicos</strong></span> <span class='ocrx_word' id='word_1_168' title='bbox 1343 2585 1571 2652; x_wconf 91' lang='lat' dir='ltr'><strong>docuit</strong></span> <span class='ocrx_word' id='word_1_169' title='bbox 1598 2585 1882 2651; x_wconf 86' lang='lat' dir='ltr'><strong>facunda</strong></span> <span class='ocrx_word' id='word_1_170' title='bbox 1909 2589 2271 2653; x_wconf 76' lang='lat' dir='ltr'><strong>Britannos·</strong></span> <span class='ocrx_word' id='word_1_171' title='bbox 2302 2590 2448 2661; x_wconf 18' lang='lat' dir='ltr'><strong>nmEt</strong></span> 
     </span>
     <span class='ocr_line' id='line_1_21' title="bbox 352 2683 2448 2776; baseline 0 -17"><span class='ocrx_word' id='word_1_172' title='bbox 352 2693 481 2759; x_wconf 85' lang='lat' dir='ltr'><strong>Sat.</strong></span> <span class='ocrx_word' id='word_1_173' title='bbox 502 2695 654 2773; x_wconf 86' lang='lat' dir='ltr'><strong>vn,</strong></span> <span class='ocrx_word' id='word_1_174' title='bbox 680 2717 774 2758; x_wconf 84' lang='lat' dir='ltr'><strong>vs.</strong></span> <span class='ocrx_word' id='word_1_175' title='bbox 812 2718 833 2758; x_wconf 88' lang='grc' dir='ltr'>ι</span> <span class='ocrx_word' id='word_1_176' title='bbox 849 2694 930 2776; x_wconf 71' lang='grc'><strong>48</strong></span> <span class='ocrx_word' id='word_1_177' title='bbox 956 2719 970 2757; x_wconf 91' lang='lat'>:</span> <span class='ocrx_word' id='word_1_178' title='bbox 1006 2724 1031 2753; x_wconf 75' lang='grc' dir='ltr'><strong><em>α</em></strong></span> <span class='ocrx_word' id='word_1_179' title='bbox 1056 2694 1396 2759; x_wconf 87' lang='lat' dir='ltr'><strong>Nutricula</strong></span> <span class='ocrx_word' id='word_1_180' title='bbox 1426 2693 1913 2760; x_wconf 88' lang='lat' dir='ltr'><strong>causidicorum</strong></span> <span class='ocrx_word' id='word_1_181' title='bbox 1938 2683 2164 2760; x_wconf 87' lang='lat' dir='ltr'><strong>Gallia.</strong></span> <span class='ocrx_word' id='word_1_182' title='bbox 2189 2724 2217 2754; x_wconf 73' lang='grc' dir='ltr'><strong>ιο</strong></span> <span class='ocrx_word' id='word_1_183' title='bbox 2248 2695 2448 2760; x_wconf 89' lang='lat' dir='ltr'><strong>Mire·</strong></span> 
     </span>
     <span class='ocr_line' id='line_1_22' title="bbox 352 2798 2445 2890; baseline 0.001 -29"><span class='ocrx_word' id='word_1_184' title='bbox 352 2812 463 2861; x_wconf 88' lang='lat' dir='ltr'><strong>tur</strong></span> <span class='ocrx_word' id='word_1_185' title='bbox 504 2815 569 2863; x_wconf 92' lang='lat' dir='ltr'><strong>et</strong></span> <span class='ocrx_word' id='word_1_186' title='bbox 604 2800 915 2865; x_wconf 86' lang='lat' dir='ltr'><strong>Tolosam</strong></span> <span class='ocrx_word' id='word_1_187' title='bbox 948 2799 1087 2890; x_wconf 89' lang='lat' dir='ltr'><strong>jam</strong></span> <span class='ocrx_word' id='word_1_188' title='bbox 1129 2800 1288 2866; x_wconf 90' lang='lat' dir='ltr'><strong>olim</strong></span> <span class='ocrx_word' id='word_1_189' title='bbox 1327 2798 1684 2866; x_wconf 87' lang='lat' dir='ltr'><strong>Palladiam</strong></span> <span class='ocrx_word' id='word_1_190' title='bbox 1723 2798 2154 2887; x_wconf 84' lang='lat' dir='ltr'><strong>appellatam,</strong></span> <span class='ocrx_word' id='word_1_191' title='bbox 2195 2816 2263 2864; x_wconf 91' lang='lat' dir='ltr'><strong>et</strong></span> <span class='ocrx_word' id='word_1_192' title='bbox 2297 2802 2445 2864; x_wconf 90' lang='lat' dir='ltr'><strong>Me-</strong></span> 
     </span>
     <span class='ocr_line' id='line_1_23' title="bbox 347 2902 2444 2994; baseline 0 -25"><span class='ocrx_word' id='word_1_193' title='bbox 347 2902 680 2985; x_wconf 74' lang='lat' dir='ltr'><strong>det-icum,</strong></span> <span class='ocrx_word' id='word_1_194' title='bbox 720 2903 1208 2970; x_wconf 86' lang='lat' dir='ltr'><strong>Chonodomari</strong></span> <span class='ocrx_word' id='word_1_195' title='bbox 1250 2905 1421 2994; x_wconf 88' lang='lat' dir='ltr'><strong>regis</strong></span> <span class='ocrx_word' id='word_1_196' title='bbox 1460 2904 1977 2969; x_wconf 87' lang='lat' dir='ltr'><strong>Alemannorum</strong></span> <span class='ocrx_word' id='word_1_197' title='bbox 2016 2907 2284 2970; x_wconf 86' lang='lat' dir='ltr'><strong>fratrem</strong></span> <span class='ocrx_word' id='word_1_198' title='bbox 2324 2906 2444 2970; x_wconf 78' lang='lat' dir='ltr'><strong>ob·-</strong></span> 
     </span>
     <span class='ocr_line' id='line_1_24' title="bbox 346 3005 2444 3097; baseline -0 -22"><span class='ocrx_word' id='word_1_199' title='bbox 346 3008 558 3076; x_wconf 79' lang='lat' dir='ltr'><strong>sidem</strong></span> <span class='ocrx_word' id='word_1_200' title='bbox 584 3012 653 3075; x_wconf 88' lang='lat' dir='ltr'><strong>in</strong></span> <span class='ocrx_word' id='word_1_201' title='bbox 678 3009 939 3089; x_wconf 86' lang='lat' dir='ltr'><strong>Galliis,</strong></span> <span class='ocrx_word' id='word_1_202' title='bbox 972 3005 1246 3075; x_wconf 85' lang='lat' dir='ltr'><strong>doctum</strong></span> <span class='ocrx_word' id='word_1_203' title='bbox 1270 3032 1479 3097; x_wconf 82' lang='lat' dir='ltr'><strong>graeca</strong></span> <span class='ocrx_word' id='word_1_204' title='bbox 1503 3032 1738 3073; x_wconf 88' lang='lat' dir='ltr'><strong>arcana</strong></span> <span class='ocrx_word' id='word_1_205' title='bbox 1756 3057 1772 3087; x_wconf 96' lang='lat'><strong>,</strong></span> <span class='ocrx_word' id='word_1_206' title='bbox 1799 3010 2171 3097; x_wconf 87' lang='lat' dir='ltr'><strong>Serapionis</strong></span> <span class='ocrx_word' id='word_1_207' title='bbox 2202 3032 2444 3074; x_wconf 88' lang='lat' dir='ltr'><strong>nomen</strong></span> 
     </span>
     <span class='ocr_line' id='line_1_25' title="bbox 345 3115 2438 3206; baseline 0 -24"><span class='ocrx_word' id='word_1_208' title='bbox 345 3116 483 3184; x_wconf 85' lang='lat' dir='ltr'><strong>filio</strong></span> <span class='ocrx_word' id='word_1_209' title='bbox 520 3119 935 3206; x_wconf 90' lang='lat' dir='ltr'><strong>imposuisse.</strong></span> <span class='ocrx_word' id='word_1_210' title='bbox 976 3120 1257 3184; x_wconf 89' lang='lat' dir='ltr'><strong>Miretur</strong></span> <span class='ocrx_word' id='word_1_211' title='bbox 1292 3136 1359 3183; x_wconf 86' lang='lat' dir='ltr'><strong>et</strong></span> <span class='ocrx_word' id='word_1_212' title='bbox 1391 3119 1499 3182; x_wconf 86' lang='lat' dir='ltr'><strong>illa</strong></span> <span class='ocrx_word' id='word_1_213' title='bbox 1532 3115 1878 3182; x_wconf 90' lang='lat' dir='ltr'><strong>Claudiani</strong></span> <span class='ocrx_word' id='word_1_214' title='bbox 1911 3116 1996 3181; x_wconf 89' lang='lat' dir='ltr'><strong>ad</strong></span> <span class='ocrx_word' id='word_1_215' title='bbox 2032 3119 2438 3201; x_wconf 87' lang='lat' dir='ltr'><strong>Honorium,</strong></span> 
     </span>
     <span class='ocr_line' id='line_1_26' title="bbox 346 3221 2438 3304; baseline 0.002 -17"><span class='ocrx_word' id='word_1_216' title='bbox 346 3224 435 3288; x_wconf 89' lang='lat' dir='ltr'><strong>lv</strong></span> <span class='ocrx_word' id='word_1_217' title='bbox 467 3223 844 3304; x_wconf 87' lang='lat' dir='ltr'><strong>consulatu,</strong></span> <span class='ocrx_word' id='word_1_218' title='bbox 872 3248 968 3289; x_wconf 85' lang='lat' dir='ltr'><strong>vs.</strong></span> <span class='ocrx_word' id='word_1_219' title='bbox 1006 3223 1166 3289; x_wconf 83' lang='lat'>582:</span> <span class='ocrx_word' id='word_1_220' title='bbox 1207 3252 1241 3286; x_wconf 78' lang='grc' dir='ltr'><strong>α</strong></span> <span class='ocrx_word' id='word_1_221' title='bbox 1270 3240 1335 3289; x_wconf 88' lang='lat' dir='ltr'><strong>te</strong></span> <span class='ocrx_word' id='word_1_222' title='bbox 1370 3223 1579 3290; x_wconf 87' lang='lat' dir='ltr'><strong>Gallia</strong></span> <span class='ocrx_word' id='word_1_223' title='bbox 1615 3221 1827 3290; x_wconf 89' lang='lat' dir='ltr'><strong>doctis</strong></span> <span class='ocrx_word' id='word_1_224' title='bbox 1857 3223 2161 3304; x_wconf 86' lang='lat' dir='ltr'><strong>Civibus,</strong></span> <span class='ocrx_word' id='word_1_225' title='bbox 2195 3241 2262 3288; x_wconf 92' lang='lat' dir='ltr'><strong>et</strong></span> <span class='ocrx_word' id='word_1_226' title='bbox 2300 3241 2438 3292; x_wconf 90' lang='lat' dir='ltr'><strong>toto</strong></span> 
     </span>
     <span class='ocr_line' id='line_1_27' title="bbox 355 3329 2437 3422; baseline 0 -25"><span class='ocrx_word' id='word_1_227' title='bbox 355 3359 380 3389; x_wconf 71' lang='lat' dir='ltr'>a</span> <span class='ocrx_word' id='word_1_228' title='bbox 402 3331 666 3421; x_wconf 80' lang='lat' dir='ltr'><strong>stipavit</strong></span> <span class='ocrx_word' id='word_1_229' title='bbox 686 3334 891 3397; x_wconf 86' lang='lat' dir='ltr'><strong>Roma</strong></span> <span class='ocrx_word' id='word_1_230' title='bbox 914 3348 1163 3397; x_wconf 87' lang='lat' dir='ltr'><strong>senatu.</strong></span> <span class='ocrx_word' id='word_1_231' title='bbox 1185 3360 1211 3392; x_wconf 68' lang='grc' dir='ltr'><strong><em>υ</em></strong></span> <span class='ocrx_word' id='word_1_232' title='bbox 1239 3334 1432 3396; x_wconf 88' lang='lat' dir='ltr'><strong>Certe</strong></span> <span class='ocrx_word' id='word_1_233' title='bbox 1454 3331 1721 3395; x_wconf 84' lang='lat' dir='ltr'><strong>Catonis</strong></span> <span class='ocrx_word' id='word_1_234' title='bbox 1743 3353 1822 3395; x_wconf 87' lang='lat' dir='ltr'><strong>ex</strong></span> <span class='ocrx_word' id='word_1_235' title='bbox 1841 3329 2222 3419; x_wconf 81' lang='lat' dir='ltr'><strong>Originibus</strong></span> <span class='ocrx_word' id='word_1_236' title='bbox 2241 3334 2437 3422; x_wconf 87' lang='lat' dir='ltr'><strong>longe</strong></span> 
     </span>
     <span class='ocr_line' id='line_1_28' title="bbox 347 3438 2438 3529; baseline -0.001 -23"><span class='ocrx_word' id='word_1_237' title='bbox 347 3440 678 3529; x_wconf 84' lang='lat' dir='ltr'><strong>antiquius</strong></span> <span class='ocrx_word' id='word_1_238' title='bbox 708 3439 1162 3505; x_wconf 87' lang='lat' dir='ltr'><strong>testimonium</strong></span> <span class='ocrx_word' id='word_1_239' title='bbox 1194 3455 1324 3520; x_wconf 88' lang='lat' dir='ltr'><strong>est,</strong></span> <span class='ocrx_word' id='word_1_240' title='bbox 1360 3438 1638 3503; x_wconf 87' lang='lat' dir='ltr'><strong>Galliam</strong></span> <span class='ocrx_word' id='word_1_241' title='bbox 1670 3438 1834 3503; x_wconf 90' lang='lat' dir='ltr'><strong>duas</strong></span> <span class='ocrx_word' id='word_1_242' title='bbox 1870 3461 1975 3504; x_wconf 85' lang='lat' dir='ltr'><strong>res</strong></span> <span class='ocrx_word' id='word_1_243' title='bbox 2010 3462 2273 3529; x_wconf 88' lang='lat' dir='ltr'><strong>semper</strong></span> <span class='ocrx_word' id='word_1_244' title='bbox 2301 3457 2438 3504; x_wconf 88' lang='lat' dir='ltr'><strong>stu-</strong></span> 
     </span>
     <span class='ocr_line' id='line_1_29' title="bbox 349 3543 2435 3638; baseline -0.001 -26"><span class='ocrx_word' id='word_1_245' title='bbox 349 3543 713 3614; x_wconf 84' lang='lat' dir='ltr'><strong>diosissime</strong></span> <span class='ocrx_word' id='word_1_246' title='bbox 741 3562 1248 3638; x_wconf 85' lang='lat' dir='ltr'><strong>persequutam,</strong></span> <span class='ocrx_word' id='word_1_247' title='bbox 1279 3568 1419 3610; x_wconf 90' lang='lat' dir='ltr'><strong>rem</strong></span> <span class='ocrx_word' id='word_1_248' title='bbox 1453 3546 1835 3624; x_wconf 88' lang='lat' dir='ltr'><strong>militarem,</strong></span> <span class='ocrx_word' id='word_1_249' title='bbox 1863 3563 1929 3612; x_wconf 90' lang='lat' dir='ltr'><strong>et</strong></span> <span class='ocrx_word' id='word_1_250' title='bbox 1952 3564 2182 3635; x_wconf 87' lang='lat' dir='ltr'><strong>argute</strong></span> <span class='ocrx_word' id='word_1_251' title='bbox 2215 3548 2435 3637; x_wconf 89' lang='lat' dir='ltr'><strong>loqui:</strong></span> 
     </span>
     <span class='ocr_line' id='line_1_30' title="bbox 344 3650 2436 3744; baseline 0 -26"><span class='ocrx_word' id='word_1_252' title='bbox 344 3650 647 3744; x_wconf 80' lang='lat' dir='ltr'><strong>adeoque</strong></span> <span class='ocrx_word' id='word_1_253' title='bbox 683 3654 912 3742; x_wconf 79' lang='lat' dir='ltr'><strong>gentili</strong></span> <span class='ocrx_word' id='word_1_254' title='bbox 948 3652 1289 3719; x_wconf 87' lang='lat' dir='ltr'><strong>Gallorum</strong></span> <span class='ocrx_word' id='word_1_255' title='bbox 1327 3651 1652 3717; x_wconf 83' lang='lat' dir='ltr'><strong>vocabulo</strong></span> <span class='ocrx_word' id='word_1_256' title='bbox 1696 3653 1943 3718; x_wconf 87' lang='lat' dir='ltr'><strong>facetos</strong></span> <span class='ocrx_word' id='word_1_257' title='bbox 1975 3675 2098 3742; x_wconf 89' lang='lat' dir='ltr'><strong>pro</strong></span> <span class='ocrx_word' id='word_1_258' title='bbox 2135 3651 2436 3720; x_wconf 86' lang='lat' dir='ltr'><strong>facundis</strong></span> 
     </span>
     <span class='ocr_line' id='line_1_31' title="bbox 343 3755 2432 3849; baseline 0 -26"><span class='ocrx_word' id='word_1_259' title='bbox 343 3755 557 3824; x_wconf 87' lang='lat' dir='ltr'><strong>dictos</strong></span> <span class='ocrx_word' id='word_1_260' title='bbox 589 3760 1089 3825; x_wconf 86' lang='lat' dir='ltr'><strong>Fortunatianus</strong></span> <span class='ocrx_word' id='word_1_261' title='bbox 1122 3775 1325 3825; x_wconf 90' lang='lat' dir='ltr'><strong>notat.</strong></span> <span class='ocrx_word' id='word_1_262' title='bbox 1361 3757 1491 3825; x_wconf 89' lang='lat' dir='ltr'><strong>Sed</strong></span> <span class='ocrx_word' id='word_1_263' title='bbox 1533 3758 1643 3822; x_wconf 88' lang='lat' dir='ltr'><strong>illa</strong></span> <span class='ocrx_word' id='word_1_264' title='bbox 1687 3759 2074 3849; x_wconf 80' lang='lat' dir='ltr'><strong>Hieronymi</strong></span> <span class='ocrx_word' id='word_1_265' title='bbox 2110 3759 2293 3823; x_wconf 90' lang='lat' dir='ltr'><strong>omni</strong></span> <span class='ocrx_word' id='word_1_266' title='bbox 2324 3783 2432 3824; x_wconf 83' lang='lat' dir='ltr'><strong>ex·-</strong></span> 
     </span>
     <span class='ocr_line' id='line_1_32' title="bbox 341 3863 2435 3955; baseline -0 -25"><span class='ocrx_word' id='word_1_267' title='bbox 341 3864 653 3951; x_wconf 85' lang='lat' dir='ltr'><strong>ceptione</strong></span> <span class='ocrx_word' id='word_1_268' title='bbox 673 3864 920 3955; x_wconf 88' lang='lat' dir='ltr'><strong>majora</strong></span> <span class='ocrx_word' id='word_1_269' title='bbox 945 3882 1128 3947; x_wconf 88' lang='lat' dir='ltr'><strong>sunt,</strong></span> <span class='ocrx_word' id='word_1_270' title='bbox 1153 3865 1309 3930; x_wconf 81' lang='lat' dir='ltr'><strong>viris</strong></span> <span class='ocrx_word' id='word_1_271' title='bbox 1338 3886 1602 3952; x_wconf 89' lang='lat' dir='ltr'><strong>semper</strong></span> <span class='ocrx_word' id='word_1_272' title='bbox 1625 3864 1995 3930; x_wconf 86' lang='lat' dir='ltr'><strong>fortissimis</strong></span> <span class='ocrx_word' id='word_1_273' title='bbox 2022 3881 2088 3928; x_wconf 91' lang='lat' dir='ltr'><strong>et</strong></span> <span class='ocrx_word' id='word_1_274' title='bbox 2113 3863 2435 3953; x_wconf 91' lang='lat' dir='ltr'><strong>eloquen-</strong></span> 
     </span>
     <span class='ocr_line' id='line_1_33' title="bbox 314 3970 2431 4054; baseline 0 -16"><span class='ocrx_word' id='word_1_275' title='bbox 314 3971 607 4039; x_wconf 74' lang='lat' dir='ltr'><strong>,tissimis</strong></span> <span class='ocrx_word' id='word_1_276' title='bbox 629 3972 995 4040; x_wconf 89' lang='lat' dir='ltr'><strong>abundasse</strong></span> <span class='ocrx_word' id='word_1_277' title='bbox 1016 3974 1291 4040; x_wconf 89' lang='lat' dir='ltr'><strong>Galliam</strong></span> <span class='ocrx_word' id='word_1_278' title='bbox 1305 4024 1322 4054; x_wconf 95' lang='lat'><strong>,</strong></span> <span class='ocrx_word' id='word_1_279' title='bbox 1347 3990 1414 4038; x_wconf 87' lang='lat' dir='ltr'><strong>et</strong></span> <span class='ocrx_word' id='word_1_280' title='bbox 1435 3973 1798 4038; x_wconf 86' lang='lat' dir='ltr'><strong>Galliarum</strong></span> <span class='ocrx_word' id='word_1_281' title='bbox 1821 3970 2039 4037; x_wconf 89' lang='lat' dir='ltr'><strong>studia</strong></span> <span class='ocrx_word' id='word_1_282' title='bbox 2058 3994 2180 4038; x_wconf 91' lang='lat' dir='ltr'><strong>suo</strong></span> <span class='ocrx_word' id='word_1_283' title='bbox 2206 3973 2431 4038; x_wconf 85' lang='lat' dir='ltr'><strong>etiam-</strong></span> 
     </span>
     <span class='ocr_line' id='line_1_34' title="bbox 340 4076 2433 4169; baseline -0 -26"><span class='ocrx_word' id='word_1_284' title='bbox 340 4098 501 4144; x_wconf 85' lang='lat' dir='ltr'><strong>num</strong></span> <span class='ocrx_word' id='word_1_285' title='bbox 525 4095 827 4169; x_wconf 86' lang='lat' dir='ltr'><strong>tempore</strong></span> <span class='ocrx_word' id='word_1_286' title='bbox 850 4082 1046 4148; x_wconf 82' lang='lat' dir='ltr'><strong>fuisse</strong></span> <span class='ocrx_word' id='word_1_287' title='bbox 1069 4080 1623 4147; x_wconf 86' lang='lat' dir='ltr'><strong>florentissimam.</strong></span> <span class='ocrx_word' id='word_1_288' title='bbox 1648 4080 1810 4163; x_wconf 81' lang='lat' dir='ltr'><strong>Quae</strong></span> <span class='ocrx_word' id='word_1_289' title='bbox 1836 4079 1890 4144; x_wconf 89' lang='lat' dir='ltr'><strong>si</strong></span> <span class='ocrx_word' id='word_1_290' title='bbox 1920 4078 2065 4169; x_wconf 88' lang='lat' dir='ltr'><strong>quis</strong></span> <span class='ocrx_word' id='word_1_291' title='bbox 2099 4076 2182 4142; x_wconf 91' lang='lat' dir='ltr'><strong>de</strong></span> <span class='ocrx_word' id='word_1_292' title='bbox 2216 4078 2433 4167; x_wconf 80' lang='lat' dir='ltr'><strong>proxi·</strong></span> 
     </span>
     <span class='ocr_line' id='line_1_35' title="bbox 342 4180 2431 4280; baseline -0.001 -30"><span class='ocrx_word' id='word_1_293' title='bbox 342 4185 465 4254; x_wconf 83' lang='lat' dir='ltr'><strong>mis</strong></span> <span class='ocrx_word' id='word_1_294' title='bbox 490 4202 749 4256; x_wconf 82' lang='lat' dir='ltr'><strong>tantum</strong></span> <span class='ocrx_word' id='word_1_295' title='bbox 783 4188 986 4254; x_wconf 77' lang='lat' dir='ltr'><strong>Italiae</strong></span> <span class='ocrx_word' id='word_1_296' title='bbox 1008 4187 1389 4277; x_wconf 76' lang='lat' dir='ltr'><strong>regionibus</strong></span> <span class='ocrx_word' id='word_1_297' title='bbox 1414 4186 1589 4256; x_wconf 83' lang='lat' dir='ltr'><strong>dicta</strong></span> <span class='ocrx_word' id='word_1_298' title='bbox 1614 4203 1833 4280; x_wconf 65' lang='lat' dir='ltr'><strong>putet,</strong></span> <span class='ocrx_word' id='word_1_299' title='bbox 1858 4186 2034 4277; x_wconf 88' lang='lat' dir='ltr'><strong>legat</strong></span> <span class='ocrx_word' id='word_1_300' title='bbox 2066 4200 2135 4252; x_wconf 87' lang='lat' dir='ltr'><strong>et</strong></span> <span class='ocrx_word' id='word_1_301' title='bbox 2162 4205 2309 4274; x_wconf 83' lang='lat' dir='ltr'><strong>quae</strong></span> <span class='ocrx_word' id='word_1_302' title='bbox 2342 4180 2431 4248; x_wconf 89' lang='lat' dir='ltr'><strong>de</strong></span> 
     </span>
    </p>
   </div>
  </div>
 </body>
</html>
