3200 5117
771 539 896 600 ,566
1277 534 1362 593 M.
1417 525 2349 607 1-'A811Q1315T1L1Axl

769 660 980 727 timeo
1016 681 1246 732 casus,
1291 679 1428 722 non
1465 652 1687 720 subita
1732 677 1852 745 pro
1896 670 2117 744 patre,
2164 674 2305 715 non
2343 645 2649 740 maligna
2682 644 2823 711 fata
2858 668 2875 710 ε

774 774 986 841 fidem
1015 797 1152 838 non
1184 769 1392 864 capit,
1424 789 1494 834 ut
1519 793 1629 832 me
1658 787 1785 833 tres
1809 763 2311 840 absolutiones,
2337 785 2399 831 et
2425 762 2879 830 innocentem

774 885 1243 985 probaverint,
1278 906 1342 952 et
1377 882 1733 952 effecerint
1772 879 2206 976 parricidam.
2242 883 2613 960 Praeterea,
2642 899 2875 974 pater,

771 1027 984 1097 quam
1019 1000 1378 1068 infirmum
1419 1022 1568 1080 me,
1604 1020 1819 1089 quam
1849 992 2199 1088 trepidum
2236 992 2460 1061 reddit
2489 992 2635 1088 ipsa
2664 990 2883 1059 victo-

775 1116 906 1185 ria?
942 1142 1032 1185 an
1066 1113 1321 1183 scilicet
1359 1111 1641 1202 ignom,
1671 1108 1859 1206 quod
1898 1135 2011 1177 me
2045 1134 2389 1178 reversum
2424 1106 2881 1178 circumsistat

773 1231 976 1301 totius
1012 1230 1264 1298 domus
1300 1228 1610 1314 maligna
1650 1225 1859 1294 cura?
1894 1225 2082 1318 quod
2118 1225 2265 1294 vivo
2302 1223 2477 1293 inter
2510 1223 2875 1310 homines»,

775 1345 1029 1441 quibus
1062 1341 1248 1439 apud
1286 1364 1346 1409 te
1383 1340 1678 1434 gratiam
1712 1361 1938 1435 parat,
1970 1339 2025 1407 si
2056 1339 2142 1408 de
2178 1339 2376 1408 nobis
2410 1339 2645 1434 aliqua
2678 1366 2883 1410 men-

773 1462 1053 1544 tiantur,
1081 1461 1390 1552 fingant?
1416 1455 1735 1526 videlicet
1762 1455 1887 1524 boc
1914 1481 2034 1524 nos
2058 1455 2130 1523 in
2157 1455 2425 1526 facinus
2453 1456 2876 1554 praecipitat,

779 1575 1109 1672 impellit,
1161 1571 1349 1668 quod
1399 1569 1667 1666 aliquid
1714 1596 2075 1666 speramus
2128 1568 2213 1639 de
2265 1591 2679 1640 testamento
2727 1592 2875 1641 tuo,

776 1692 1016 1778 Quid?
1066 1717 1191 1782 ego
1238 1715 1378 1757 non
1423 1686 1681 1772 sentin,
1728 1685 1918 1782 quod
1958 1684 2168 1755 simili
2218 1685 2469 1756 scelere
2508 1687 2759 1756 missus
2803 1687 2877 1755 in

777 1807 1070 1876 domum
1091 1863 1108 1892 ,
1133 1833 1168 1872 a
1192 1805 1471 1873 caritate
1497 1823 1735 1872 tamen
1761 1801 2105 1886 exclusuS,
2129 1802 2436 1900 abjectus
2455 1803 2653 1872 sum?
2675 1829 2879 1900 rogo,

777 1949 916 2018 qna
950 1921 1205 1990 fiducia
1241 1918 1508 1987 facinus
1548 1944 1714 2013 paro
1746 1917 1940 1987 toties
1977 1916 2275 2002 delatus,
2309 1939 2374 1987 et
2404 1939 2683 2014 paterna
2714 1942 2881 1987 con-

778 2039 1138 2135 questione
1192 2035 1482 2134 petitus?
1534 2033 1720 2129 quod
1772 2035 1872 2103 vis
1923 2034 2386 2130 patrocinium
2433 2059 2701 2130 sperem
2750 2059 2881 2131 pro

781 2154 1142 2252 parricidio
1181 2179 1334 2219 meo
1351 2149 1378 2217 ἶ)
1413 2149 1696 2218 defendi
1732 2176 1873 2217 non
1914 2176 2180 2244 possem
2202 2205 2220 2236 ‚
2255 2149 2305 2218 si
2343 2148 2624 2219 bibisses
2657 2169 2729 2218 tu
2764 2175 2886 2220 ve-

780 2297 1074 2339 ncnum.
1113 2268 1329 2363 Finge
1365 2292 1477 2334 me
1517 2263 1865 2360 parricidii
1898 2265 2319 2335 voluntatem
2348 2321 2366 2352 ,
2405 2265 2587 2360 finge
2625 2264 2882 2334 habere

780 2413 1055 2469 causam
1085 2381 1270 2452 unde
1295 2382 1725 2451 occasionem
1747 2436 1764 2467 ,
1792 2381 1975 2452 unde
2001 2381 2374 2452 fiduciam?
2395 2409 2524 2479 ego
2544 2408 2670 2452 nec
2694 2381 2880 2451 mori

783 2527 1062 2598 possum
1086 2554 1104 2583 ‚
1142 2496 1270 2567 nisi
1313 2520 1388 2568 ut
1422 2495 1927 2593 deprehendar.

883 2618 999 2684 xl.
1055 2617 1431 2682 Venenum
1478 2640 1678 2710 pare,
1727 2614 1847 2710 qui
1895 2640 2036 2682 non
2082 2612 2525 2700 ministrum,
2569 2611 2690 2709 qui
2730 2638 2879 2682 non

784 2729 1063 2799 invenio
1086 2727 1489 2798 conscium?
1510 2728 1901 2825 despiciora
1925 2729 2181 2799 libertis
2208 2757 2220 2798 :
2247 2748 2659 2799 contemnor
2678 2754 2717 2798 a
2742 2753 2885 2798 ser·-

783 2846 984 2930 vulis;
1007 2846 1261 2915 evitant
1279 2872 1675 2914 sermonem
1699 2872 1969 2915 meum:
1996 2845 2343 2941 colloquia
2357 2845 2674 2941 fugiunt,
2691 2865 2756 2914 et
2775 2869 2883 2913 ca-

786 2962 1050 3031 ritatem
1088 2961 1189 3030 tui
1226 2961 1563 3031 simulant
1597 2961 1758 3030 odio
1788 2961 1923 3030 mei
1951 2989 1964 3030 :
1999 2989 2086 3030 au
2112 2961 2434 3032 videlicet
2464 2987 2661 3059 spero
2686 2987 2884 3058 posse

789 3079 966 3164 fiori,
1001 3100 1074 3147 ut
1105 3079 1243 3174 ipse
1275 3076 1660 3173 porrigam?
1689 3099 1784 3146 est
1814 3078 2005 3146 enirn
2038 3077 2213 3147 mihi
2243 3077 2327 3147 ad
2355 3077 2698 3148 convictus
2726 3097 2885 3147 tuos

786 3192 1000 3261 facilis
1016 3219 1344 3262 accessus,
1367 3195 1743 3261 Venenum
1763 3191 2107 3262 mehercle
2123 3192 2397 3289 putabis
2416 3189 2756 3290 quidquid
2777 3190 2888 3260 de-

788 3307 1011 3376 derint
1041 3305 1143 3375 hae
1178 3333 1426 3375 manus
1451 3320 1507 3374 ¹:
1546 3325 1612 3375 et
1642 3305 1824 3375 virus
1860 3329 2414 3402 praesentaneum
2448 3334 2650 3404 pam,
2691 3304 2886 3403 quod

788 3423 1050 3509 statim,
1087 3422 1272 3518 quod
1312 3421 1541 3491 subito
1571 3421 1930 3517 corripiat?
1958 3425 2048 3492 At
2072 3422 2673 3521 quemadmodum
2705 3420 2883 3491 mihi

789 3538 1080 3633 supersit
1115 3537 1254 3606 ulla
1285 3537 1638 3607 defensio?
1670 3564 1757 3606 an
1793 3537 2097 3626 lentum,
2134 3559 2202 3609 et
2239 3537 2428 3634 quod
2463 3535 2657 3607 tarda
2692 3555 2887 3632 peste

790 3673 1187 3736 consumat,
1221 3652 1478 3723 scilicet
1508 3674 1581 3722 ut
1612 3679 1754 3722 non
1785 3655 2017 3725 statim
2050 3654 2418 3742 exclames,
2445 3674 2524 3724 ut
2547 3674 2612 3724 te
2638 3677 2888 3722 meum

790 3765 975 3835 virus
1018 3765 1262 3835 bibisse
1309 3793 1450 3836 non
1499 3768 1776 3838 credas?
1821 3795 2019 3866 roge,
2062 3770 2175 3839 cui
2222 3768 2451 3866 paravi
2490 3793 2887 3852 venenum,

793 3880 978 3974 quod
1015 3880 1175 3951 dare
1211 3906 1355 3950 non
1390 3909 1712 3980 possum,
1749 3882 1881 3954 nisi
1920 3884 2142 3955 mihi?
2176 3888 2310 3974 lta,
2356 3883 2619 3982 inquit,
2658 3880 2889 3980 parri-

873 4110 914 4144 ι.
943 4094 1040 4145 Ha,-
1063 4113 1262 4147 manus.
1288 4097 1368 4147 Ita
1391 4114 1528 4168 soepe
1549 4098 1695 4147 inter
1719 4095 1800 4146 lo·
1882 4101 1996 4150 Act.
2024 4100 2154 4164 XX,
2184 4099 2283 4164 343
2306 4096 2356 4149 αἱ
2376 4098 2524 4164 χοῖρος
2549 4095 2711 4149 aberas.
2736 4096 2887 4147 Curt.

795 4174 1062 4246 quendum
1077 4214 1091 4238 ‚
1109 4190 1261 4244 gestu
1285 4176 1571 4228 ostendunt
1590 4196 1799 4242 manus,
1881 4178 1971 4242 IV,
1994 4194 2037 4228 1:
2059 4177 2158 4227 Hoe
2173 4196 2361 4234 manus
2372 4178 2627 4251 suffecere
2640 4174 2892 4228 desiderio

796 4253 989 4324 quibus
1028 4255 1153 4325 quid
1185 4256 1352 4325 egisse
1390 4274 1443 4309 se
1480 4255 1697 4308 dicunt:
1733 4257 1805 4310 ita
1885 4275 2014 4310 meo.
2046 4257 2212 4308 Eunu.
