3200 5117
856 555 1042 624 PRO
1084 556 1520 622 TRIBUNO
1564 556 2026 623 MARIANO.
2406 559 2491 647 73

409 703 602 754 neret
626 710 667 755 a
698 681 979 772 virtute,
999 702 1277 782 patrum
1297 701 1519 781 potest
1531 680 1840 753 irradiari
1856 680 2266 781 fulgoribus.
2287 682 2493 754 Miles

409 823 489 868 ex
532 796 689 869 imis
735 819 802 870 et
844 796 1217 897 impudens
1256 796 1753 887 nihilominus,
1795 796 2066 895 diisque
2112 797 2316 869 castis
2358 797 2490 869 ini-

409 913 661 1004 micns3
690 914 895 987 totius
926 914 1114 987 orbis
1142 914 1327 1013 leges
1361 915 1733 987 confundit
1758 936 1828 987 et
1849 914 2203 1005 ordinem,
2222 915 2397 987 dum
2420 938 2489 988 et

406 1050 597 1103 terrae
637 1031 1014 1123 damnum,
1058 1052 1127 1104 et
1169 1031 1667 1104 contumeliam
1715 1030 1928 1105 infert
1969 1033 2153 1105 caelo.
2201 1036 2386 1105 Nam
2424 1053 2496 1104 et

406 1144 769 1218 tribunum
804 1146 1067 1235 castris,
1085 1145 1445 1218 ettribuno
1475 1164 1688 1242 quam
1714 1145 1809 1217 dii
1827 1146 2158 1219 'dederint
2176 1147 2487 1246 requiem

408 1261 708 1334 invidere
732 1289 879 1334 non
907 1260 1180 1333 desinit.
1204 1261 1297 1332 At
1320 1281 1595 1333 tantum
1616 1261 1842 1334 saeviat
1858 1320 1877 1353 ,
1901 1283 2243 1360 quantum
2272 1261 2484 1352 volet,

406 1376 766 1450 invehatur
797 1377 876 1449 in
907 1397 1246 1468 mortuoS,
1286 1376 1548 1449 cineres
1581 1400 2062 1477 persequatur,
2093 1399 2158 1451 et
2186 1379 2359 1451 dum
2393 1406 2490 1451 se·

407 1492 650 1592 pulcra
687 1491 932 1582 violat,
989 1491 1164 1564 dum
1208 1512 1543 1564 aeternum
1586 1493 1850 1593 rumpit
1896 1494 2289 1583 silentium,
2342 1520 2485 1566 non

409 1604 726 1677 cohibeat
751 1604 1198 1677 cadaveribus
1222 1631 1301 1676 os
1327 1624 1394 1676 et
1420 1604 1683 1696 dentes,
1714 1606 1972 1679 conflet
1996 1608 2129 1679 sibi
2157 1607 2360 1680 totius
2380 1635 2488 1681 or-

406 1717 512 1790 bis
534 1730 551 1761 ¹
591 1716 957 1807 invidiam,
1004 1717 1397 1791 inimicitias
1434 1717 1675 1792 excitet
1714 1720 2200 1818 sempiternas3
2244 1743 2321 1794 ut
2352 1748 2488 1793 sce-

407 1831 658 1905 lestum
705 1845 909 1932 caput
947 1859 1076 1904 nec
1104 1832 1612 1905 excusationem
1641 1859 1683 1904 a
1715 1832 2013 1922 civibus,
2043 1861 2170 1906 nec
2218 1861 2258 1905 a
2283 1856 2348 1907 te
2381 1862 2490 1906 ve·

407 1948 624 2039 niam,
639 1947 762 2020 Cai
786 1947 990 2039 Mari,
1007 1974 1134 2020 nec
1153 1947 1624 2021 anuminibus
1647 1949 2140 2048 protectionem
2165 1949 2486 2022 inveniat.

403 2063 570 2134 Erat
601 2060 675 2132 in
691 2060 910 2134 civem
930 2061 1284 2160 agendum
1314 2061 1728 2151 humanius3
1756 2082 1898 2133 erat
1924 2062 1996 2134 in
2011 2063 2491 2163 propinquum

407 2176 837 2275 imperatoris
889 2176 1190 2276 paulum
1234 2176 1470 2248 mitius
1511 2176 1982 2268 saeviendum3
2022 2198 2170 2249 erat
2209 2177 2490 2251 tribuno

406 2289 755 2389 grandiori
784 2289 1161 2363 reverentia
1194 2290 1674 2366 deferendum.

500 2405 622 2475 ΙΧ.
678 2406 979 2477 Romam
1029 2431 1307 2504 quoque
1330 2464 1354 2496 2
1419 2404 1671 2477 mundi
1720 2427 1927 2507 caput
1967 2428 2040 2479 et
2087 2406 2485 2498 dominam,

406 2519 788 2620 despexisse
817 2521 1283 2613 convincitur,
1313 2521 1435 2618 qui
1465 2521 1770 2594 romanis
1808 2523 2078 2621 legibus
2114 2523 2488 2598 veneratio·

406 2662 575 2707 nem
598 2635 902 2709 debit-am
937 2662 1081 2708 non
1117 2635 1504 2736 impendit?
1528 2639 1703 2709 Ecce
1738 2658 1890 2737 post
1916 2639 2328 2716 sententiam
2351 2638 2488 2738 agi·

407 2749 617 2824 turin
638 2751 1035 2842 tribunum,
1065 2750 1523 2850 ordinemque
1530 2751 1984 2851 judiciarium
2020 2751 2253 2824 militis
2277 2752 2490 2823 inhu-

405 2866 598 2938 mani
630 2867 1139 2967 praeposteravit
1172 2866 1513 2966 impietas.
1548 2869 1714 2938 Haec
1740 2865 1829 2938 ad
1858 2866 2306 2940 mendacium
2345 2866 2485 2938 mi-

404 2978 538 3052 litis
561 2981 1003 3079 arguendum
1031 2981 1177 3055 sola
1202 2981 1508 3081 profecto
1527 2978 1732 3052 debet
1752 3005 1956 3052 causa
1971 2978 2318 3051 sufficere:
2341 3006 2486 3051 non

406 3097 595 3169 enim
625 3124 790 3170 eum
820 3098 897 3170 in
927 3124 1132 3170 causa
1163 3117 1437 3198 poterat
1461 3123 1815 3196 superare,
1851 3122 2063 3194 quem
2097 3115 2257 3167 ante
2288 3094 2486 3195 judi-

405 3213 593 3285 cium
617 3271 639 3305 ‚
682 3240 772 3285 ne
821 3213 894 3288 in
950 3212 1217 3286 actione
1269 3211 1628 3303 deficeret,
1663 3211 1888 3285 subito
1926 3210 2294 3311 jugulavit.
2327 3209 2491 3308 Agit

407 3354 642 3421 reum,
672 3350 1038 3429 postquam
1072 3328 1354 3420 occidit,
1387 3355 1599 3426 quem
1644 3350 1724 3400 ut
1756 3328 1938 3401 latro
1966 3327 2197 3426 potius
2216 3384 2235 3417 ,
2271 3354 2484 3424 quam

407 3466 487 3518 ut
516 3446 743 3536 miles,
772 3467 1132 3547 tamquam
1165 3473 1244 3518 ex
1273 3445 1554 3519 occultis
1582 3445 1855 3518 insidi-is
1874 3444 2245 3544 improviso
2278 3442 2485 3515 stricti

404 3563 724 3664 pugionis
753 3564 888 3636 ictu
916 3563 1232 3664 perfodit.
1270 3562 1584 3635 Proditor
1614 3561 2097 3636 fraudulentus
2120 3560 2484 3632 tribunum

405 3678 842 3754 clandestinis
869 3680 1045 3753 odiis
1076 3700 1144 3752 et
1176 3679 1673 3770 simultatibus,
1720 3700 1802 3752 ut
1841 3678 2300 3765 interimeret,
2348 3674 2485 3747 cir-

406 3794 799 3885 cumvenit3
828 3821 1039 3893 quem
1068 3795 1374 3894 profecto
1401 3820 1546 3865 non
1582 3791 1937 3868 occidisset
1956 3849 1976 3884 ‚
2011 3789 2145 3862 nisi
2177 3790 2370 3889 prius
2397 3790 2486 3861 ad

406 3935 570 3981 eum
602 3936 726 4009 per
753 3908 1065 4009 obsequii
1099 3908 1403 4008 speciem
1435 3909 1853 3983 accessisset:
1889 3929 1959 3980 et
1994 3905 2082 3978 ad
2118 3904 2485 3977 cumulum

481 4130 525 4165 ι.
551 4114 728 4166 Totius
747 4113 894 4167 orbis.
917 4115 1111 4167 Nonne
1132 4127 1405 4185 prestaret
1482 4117 1799 4169 cusationem
1826 4133 1862 4164 a
1886 4112 2076 4164 civibus
2098 4129 2259 4183 quam
2286 4107 2484 4161 idcirco

402 4194 577 4246 urbis?
609 4195 695 4247 cui
731 4193 947 4267 quidem
981 4194 1200 4247 lectioni
1234 4194 1402 4266 pluri·
1481 4212 1593 4246 non
1622 4206 1737 4246 erat
1762 4194 2095 4256 inventum,
2123 4189 2374 4262 quoniam
2406 4197 2486 4238 to-

402 4292 549 4327 mum
569 4275 744 4328 favent
765 4293 964 4347 ea‘quae
986 4287 1302 4348 sequuntur,
1313 4294 1403 4329 ex·
1485 4278 1583 4328 tius
1604 4276 1741 4327 urbis
1760 4273 1860 4329 nihi
1882 4272 2128 4326 invidiam
2149 4271 2486 4324 concitasset.
