3200 5117
835 596 948 676 164
1333 598 1424 659 Μ.
1477 598 1725 659 FABII
1772 597 2397 679 QL'INTILIAM

823 719 1150 815 exagitat,
1179 737 1245 788 et
1271 718 1444 789 inter
1469 740 1806 815 tormenta
1829 718 2020 815 fugio
2046 718 2354 790 dolorem
2382 744 2394 787 :
2427 718 2482 787 si
2516 717 2919 790 mentientis

823 854 918 902 est
934 831 1104 901 velle
1124 834 1455 928 torqueri,
1481 833 1782 903 invenite
1805 832 1975 928 quid
1995 834 2215 903 facere
2238 833 2513 921 debeat,
2533 835 2650 928 qui
2671 861 2913 904 verum

822 947 1019 1034 dicit,
1053 969 1118 1019 et
1152 975 1291 1018 non
1330 948 1589 1046 probat.
1622 948 1973 1033 Mentiris,
2011 948 2278 1043 inquit:
2313 947 2487 1017 bene
2520 950 2708 1043 quod
2744 972 2812 1020 et
2840 970 2913 1019 tu

820 1063 1090 1147 fateris,
1139 1091 1279 1134 non
1326 1092 1464 1134 esse
1511 1064 1686 1134 mihi
1734 1065 1881 1133 sine
1928 1064 2300 1158 quaestione
2345 1063 2793 1134 credendum.
2831 1066 2916 1134 Et

823 1206 991 1274 quas
1017 1180 1365 1276 perfidem
1386 1237 1403 1265 ,
1434 1179 1799 1249 mendacio
1833 1206 1987 1248 meo
2021 1206 2253 1248 causas
2273 1236 2290 1263 ,
2319 1178 2503 1248 dives
2525 1237 2541 1266 ,
2570 1179 2915 1273 assignas?

824 1296 1065 1391 ignoro
1089 1323 1554 1393 percussorem
1583 1325 1596 1367 :
1628 1295 1966 1387 deindete
1989 1295 2422 1393 potissimum
2441 1351 2457 1379 ‚
2482 1296 2566 1364 de
2597 1322 2735 1390 quo
2753 1323 2916 1391 que-

823 1437 1024 1497 rerer,
1051 1411 1249 1508 elegi.
1284 1415 1389 1481 An
1414 1412 1553 1482 seio
1573 1469 1590 1499 ,
1625 1433 1692 1482 et
1718 1410 2186 1480 simultatibus
2211 1410 2453 1480 nostris
2477 1409 2911 1480 occasionem

822 1527 1128 1598 orbitatis
1161 1527 1486 1625 indulgeo
1518 1527 1577 1624 fl?
1599 1527 1820 1624 decipi
1849 1554 1956 1596 me
1979 1553 2115 1596 non
2141 1526 2440 1622 potuisse
2464 1526 2908 1596 manifestum

824 1663 949 1727 est3
976 1641 1159 1712 filius
1178 1668 1405 1730 meus,
1429 1668 1649 1737 quum
1677 1641 1925 1738 pariter
1949 1641 2360 1727 rediremus,
2383 1640 2638 1710 occisus
2660 1661 2777 1710 est.
2802 1644 2910 1709 An

823 1754 1221 1851 dignoscere
1266 1782 1736 1853 percussorem
1783 1776 1978 1839 nocte
2038 1780 2178 1823 non
2227 1754 2458 1849 potui,
2510 1781 2729 1849 quum
2774 1780 2914 1850 per·

821 1897 1051 1941 cussor
1067 1873 1361 1971 potuerit
1384 1872 1667 1969 eligere,
1691 1869 1964 1967 fugere?
1983 1869 2150 1965 quid
2172 1869 2648 1968 aistuvenem
2670 1896 2908 1939 meum

820 1984 993 2057 alius
1024 1988 1304 2075 occidit,
1335 2009 1399 2058 et
1425 2010 1495 2058 tu
1530 1986 1704 2056 mihi
1734 1985 2051 2055 solatium
2085 1986 2365 2055 ultionis
2400 1985 2690 2083 imples?
2716 2006 2779 2055 te
2811 2012 2912 2055 ac-

818 2126 981 2169 cuso
1004 2099 1289 2188 scilicet,
1319 2122 1391 2170 ut
1421 2099 1695 2170 interim
1727 2100 1954 2169 neseio
1983 2099 2138 2194 quis
2167 2098 2277 2167 ille
2302 2100 2619 2195 effugiat,
2651 2099 2907 2169 evadat.

820 2213 1030 2301 Quod
1063 2234 1133 2283 tu
1169 2214 1343 2282 mihi
1380 2241 1597 2309 genus
1633 2214 1883 2283 furoris
1919 2213 2247 2309 assignas,
2283 2233 2355 2281 ut
2393 2213 2677 2282 maximi
2710 2212 2909 2282 scele-

824 2327 912 2396 ris
956 2328 1125 2397 ultio
1170 2350 1401 2425 pereat
1442 2328 1622 2398 falsae
1667 2327 2112 2398 accusationis
2151 2328 2447 2398 incerto?
2481 2330 2751 2414 Homo,
2789 2327 2906 2425 qui

822 2470 936 2511 me
979 2443 1227 2513 vidisse
1273 2444 1653 2530 contendo,
1704 2472 1923 2540 quum
1972 2442 2313 2515 occideres
2359 2444 2583 2514 filium
2634 2470 2907 2531 meum,

822 2560 949 2628 nisi
985 2560 1069 2628 de
1102 2581 1162 2627 te
1188 2558 1521 2648 vindicor,
1552 2587 1691 2629 non
1723 2559 1967 2655 reliqui
1993 2558 2164 2629 mihi
2185 2617 2202 2645 ,
2231 2582 2305 2630 ut
2326 2559 2454 2630 hoc
2480 2559 2564 2630 de
2587 2559 2738 2630 aliis
2760 2578 2910 2657 pro-

822 2675 1083 2746 barem.

922 2793 1038 2859 Vl.
1070 2792 1136 2862 Ο
1160 2814 1219 2861 te
1243 2814 1423 2862 extra
1444 2819 1685 2863 omnes
1713 2792 2183 2863 humanorum
2209 2814 2565 2888 pectorum
2588 2793 2868 2863 affectus
2885 2847 2903 2880 ,

824 2903 1140 2991 inimice,
1173 2906 1584 3002 sepositum,
1623 2933 1808 2975 nunc
1841 2906 1958 3001 qui
1995 2934 2102 2975 me
2136 2929 2334 3003 putas
2365 2932 2558 3004 posse
2591 2904 2904 2976 mentiri!

822 3018 1092 3115 perdidi
1142 3020 1377 3090 infelix
1425 3020 1671 3090 illum²
1718 3020 2046 3090 cariorem
2095 3021 2516 3118 pauperibus
2554 3021 2903 3091 affectum.

822 3132 1226 3203 Succurrere
1278 3134 1453 3203 mihi
1503 3155 1736 3231 putas,
1786 3134 1974 3229 quod
2020 3133 2399 3231 aliquando
2454 3131 2910 3205 dissedimus?

822 3244 1109 3332 falleriS,
1159 3246 1534 3374 deciperis:
1584 3246 1928 3333 hominis,
1985 3248 2179 3348 cujus
2226 3248 2489 3319 occisus
2533 3269 2633 3319 est
2681 3248 2906 3335 filius,

823 3387 1004 3430 unus
1032 3360 1358 3432 inimicus
1394 3384 1512 3433 est.
1552 3362 1729 3433 Sane
1759 3362 1976 3460 possit
2006 3362 2259 3458 aliquis
2289 3364 2468 3434 hanc
2497 3363 2750 3435 doloris
2780 3363 2910 3434 dis-

823 3474 1340 3545 simulationem
1393 3477 1758 3547 mendacio
1809 3477 2103 3575 perferre
2150 3479 2556 3567 verborum;
2606 3478 2910 3576 torqueri

822 3562 1229 3660 x010:i1ihil
1265 3611 1362 3662 est
1398 3592 1606 3679 tanti,
1652 3591 1784 3661 nisi
1828 3618 2089 3662 verum.
2137 3591 2519 3662 Videlicet
2503 3613 2680 3663 mter
2717 3593 2910 3690 ignes

823 3818 1044 3883 dentes,
1082 3820 1272 3892 quibus
1315 3824 1395 3873 usi
1437 3826 1489 3873 in
1533 3824 1823 3873 tormentis.
1912 3823 2278 3896 npauperibus
2337 3824 2605 3874 affectum.
2635 3845 2657 3868 ιι
2712 3822 2910 3873 Divite·

824 3898 1040 3949 Scnutxr.
1906 3924 2039 3976 saepe
2065 3904 2277 3956 student
2307 3904 2552 3967 orbitati,
2578 3916 2634 3954 ut
2664 3901 2912 3953 honorati

902 3994 943 4027 ¹·
970 3976 1243 4051 Indulqeo·
1271 3976 1525 4047 impendo
1555 3978 1706 4048 quasi
1731 3996 1827 4048 pet·
1906 4000 1957 4036 et
2003 4000 2246 4057 potentes
2294 3988 2427 4047 sinu
2478 4001 2744 4056 pauperes
2783 4000 2910 4034 vero

824 4057 1198 4128 indulgentiam
1221 4096 1236 4122 ‚
1279 4059 1404 4111 dum
1441 4077 1566 4110 vero
1610 4078 1827 4129 percus·
1910 4067 2072 4134 magis
2110 4064 2244 4115 filios
2283 4074 2498 4128 amant,
2539 4064 2658 4133 quia
2702 4060 2771 4111 ab
2810 4060 2912 4111 iuis

823 4142 928 4190 sori
954 4159 1101 4191 suam
1128 4142 1332 4193 remitto
1352 4158 1581 4211 poenam.
1605 4141 1825 4192 Senem.
1909 4142 2124 4193 aluntur
2135 4155 2185 4193 et
2199 4140 2823 4193 sustentantur-,Affectus
2834 4152 2912 4189 est

898 4239 945 4273 2.
974 4221 1183 4272 Perdidi
1215 4221 1404 4293 infeh'x
1439 4221 1614 4273 illum.
1647 4222 1787 4291 Lego
1812 4245 1822 4274 :
1907 4241 2005 4293 pro
2024 4241 2117 4287 eo,
2134 4241 2289 4294 quem
2307 4224 2502 4274 affeetu
2521 4222 2913 4293 prosequimur.

828 4324 848 4343 s»
874 4300 1076 4350 Pordidi
1117 4300 1293 4351 infelix
1336 4300 1529 4364 filium,
1569 4304 1825 4370 cariorem
1907 4304 2122 4353 Scurn‘r.
