3200 5117
714 567 1130 634 DECLAM.
1178 565 1256 627 V.
1304 563 1582 628 AEGER
1629 562 2235 628 REDEMPTUS.
2394 587 2510 650 ¹¹7

441 714 519 765 tu
563 689 979 764 reddereris?
1024 710 1095 761 et
1137 687 1462 760 homines
1509 686 1657 786 ejus
1705 685 2187 776 immanitatis»,
2239 705 2316 758 ut
2349 713 2516 786 pos-

438 826 589 878 sent
618 805 871 878 liberos
902 829 1067 876 cum
1090 823 1286 903 patre
1317 800 1594 901 partiri,
1629 820 2021 898 paterentur
2052 826 2216 871 eum
2239 799 2371 871 sibi
2403 826 2515 873 re-

439 922 710 1019 linqui,
740 947 951 1018 quem
980 919 1363 1020 periturum
1392 944 1473 989 ex
1498 917 1629 989 hoc
1656 917 2072 1016 probabant,
2099 915 2284 1015 quod
2315 916 2518 990 illum

438 1058 632 1137 pater
671 1063 814 1108 non
848 1033 1191 1133 eligebat?
1236 1054 1498 1105 tentata
1543 1051 1644 1103 est
1673 1031 1933 1105 misera
1961 1032 2213 1130 pietas,
2253 1052 2321 1104 et
2360 1032 2516 1130 pla-

438 1150 589 1222 cuit.
629 1149 764 1222 hoc
814 1175 1094 1247 quoque
1147 1146 1308 1219 addi
1356 1144 1864 1218 calamitatibus
1901 1147 2190 1236 nostriS‚
2235 1167 2313 1217 ut
2351 1173 2519 1218 one-

440 1291 624 1338 rarer
665 1263 931 1361 pudore
968 1261 1387 1333 conditionis
1428 1280 1648 1359 partes
1697 1287 1842 1334 non
1882 1260 2245 1333 habentis:
2295 1289 2519 1359 quum

440 1379 515 1449 in
569 1376 1079 1474 comparatione
1121 1375 1270 1447 sani
1319 1401 1491 1472 aeger
1523 1374 1829 1464 offertur,
1875 1375 2030 1448 ideo
2070 1375 2520 1475 ponitur,‚ut

443 1492 753 1591 eligatur.
798 1494 1150 1590 Superest,
1195 1489 1347 1562 nisi.
1371 1488 1600 1578 fallor,
1631 1489 1937 1589 judica,
1976 1512 2092 1582 ut,
2127 1517 2349 1590 quum
2385 1491 2522 1564 sibi

443 1607 795 1705 praelatum
832 1606 1117 1678 fratrem
1150 1625 1521 1703 queratur,
1551 1605 1893 1676 aestimetis
1925 1606 2266 1678 utriffltune
2299 1606 2520 1704 magis

444 1721 765 1793 debuerit
792 1721 1267 1819 pietas-nostra
1289 1747 1699 1792 succurrere.
1724 1719 2152 1818 Estquidem
2174 1778 2194 1811 ,
2209 1721 2482 1821 judices
2499 1779 2519 1811 ‚

442 1835 767 1905 humanae
817 1833 1238 1906 infirmitatis
1277 1833 1399 1906 ista
1447 1855 1724 1922 natura,
1761 1853 1836 1922 ut
1872 1860 1951 1904 ex
1987 1834 2314 1908 omnibus
2355 1835 2519 1905 acci-

442 1950 770 2022 dentibus
819 1949 1300 2047 gravissimum
1351 1969 1545 2048 putet
1587 1949 1882 2048 quisque
1910 2006 1927 2038 ,
1975 1949 2168 2047 quod
2224 1949 2518 2048 patitur,

445 2085 510 2137 et
550 2091 772 2162 quum
813 2064 1039 2137 aliena
1081 2063 1659 2162 cogitationibu8‚
1699 2084 1928 2135 nostra
1960 2064 2193 2138 dolore
2226 2085 2525 2137 tracten-

444 2200 589 2270 tur,
633 2205 904 2252 necesse
944 2198 1042 2251 est
1081 2178 1269 2276 apud
1316 2178 1825 2277 impatientiam
1861 2204 2059 2250 suam
2097 2179 2203 2252 vel
2251 2173 2526 2251 minora

441 2294 868 2395 praevaleant.
918 2296 1245 2393 Languor
1289 2314 1392 2366 est
1436 2314 1705 2384 tamen,
1744 2294 2067 2391 languor,
2114 2295 2225 2367 cui
2278 2295 2521 2366 merito

445 2409 777 2504 cesserint·
818 2428 1079 2480 cunctae
1124 2409 1587 2500 calamitates»,
1644 2409 1723 2482 in
1762 2408 1958 2509 cujus
2007 2410 2520 2509 comparatione

444 2521 788 2621 ‘consolari-
836 2548 905 2593 se
945 2542 1165 2621 potest
1212 2549 1428 2622 genus
1469 2550 1679 2598 omne
1733 2525 2165 2598 miserorum.
2223 2526 2525 2625 Stringat

447 2636 605 2708 licet
650 2664 900 2709 manus
945 2664 1115 2709 saeva
1164 2639 1548 2738 captivitaS,
1592 2641 1946 2737 profunda‘
1990 2640 2276 2716 carceris
2326 2662 2523 2714 nocte

452 2752 764 2824 membra
801 2752 1252 2843 claudantur,
1301 2753 1499 2825 datur
1536 2775 1774 2828 tamen
1802 2756 2149 2828 colludere
2192 2770 2208 2799 ¹
2237 2755 2525 2845 catenis»,

448 2887 634 2939 artus
685 2866 1033 2942 extrahere
1078 2868 1420 2958 nexibus,
1457 2890 1525 2943 et
1553 2869 1761 2944 habet
1805 2869 2072 2965 aliquid
2116 2871 2528 2967 aequanimi*

450 2982 648 3072 tatiS,
684 3010 847 3058 cum
876 3009 1078 3081 poena
1117 3009 1242 3055 sua
1271 3010 1475 3083 posse·
1495 2982 1767 3058 rixari2.
1805 2983 2109 3055 Saeviunt
2137 3009 2352 3080 regna
2383 3004 2524 3055 tor-

449 3098 739 3187 ιῐιειιῑίε,
788 3097 972 3169 bella
1008 3098 1451 3189 vulneribus;
1498 3099 1621 3171 sed
1659 3098 1875 3170 levius
1922 3097 2135 3168 afficit
2176 3096 2526 3195 quidquid

452 3213 710 3285 viribus
743 3214 955 3286 feras:
997 3237 1065 3288 et
1104 3244 1327 3316 quum
1362 3217 1435 3289 in
1468 3216 1762 3317 plenum
1799 3216 2026 3289 adhuc
2060 3213 2088 3259 ³
2113 3216 2526 3312 sanguinem

453 3416 573 3454 cum
609 3404 896 3469 morituro,
932 3404 1258 3470 reddereris,
1291 3419 1349 3457 et
1372 3407 1448 3458 ita
1526 3405 1690 3478 paulo
1723 3417 1848 3478 post
1877 3403 2174 3457 colluctatio
2207 3401 2311 3454 hoc
2337 3420 2524 3467 sensu,

453 3480 540 3533 illa
557 3483 725 3536 Taciti
745 3485 856 3538 fere
878 3487 1142 3557 explicant
1165 3486 1445 3539 deMorib.
1530 3501 1583 3539 et
1609 3487 1750 3539 Flor.
1770 3490 1865 3552 111,
1901 3502 1993 3551 105
2013 3503 2130 3537 cum
2163 3485 2368 3537 Oceano
2396 3485 2522 3536 rixa.

451 3562 625 3614 Germ.
657 3566 837 3618 XXX:
876 3567 1130 3622 Velocitas
1148 3572 1307 3641 juxta
1327 3569 1449 3638 for-
1530 3568 1748 3620 Senum.
1785 3569 1850 3619 Et
1885 3585 2020 3637 saepe
2053 3569 2107 3618 in
2137 3565 2220 3618 his
2246 3564 2525 3618 Declama-

452 3644 700 3696 mo’dinem
724 3657 811 3697 cst.
836 3647 1004 3697 Bmm.

530 3739 572 3773 t.
614 3719 885 3775 colludere
928 3725 1134 3778 catenis.
1182 3725 1451 3780 colludere

452 3797 624 3869 (corr.
649 3798 888 3853 collidere
899 3801 1165 3874 ficamus.
1195 3803 1341 3857 Leid.
1366 3824 1446 3876 pr.

456 3878 707 3940 collidere
728 3892 948 3935 catenas.
973 3886 1064 3936 W.
1084 3888 1237 3938 Voss.
1264 3904 1367 3938 sec.
1398 3900 1451 3939 et

450 3977 534 4030 pr.
565 3977 593 4010 a
618 3977 779 4016 manu
804 3979 908 4013 sec.
939 3961 1084 4033 quod
1108 3982 1219 4015 nou
1254 3977 1448 4017 temere

450 4035 791 4107 rejiciendum
805 4075 824 4103 ‚
848 4052 907 4090 ut
930 4040 996 4091 sit
1019 4053 1289 4094 conterere
1312 4042 1449 4095 inter

451 4134 508 4168 se
536 4128 781 4182 catenas,
806 4117 965 4188 quasi
991 4117 1225 4170 tentandi
1255 4136 1414 4172 causa
1430 4158 1446 4187 ,

453 4212 519 4244 an
544 4212 787 4264 rumpere
810 4194 965 4247 detur
984 4194 1208 4248 vincula.
1232 4195 1401 4250 Bmm.

527 4292 572 4325 2.
604 4274 797 4326 nixari.
829 4277 1066 4345 sargan-i„
1096 4293 1366 4348 pugnare,
1389 4293 1448 4331 ut

1531 3646 1766 3700 tionibus
1792 3645 2010 3698 verbum
2041 3645 2202 3696 rixari
2229 3642 2335 3696 hoc
2368 3663 2527 3697 sensu

1531 3725 1781 3776 occurrit.
1793 3723 1923 3776 Vide
1941 3721 2009 3775 ad
2024 3722 2171 3776 Ded.
2187 3725 2256 3774 1v
2257 3759 2276 3787 ‚
2292 3722 2340 3774 8.
2359 3722 2524 3774 Bunu.

1601 3804 1652 3857 3.
1665 3804 1892 3856 Plenum
1903 3804 2402 3876 adhucsanquinem.
2415 3805 2528 3855 Hoc

1530 3905 1592 3938 ex
1630 3886 1969 3956 antiquorum
2010 3883 2252 3944 doctrina
2293 3882 2528 3950 dictum3

1528 3982 1650 4015 nam
1676 3975 1802 4015 tunc
1827 3961 2167 4028 credebatur,
2187 3962 2414 4013 animam
2430 3959 2530 4012 ho-

1529 4043 1683 4094 minis
1714 4043 1768 4093 in
1805 4044 2059 4111 sanguiue
2094 4040 2272 4092 sedem
2299 4038 2528 4102 habere,

1529 4121 1675 4196 quod
1702 4141 1812 4192 seq.
1844 4121 2184 4186 confirmant,
2211 4139 2400 4191 nempe
2432 4119 2530 4170 ho-

1528 4202 1656 4253 mini
1666 4199 1962 4272 pergradus
1975 4214 2037 4251 ex
2045 4199 2406 4251 imminutione
2418 4215 2534 4250 san-

1527 4281 1703 4348 guinis
1714 4277 1912 4350 aliquid
1927 4298 1989 4330 ex
2003 4280 2108 4330 vita
2123 4274 2347 4329 detrahi.
2363 4274 2452 4325 En.
