3200 5117
762 524 875 590 158
1248 519 1336 580 M.
1388 517 1635 579 FABH
1681 514 2321 597 QUINTlLlANl

1521 782 1804 802 mm
1813 774 2668 800 mwmmmmm
2678 775 2823 793 mu

750 785 1230 811 mmmmm

1331 980 2013 1052 DECLAMATIO
2067 982 2238 1050 VII.

1114 1201 1794 1299 TORME'NTA
1852 1220 2453 1297 PAUPERIS.

1461 1503 2117 1566 ARGUMENTUM.

754 1679 1043 1739 Liberum
1068 1676 1390 1735 hominem
1412 1674 1767 1754 torquerine
1791 1672 1986 1731 liceat.
2023 1674 2264 1751 Pauper
2290 1685 2349 1728 et
2372 1669 2539 1728 dives
2565 1671 2823 1728 inimici.

832 1776 1092 1856 Pauperi
1117 1787 1247 1833 erat
1272 1772 1449 1831 filius.
1481 1774 1669 1830 Nocte
1693 1768 1962 1849 quadam
1991 1789 2221 1850 pauper
2246 1789 2385 1825 cum
2412 1766 2544 1825 filio
2571 1781 2826 1824 reverte-

832 1873 1029 1932 batur.
1068 1869 1428 1930 Interfectus
1464 1882 1554 1926 est
1587 1866 1956 1925 adolescens,
1997 1865 2199 1924 Offert
2232 1886 2291 1922 se
2329 1884 2558 1944 pauper
2596 1864 2658 1918 in
2701 1877 2824 1919 tor-

834 1983 1039 2027 menta
1065 1966 1272 2026 dicens
1292 2011 1307 2040 ,
1334 1987 1369 2023 a
1398 1965 1587 2023 divite
1612 1984 1752 2022 eum
1780 1965 2236 2042 interemptum.
2263 1962 2442 2019 Dives
2467 1957 2824 2019 contradicit

836 2086 904 2124 ex
928 2065 1078 2145 lege.

1156 2265 1297 2309 PRO
1348 2262 1678 2308 PAUPERE
1727 2262 2033 2307 CONTRA
2082 2261 2439 2306 DIVITEM.

853 2441 1018 2511 CAP.
1054 2441 1105 2507 1.
1138 2437 1403 2527 Sentio,
1426 2437 1725 2536 judices,
1763 2436 2147 2535 plurimum
2179 2436 2440 2508 detrahi
2473 2436 2823 2506 calamita-

684 2583 691 2602 =
755 2552 933 2623 tibus
966 2552 1140 2622 meis
1179 2552 1637 2624 miserationis
1662 2609 1681 2642 ,
1726 2553 1911 2649 quod
1949 2552 2038 2624 ad
2072 2580 2186 2623 vos
2230 2551 2546 2624 detulisse
2594 2551 2827 2624 videor

757 2666 1061 2737 nimium
1097 2668 1344 2738 fortem
1382 2666 1733 2737 dolorem:
1784 2688 1848 2736 et
1887 2667 2280 2738 tristissimae
2322 2665 2623 2736 orbitatis
2666 2665 2825 2735 inde

756 2809 1034 2880 quoque
1063 2782 1413 2854 accessisse
1448 2782 1818 2852 novitatem
1837 2836 1855 2859 ,
1881 2781 2100 2879 quod,
2125 2808 2345 2878 quum
2369 2781 2690 2851 adversus
2715 2806 2823 2849 me

755 2916 894 2967 tam
928 2896 1155 2994 gravia
1190 2919 1255 2968 et
1291 2896 1598 2967 crudelia
1637 2894 2034 2992 deposcam,
2071 2895 2294 2994 patior
2329 2894 2661 2966 invidiam
2695 2893 2824 2963 ho-

755 3011 962 3082 minis
984 3011 1311 3109 exigentis
1336 3010 1561 3080 aliena
1584 3029 1960 3081 tormenta:
1990 3036 2130 3080 non
2159 3037 2437 3106 possum
2462 3030 2696 3080 tamen
2719 3008 2826 3078 vel

757 3127 832 3197 in
860 3127 1091 3199 nobis¹
1130 3127 1505 3224 approbare
1533 3126 1704 3222 quid
1736 3126 1987 3223 patiar,
2018 3127 2204 3223 quod
2233 3126 2402 3196 mihi
2431 3152 2572 3196 non
2599 3147 2696 3198 est
2719 3153 2826 3196 re-

755 3239 915 3311 licta
936 3241 1163 3311 miseri
1188 3240 1397 3338 patris
1419 3240 1807 3310 infirmitas.
1831 3243 2302 3313 percussorem
2331 3240 2451 3311 filii
2481 3242 2618 3311 mei
2649 3241 2823 3331 vidi,

757 3375 829 3424 et
860 3355 1168 3424 miserior
1197 3380 1385 3443 sum,
1418 3380 1629 3449 quam
1661 3353 1715 3423 si
1748 3355 2081 3425 nescirem
2113 3357 2266 3453 quis
2297 3355 2681 3426 occidisset:
2720 3356 2824 3426 fa—

834 3587 877 3621 i.
910 3569 1009 3623 Vel
1038 3570 1092 3620 ἰη
1124 3571 1282 3622 nobis.
1317 3573 1384 3621 In
1418 3571 1567 3622 vobis.
1605 3569 1751 3622 Leid.

757 3668 836 3718 pr.
879 3659 1083 3714 tamen,
1117 3658 1174 3699 ut
1204 3648 1357 3699 velim
1377 3687 1393 3714 ,
1429 3650 1592 3713 υοὺίς,
1624 3649 1750 3701 Obr.

755 3728 835 3781 Cl.
851 3728 1049 3781 Schuit.
1076 3729 1314 3792 volebat,
1338 3729 1421 3780 vel
1443 3732 1564 3781 inde
1587 3730 1748 3782 vobis·

759 3809 905 3880 quod
920 3809 1118 3879 placet,
1142 3812 1240 3862 nisi
1259 3811 1436 3874 malis,
1458 3811 1578 3863 hinc
1598 3814 1753 3864 vobis.

757 3889 881 3940 Non
919 3901 1091 3959 potest
1127 3909 1187 3942 ex
1224 3891 1554 3956 infirmitate,
1595 3912 1755 3964 quam

758 3982 907 4041 pater
944 3970 1157 4023 deberet
1192 3990 1254 4024 ex
1286 3972 1473 4026 dolore
1515 3986 1568 4026 et
1606 3978 1752 4044 aegri-

758 4048 939 4101 tudine
967 4053 1160 4103 sentire
1192 4066 1246 4103 et
1275 4052 1581 4118 ostendere,
1607 4053 1720 4104 aliis
1737 4091 1753 4119 ‚

760 4142 819 4179 ut
834 4127 1102 4197 judicibus
1118 4167 1134 4194 ‚
1163 4130 1459 4202 approbare
1483 4133 1754 4183 veritatem

756 4225 956 4270 causae,
986 4221 1036 4261 et
1062 4208 1188 4277 quid
1210 4211 1440 4279 patiatur
1465 4209 1534 4262 ob
1560 4209 1752 4263 caedem

1834 3571 1924 3624 filii
1970 3573 2038 3624 ab
2081 3575 2292 3625 inimico
2339 3574 2496 3626 divite
2542 3587 2826 3644 peractam.

1833 3652 2134 3723 Appmbare
2156 3652 2242 3703 hic
2269 3655 2498 3722 ponitur,
2527 3671 2626 3722 pro
2653 3666 2828 3704 osten-

1833 3732 1954 3783 dere
1972 3746 2023 3784 et
2039 3733 2352 3803 persuadere
2370 3734 2511 3796 aliis;
2532 3747 2589 3785 ut
2607 3737 2674 3785 ita
2694 3751 2827 3804 saepe

1833 3813 1973 3864 Suet.
1999 3815 2164 3865 Tacit.
2188 3816 2369 3866 Senec.
2397 3827 2448 3866 et
2472 3813 2576 3866 alii.
2599 3814 2735 3866 Flor.
2755 3815 2828 3880 11,

1837 3911 1864 3944 2
1885 3914 1896 3942 ε
1925 3915 1947 3938 α
1968 3894 2199 3964 Negatus
2215 3908 2292 3947 est
2309 3897 2488 3948 victori
2503 3895 2828 3966 triumphus,

1839 3996 1861 4020 α
1882 3977 2003 4044 quia
2032 3994 2242 4029 causam
2272 3976 2396 4029 beni
2424 3995 2532 4029 non
2562 3975 2826 4048 approba-

1839 4075 1860 4098 «
1879 4055 1981 4105 vit:
2007 4079 2028 4104 n
2057 4057 2224 4106 nimir.
2253 4058 2473 4107 senatui.
2509 4056 2590 4108 sic
2616 4072 2827 4127 quoque

1833 4133 2179 4185 conductores
2206 4152 2342 4204 opus
2368 4154 2523 4186 suum
2545 4136 2828 4207 approbare

1833 4210 2153 4264 lecatoribus
2178 4211 2438 4264 dicuntur.
