3200 5117
783 539 858 615 ¹4
1267 532 1360 595 M.
1409 530 1655 595 FABII
1704 528 2334 613 QUINTILIANI

774 659 1010 729 Caecus
1050 651 1331 724 occidit?
1358 654 1458 722 Te
1486 679 1675 739 vero,
1710 651 1764 721 si
1795 650 1965 721 nihil
1991 650 2211 737 aliud,
2245 650 2469 720 calens
2495 648 2609 720 ille
2638 675 2840 720 cruor

773 769 1070 865 denique
1096 768 1489 839 suscitasset.
1515 767 1652 837 Sed
1676 792 1890 863 quam
1920 764 2276 835 manifesta
2300 785 2397 834 est
2420 763 2838 835 conscientia

776 911 926 982 quae
960 906 1023 955 te
1056 883 1141 954 ad
1160 883 1337 953 hanc
1356 879 1712 978 compellit
1743 879 2211 950 necessitatem
2233 935 2251 967 ,
2298 890 2371 949 u't
2403 906 2626 977 quum
2656 878 2838 969 occi-

776 1023 933 1068 sum
968 1025 1009 1067 a
1039 995 1347 1093 privigno
1386 1014 1506 1063 tuo
1541 1013 1807 1090 patrem
1837 992 2046 1062 videri
2081 991 2277 1079 velis,
2327 991 2583 1089 cogaris
2616 991 2838 1061 dicere

778 1112 947 1183 nihil
962 1107 1890 1196 sensissePSuffici13vicimuS,
1905 1107 2300 1176 innocentes
2312 1133 2387 1176 su
2399 1133 2465 1176 m
2477 1133 2575 1177 ιιε.
2592 1106 2837 1196 Quum

777 1224 849 1296 in
867 1226 1109 1295 eodem
1128 1223 1374 1294 lectulo
1397 1221 1629 1310 fueris,
1648 1248 1866 1318 quum
1886 1222 2198 1318 amplexa
2222 1221 2308 1291 sis
2332 1220 2610 1291 forsitan
2638 1217 2838 1288 illurn

776 1338 899 1436 qui
936 1339 1202 1410 occisus
1241 1358 1367 1428 est,
1413 1357 1550 1408 tam
1593 1336 2072 1408 incredibilem
2117 1336 2449 1433 profiteris
2487 1332 2842 1432 soporem?

781 1455 926 1525 Cur
960 1480 1083 1550 ego
1115 1475 1188 1524 tu
1224 1453 1585 1524 incolumis
1621 1451 1726 1523 es?
1754 1477 1906 1549 quae
1939 1472 2078 1522 tam
2111 1453 2294 1522 iratis
2329 1450 2651 1521 manibus
2677 1477 2842 1521 san-

782 1570 1069 1668 guinem
1097 1589 1297 1641 tuum
1318 1569 1596 1639 fortuna
1617 1567 1976 1638 subtraxit?
1994 1569 2190 1638 Certe
2217 1565 2605 1638 dormiebas
2621 1623 2638 1654 ,
2663 1587 2842 1637 certe

782 1680 963 1752 nihil
988 1706 1283 1752 senseras
1309 1708 1321 1750 :
1356 1681 1451 1751 ita
1475 1680 1828 1779 privignus
1852 1701 1915 1751 te
1943 1680 2244 1779 reliquit,
2270 1680 2392 1778 qui
2417 1678 2840 1778 deprehendi

782 1819 924 1865 non
964 1791 1283 1864 timebat?

879 1908 964 1977 X.
1001 1907 1275 1978 Occidit
1301 1933 1459 2000 ergo
1483 1906 1730 2003 aliquis
1757 1927 2020 2004 patrem
2040 1963 2056 1994 ,
2092 1928 2155 1977 et
2181 1931 2479 1977 novercae
2506 1905 2848 2004 pepercit?

782 2023 1170 2095 Maximum
1210 2023 1527 2091 omnium
1569 2022 1758 2092 nefas
1794 2022 2050 2092 fortiter
2080 2022 2278 2109 fecit,
2321 2021 2574 2092 minori
2606 2019 2843 2091 sceleri

783 2137 1007 2208 statim
1043 2163 1165 2234 par
1192 2161 1331 2206 non
1365 2135 1532 2207 fuit?
1572 2137 1836 2208 Omnia
1880 2137 2189 2208 humana
2226 2163 2413 2207 sacra
2437 2151 2451 2180 ¹
2499 2136 2846 2224 confudit,

783 2250 1036 2321 violare
1068 2274 1207 2320 non
1235 2270 1333 2320 est
1354 2276 1559 2321 ausus
1585 2272 1817 2347 pectus
1846 2251 2165 2322 odiorum
2183 2251 2250 2321 Ῥ
2280 2250 2688 2321 Incredibile
2718 2270 2845 2337 est,

786 2363 931 2434 sine
954 2363 1089 2433 fide
1110 2382 1237 2450 est,
1259 2389 1399 2433 non
1422 2363 1728 2434 occidere
1749 2391 2106 2435 novercam
2125 2423 2143 2455 ,
2172 2366 2281 2436 cui
2304 2366 2627 2462 imputes,
2655 2364 2844 2461 quod

788 2498 1050 2576 patrem
1083 2477 1367 2547 occidat.
1400 2476 1590 2567 Quid
1621 2478 1750 2566 ais,
1782 2479 2211 2549 adolescens?
2240 2501 2404 2549 tune
2439 2479 2613 2548 circa
2643 2476 2844 2548 illum

787 2591 1200 2688 sanguinem
1249 2591 1585 2663 defecisti?
1631 2592 1756 2663 Illa
1800 2615 1861 2663 te
1908 2593 2228 2663 blandius
2280 2591 2532 2689 rogavit
2576 2590 2849 2660 anima?

789 2703 1192 2803 perdidisti³
1223 2732 1410 2799 ergo,
1447 2707 1653 2795 illud,
1688 2709 1875 2804 quod
1901 2707 2078 2778 nihil
2109 2729 2438 2796 senserat,
2466 2705 2650 2804 quod
2679 2731 2846 2794 nox,

790 2818 975 2915 quod
1011 2817 1395 2908 silentium,
1438 2820 1624 2916 quod
1661 2841 1934 2917 tempus
1961 2841 2338 2917 supererat,
2378 2820 2644 2891 sceleris
2673 2818 2846 2889 alte-

789 2932 970 3006 rius?
998 2935 1107 3005 Tu
1141 2933 1195 3005 s'i
1227 2936 1443 3005 facere
1473 2934 1918 3031 parricidium
1948 2962 2202 3031 posses3
2233 2936 2388 3006 ideo
2415 2956 2674 3032 patrem
2697 2955 2849 3004 tan-

747 3113 757 3124 .
786 3069 938 3119 tum
958 3048 1340 3134 occidisses,
1378 3046 1599 3118 uttibi
1622 3070 1687 3118 et
1706 3075 2062 3119 novercam
2085 3048 2312 3119 liceret
2331 3049 2661 3120 occidere.
2690 3049 2842 3118 Non

788 3161 987 3236 video
1017 3187 1171 3248 cur,
1202 3161 1332 3232 nisi
1360 3160 1572 3231 videri
1601 3161 1769 3232 velit
1789 3161 2091 3232 relictam
2116 3162 2477 3232 mulierem
2512 3161 2667 3231 ideo
2691 3181 2847 3231 tan-

790 3295 973 3363 tum,
1006 3295 1083 3346 ut
1111 3274 1452 3346 videretur
1482 3271 1653 3343 illud
1689 3274 1877 3344 nefas
1911 3273 2028 3343 illa
2060 3276 2335 3345 fecisse:
2374 3271 2619 3345 callide
2653 3275 2813 3345 satis
2826 3304 2844 3362 3

792 3391 910 3461 sed
934 3389 1065 3461 hoc
1085 3387 1219 3460 alio
1248 3389 1557 3487 protinus
1581 3411 1991 3484 argumento
2019 3389 2534 3460 subverteretur.
2565 3392 2720 3460 Non
2753 3408 2853 3460 est

792 3504 1103 3604 ejusdem
1133 3504 1400 3574 consilii
1437 3528 1740 3574 novercae
1773 3529 2082 3601 parcere,
2130 3523 2202 3574 ut
2238 3504 2595 3575 substituat
2627 3528 2851 3591 ream,

792 3655 877 3721 di,
910 3674 1074 3725 quum
1104 3673 1212 3706 rem
1242 3653 1386 3706 haud
1421 3653 1634 3706 dubiam
1669 3672 1782 3708 esse
1934 3671 1980 3705 2.
2011 3655 2277 3721 Odiorum.
2310 3657 2388 3705 An
2417 3655 2685 3706 odiosam?
2707 3655 2850 3710 Pass.

794 3732 1084 3803 significare
1107 3733 1245 3795 vult;
1271 3746 1330 3785 ut
1351 3752 1467 3805 sup.
1497 3753 1544 3785 c.
1572 3751 1629 3803 7:
1661 3755 1684 3779 ι
1704 3736 1782 3785 lta
1861 3738 2007 3787 Prius
2030 3739 2212 3787 nititur
2235 3736 2407 3787 multis
2431 3734 2703 3805 exemplis:
2727 3733 2852 3786 Seu.

801 3835 826 3857 ιι
843 3832 950 3865 non
974 3815 1071 3866 iste
1095 3814 1192 3866 sibi
1215 3813 1367 3880 dixit,
1391 3828 1489 3867 etc.
1512 3805 1535 3862 s·
1859 3816 1999 3867 Med.
2022 3818 2142 3885 396.
2176 3816 2398 3867 oeVultus
2418 3819 2603 3867 furoris
2624 3834 2799 3866 cerno.
2823 3839 2847 3862 ιι

873 3908 914 3942 1.
946 3892 1133 3944 omnia
1165 3892 1393 3944 humana
1422 3910 1578 3946 sacra.
1612 3892 1781 3962 Quid·
1930 3895 1980 3946 3.
2013 3895 2297 3946 Perdidisti.
2327 3894 2526 3945 Eodem
2557 3911 2711 3945 sensu
2743 3911 2854 3965 quo

796 3968 921 4041 quid
952 3971 1089 4021 inter
1116 3971 1362 4023 mortales
1396 3990 1599 4024 sacrum
1627 3984 1704 4023 est
1730 3984 1785 4024 et
1841 3974 2121 4038 -amc'ttere,
2150 3991 2264 4024 voc.
2300 3972 2509 4044 perdere
2539 3972 2852 4042 singu-larem

796 4047 1110 4114 inviolabile,
1123 4051 1224 4101 sive
1240 4064 1477 4121 respectu
1489 4049 1780 4115 hominum,
1860 4051 1914 4100 iu
1939 4050 2151 4100 modum
2175 4050 2296 4101 huic
2320 4050 2498 4102 seculo
2525 4069 2622 4120 per
2646 4063 2854 4119 tempo·

797 4127 901 4177 sive
921 4127 1163 4193 deorum,
1193 4146 1419 4199 quorum
1434 4130 1606 4198 imago
1623 4123 1673 4179 iu
1690 4141 1786 4180 ter·
1862 4128 1932 4178 ris
1953 4146 2283 4198 processum,
2296 4128 2518 4195 videtur,
2530 4125 2611 4179 &ix
2632 4127 2857 4198 Augusti

797 4207 868 4258 ris
892 4223 1081 4278 parens
1101 4219 1194 4259 est.
1217 4207 1309 4258 En.
1348 4231 1357 4236 ·
1835 4220 2194 4260 svo-notum.
2386 4223 2392 4229 ·
