3200 5117
720 560 834 626 192
1221 539 1311 603 M.
1362 539 1606 602 FAssn
1653 534 2286 620 QUINTILIAM

710 662 842 749 hit,
873 662 943 732 in
975 688 1224 761 corpus
1254 683 1571 734 emanat:
1617 662 1780 732 inde
1807 662 2063 760 pallor,
2098 660 2259 733 inde
2292 659 2578 747 macieS,
2607 660 2799 757 quod

708 779 795 848 ad
838 778 1235 849 interiorem
1294 778 1605 848 dolorem
1651 778 2080 874 superposita
2124 776 2586 846 consentiunt.
2639 778 2798 845 Non

713 892 1023 983 invenio,
1054 921 1174 963 cur
1212 893 1577 965 hominem
1613 891 2016 962 vulneribus
2052 889 2404 988 exquiras,
2435 916 2559 960 cur
2589 915 2802 959 reme-

710 1006 825 1076 dia
848 1034 1128 1105 quoque
1154 1006 1474 1078 vitalibus
1501 1034 1623 1105 per
1652 1033 1900 1105 corpus
1930 1006 2296 1093 immittas,
2323 1026 2389 1076 et
2420 1006 2490 1075 in
2519 1004 2802 1076 latentes

714 1146 977 1193 meatus
1000 1152 1123 1220 per
1143 1124 1284 1194 haec
1303 1182 1321 1212 ,
1349 1124 1606 1221 quibus
1628 1124 1964 1225 tegimur,
1994 1122 2340 1194 medicina
2370 1137 2386 1165 ¹
2406 1121 2797 1193 descendat.

711 1240 856 1308 Cur
889 1264 1049 1335 ergo
1086 1265 1227 1309 non
1264 1238 1509 1308 eadem
1543 1238 1805 1308 ratione
1835 1237 2132 1335 languor
2159 1236 2466 1308 admittit
2498 1235 2804 1307 intellec-

713 1374 860 1422 tum
899 1355 1044 1441 sui,
1079 1381 1217 1450 qua
1244 1353 1604 1425 sanitatem
1639 1354 1950 1451 prodit2?
1979 1353 2246 1423 abditos
2282 1352 2803 1451 profundosque

716 1467 1029 1555 morboS,
1074 1489 1195 1537 aut
1238 1468 1500 1539 citatior
1542 1468 1755 1538 clausi
1790 1467 2146 1563 sanguinis
2181 1494 2450 1554 cursuS,
2495 1487 2615 1537 aut
2654 1493 2803 1537 cre-

714 1584 897 1653 brior
928 1585 1273 1655 anhelitus
1307 1584 1680 1656 laborantis
1717 1586 1968 1656 animae
2004 1584 2282 1655 indicat.
2320 1584 2544 1655 Crede
2584 1583 2670 1655 de
2699 1583 2804 1655 his

716 1721 874 1768 ante
913 1698 1152 1769 omnia
1190 1700 1536 1788 sensibus,
1583 1700 1799 1770 oculis
1839 1700 2005 1786 tuis3
2052 1721 2120 1769 et
2162 1699 2380 1797 ipsos,
2424 1698 2510 1768 de
2550 1697 2806 1794 quibus

712 1814 970 1911 agitur,
1004 1817 1211 1886 modo
1237 1816 1583 1912 singulos»,
1622 1817 1833 1887 modo
1854 1815 2108 1913 pariter
2131 1815 2515 1912 interroga,
2552 1814 2661 1885 cui
2689 1839 2808 1911 po-

717 1930 1057 2003 tissimum
1107 1932 1279 2030 parti
1339 1959 1540 2031 grave
1583 1933 1801 2003 tacitae
1858 1933 2060 2030 pestis
2105 1932 2381 2029 pondus
2435 1930 2804 2018 insederit,

720 2047 903 2117 uude
949 2070 1357 2146 prorumpat
1396 2050 1463 2119 in
1508 2048 1806 2145 gemitus
1841 2048 2153 2117 conscius
2201 2047 2414 2118 dolor.
2454 2045 2803 2135 MedicuS,

714 2164 833 2260 qui
870 2191 992 2261 per
1025 2164 1169 2235 haec
1205 2192 1349 2235 non
1388 2186 1606 2262 potest
1636 2164 1938 2234 invenire
1969 2163 2417 2261 languorem,
2449 2190 2592 2235 non
2623 2163 2807 2235 inve-

714 2277 823 2347 nit
852 2305 979 2348 nec
1011 2280 1422 2349 remedium.

812 2393 1031 2461 XVll.
1070 2393 1264 2480 Quid
1295 2392 1390 2464 si3
1422 2394 1692 2492 aliquid
1722 2417 1960 2466 sanato
1992 2395 2341 2467 medicina
2370 2415 2590 2493 potest
2627 2419 2808 2491 prae-

716 2527 889 2577 stare
908 2507 1212 2597 rationiS,
1239 2510 1515 2598 suffic-it,
1538 2510 1728 2608 quod
1746 2512 2124 2609 aliquando
2134 2512 2284 2611 jam
2309 2514 2485 2581 facta
2506 2536 2584 2580 ex
2603 2508 2811 2580 unius

720 2620 1022 2691 hominis
1059 2622 1520 2720 inspectione,
1554 2627 1642 2696 ad
1674 2625 1875 2696 totius
1909 2625 2338 2696 intellectum
2376 2644 2635 2694 naturae
2671 2648 2811 2693 me·

636 2780 645 2786 -
718 2735 948 2806 dicina
990 2738 1318 2833 profecit?
1352 2739 1545 2827 Quid
1589 2741 1927 2812 allaturus
1966 2741 2128 2811 huic
2169 2761 2420 2837 aegroto
2464 2766 2570 2825 es,
2616 2736 2806 2837 quod

719 2877 858 2920 non
904 2870 1004 2922 tot
1036 2851 1428 2925 seculorum
1451 2909 1469 2941 ,
1505 2875 1606 2926 tot
1640 2856 2130 2951 languentium
2170 2855 2641 2952 experimenta
2677 2852 2806 2922 de-

718 2965 1248 3061 prehenderint?
1295 2970 1390 3038 vis
1434 2990 1505 3040 tu
1557 2971 1781 3067 potius
1825 2970 1955 3040 hac
2001 2969 2320 3058 audacia,
2366 2994 2505 3067 qua
2549 2986 2804 3076 secreta

793 3162 833 3196 1.
851 3148 1149 3200 Descendat.
1166 3148 1449 3201 Discimlat.
1470 3148 1612 3199 Laid.
1634 3168 1712 3220 pr.

712 3227 804 3278 sed
824 3229 1012 3279 frustra
1032 3251 1047 3278 .·
1074 3249 1181 3281 non
1204 3232 1341 3281 enim
1361 3232 1614 3281 rationem
1638 3233 1715 3281 in·

712 3311 850 3359 venit
873 3348 889 3371 ,
932 3329 1029 3361 cur
1072 3311 1300 3362 remedia
1344 3312 1576 3362 crudelia
1620 3331 1715 3382 per

636 3434 647 3445 ,
714 3407 934 3458 corpus,
960 3387 1011 3437 id
1037 3402 1140 3449 est,
1166 3408 1260 3457 per
1285 3403 1464 3459 aperta
1489 3389 1716 3440 vulneri-

714 3465 812 3517 bus
834 3466 1092 3529 membra,
1108 3466 1352 3517 vitalibus
1371 3468 1618 3519 immittas
1632 3507 1648 3531 ,
1666 3481 1717 3519 et

714 3561 808 3593 cur
837 3543 1098 3594 medicum
1128 3563 1224 3613 per
1252 3544 1392 3608 haec,
1420 3545 1611 3615 quibus
1637 3548 1717 3595 vi-

713 3621 833 3671 talia
862 3633 1128 3689 teguntur,
1153 3621 1438 3673 descendat
1461 3625 1514 3673 in
1542 3623 1714 3674 laten-

715 3714 790 3751 tes
821 3716 1054 3752 meatus:
1093 3701 1317 3773 ideoque
1345 3703 1472 3753 nihil
1504 3719 1716 3756 mutan-

712 3781 858 3832 dum.
886 3785 1054 3833 Bonna.

787 3881 811 3914 2
823 3903 833 3913 .
851 3864 964 3932 Qua
978 3866 1252 3916 sanitatem
1265 3865 1455 3935 prodit.
1471 3867 1591 3916 Non
1606 3864 1714 3917 haec

710 3964 838 3997 tana
866 3960 1003 3998 sunt.
1032 3946 1235 4018 Nempe
1259 3965 1367 3999 non
1394 3961 1546 4018 potes
1571 3949 1718 3999 intel-

712 4026 872 4093 ligere
889 4065 904 4093 ,
930 4029 1080 4098 quasi
1112 4027 1338 4100 lanquor
1359 4029 1720 4101 manifestave-

1797 3150 1993 3220 pariter
2020 3148 2208 3220 prodi,
2240 3167 2352 3219 qua·
2378 3150 2698 3199 extrinsecus
2723 3147 2804 3197 in-

1795 3233 1973 3283 dicant
2017 3232 2159 3303 quali
2206 3245 2343 3283 statu
2386 3232 2490 3282 sint
2527 3231 2798 3280 interiores

1796 3314 2034 3383 corporis
2063 3326 2256 3383 parteS.
2283 3313 2376 3361 En.

1868 3395 1919 3444 3.
1950 3394 2086 3462 Quid
2109 3394 2166 3444 si.
2198 3395 2478 3462 Legerem:
2512 3413 2532 3435 ι
2555 3387 2730 3454 Quid,
2760 3388 2804 3439 si

1802 3499 1824 3521 ι
1847 3475 2044 3545 aliquid
2068 3475 2172 3526 boc
2199 3488 2384 3526 sanato
2413 3471 2672 3523 medicina
2704 3487 2804 3540 po-

1803 3578 1823 3599 u
1846 3566 1946 3604 test
1961 3568 2203 3623 prestare
2221 3554 2431 3614 rationi,
2444 3547 2806 3620 sufficit,quod

1801 3655 1823 3678 κ
1845 3632 2132 3701 aliquando
2155 3633 2299 3683 facta
2325 3634 2439 3682 est?
2465 3648 2531 3680 an
2559 3648 2620 3679 ex
2647 3628 2801 3679 unius

1801 3737 1821 3757 a
1845 3712 2071 3763 hominis
2097 3715 2196 3764 ins.
2224 3733 2272 3764 a.
2298 3727 2335 3763 t.
2363 3714 2433 3761 in.
2458 3729 2510 3761 n.
2533 3731 2601 3762 m.
2623 3709 2805 3782 profe-

1802 3818 1823 3838 «
1846 3794 1948 3844 cit?
1968 3816 1989 3839 ιο
2020 3795 2071 3845 Si
2095 3793 2199 3845 hoc
2222 3810 2359 3864 aegro
2390 3805 2578 3847 sanato
2603 3789 2804 3862 aliquid

1795 3884 1972 3943 potest
2015 3887 2261 3943 praestare
2280 3910 2295 3936 ,
2337 3884 2398 3923 ut
2432 3874 2668 3941 jactant,
2712 3870 2809 3940 qui

1797 3952 2169 4023 experientiam
2191 3950 2492 4015 venditant,
2516 3968 2583 4001 an
2609 3949 2806 4001 sufficit

1798 4028 1902 4080 hoc
1931 4030 2153 4094 rationi,
2182 4030 2323 4081 illam
2353 4028 2667 4080 medicinam
2689 4045 2806 4079 esse

712 4111 780 4160 rit
798 4110 1067 4159 sanitatem
1082 4149 1099 4175 ,
1125 4110 1269 4181 quod
1298 4110 1583 4163 absurdum
1605 4125 1710 4163 est:

712 4189 886 4240 malim
908 4189 1065 4258 igitur
1087 4186 1260 4268 legere
1279 4206 1425 4260 qua-,-
1452 4202 1509 4240 ut
1529 4209 1714 4241 sensus

713 4272 808 4337 σὴς
836 4271 1141 4341 languorem
1170 4284 1221 4322 et
1250 4273 1526 4323 sanitatem
1555 4271 1715 4340 signis

1794 4110 2023 4176 bonam,
2051 4112 2173 4181 quia
2203 4111 2360 4163 semel
2390 4112 2530 4162 facta
2560 4110 2677 4161 est?
2697 4120 2798 4158 etc.

1794 4194 1848 4244 in
1867 4191 2277 4245 rationisultima
2294 4192 2465 4244 littera
2478 4210 2540 4245 ex
2560 4188 2804 4262 sequenti

1797 4267 1993 4343 ”afficit
2016 4270 2317 4323 adhaeserat.
