<?xml version="1.0" encoding="UTF-8"?>
<!DOCTYPE html PUBLIC "-//W3C//DTD XHTML 1.0 Transitional//EN"
    "http://www.w3.org/TR/xhtml1/DTD/xhtml1-transitional.dtd">
<html xmlns="http://www.w3.org/1999/xhtml" xml:lang="en" lang="en">
 <head>
  <title>
</title>
<meta http-equiv="Content-Type" content="text/html;charset=utf-8" />
  <meta name='ocr-system' content='tesseract 3.04.00' />
  <meta name='ocr-capabilities' content='ocr_page ocr_carea ocr_par ocr_line ocrx_word'/>
</head>
<body>
  <div class='ocr_page' id='page_1' title='image "./deinstitutioneo01flacgoog_0189.png"; bbox 0 0 3200 5117; ppageno 0'>
   <div class='ocr_carea' id='block_1_1' title="bbox 638 575 2426 662">
    <p class='ocr_par' dir='ltr' id='par_1_1' title="bbox 638 575 2426 662">
     <span class='ocr_line' id='line_1_1' title="bbox 638 575 2426 662; baseline 0 -17"><span class='ocrx_word' id='word_1_1' title='bbox 638 579 905 645; x_wconf 87' lang='lat' dir='ltr'>DECL.</span> <span class='ocrx_word' id='word_1_2' title='bbox 954 578 1076 642; x_wconf 84' lang='lat' dir='ltr'><strong>v1.</strong></span> <span class='ocrx_word' id='word_1_3' title='bbox 1125 575 1604 643; x_wconf 87' lang='lat' dir='ltr'>CORPORIS</span> <span class='ocrx_word' id='word_1_4' title='bbox 1650 577 2138 644; x_wconf 84' lang='lat' dir='ltr'>PROJECTI.</span> <span class='ocrx_word' id='word_1_5' title='bbox 2311 581 2426 662; x_wconf 75' lang='lat'><strong>145</strong></span> 
     </span>
    </p>
   </div>
   <div class='ocr_carea' id='block_1_2' title="bbox 341 695 2524 3555">
    <p class='ocr_par' dir='ltr' id='par_1_2' title="bbox 341 695 2524 3555">
     <span class='ocr_line' id='line_1_2' title="bbox 355 695 2432 806; baseline -0.001 -30"><span class='ocrx_word' id='word_1_6' title='bbox 355 695 565 776; x_wconf 78' lang='lat' dir='ltr'><strong>semel</strong></span> <span class='ocrx_word' id='word_1_7' title='bbox 611 702 1000 804; x_wconf 85' lang='lat' dir='ltr'><strong>apparuerit</strong></span> <span class='ocrx_word' id='word_1_8' title='bbox 1045 721 1270 800; x_wconf 91' lang='lat' dir='ltr'><strong>patere</strong></span> <span class='ocrx_word' id='word_1_9' title='bbox 1321 700 1396 771; x_wconf 89' lang='lat' dir='ltr'><strong>in</strong></span> <span class='ocrx_word' id='word_1_10' title='bbox 1441 699 1785 801; x_wconf 87' lang='lat' dir='ltr'><strong>ejusmodi</strong></span> <span class='ocrx_word' id='word_1_11' title='bbox 1823 702 2042 773; x_wconf 87' lang='lat' dir='ltr'><strong>causis</strong></span> <span class='ocrx_word' id='word_1_12' title='bbox 2091 702 2432 806; x_wconf 82' lang='lat' dir='ltr'><strong>defensio-</strong></span> 
     </span>
     <span class='ocr_line' id='line_1_3' title="bbox 356 814 2427 917; baseline 0 -27"><span class='ocrx_word' id='word_1_13' title='bbox 356 845 519 891; x_wconf 87' lang='lat' dir='ltr'><strong>nem</strong></span> <span class='ocrx_word' id='word_1_14' title='bbox 538 853 562 907; x_wconf 92' lang='lat'><strong>,·</strong></span> <span class='ocrx_word' id='word_1_15' title='bbox 583 838 816 916; x_wconf 89' lang='lat' dir='ltr'><strong>potero</strong></span> <span class='ocrx_word' id='word_1_16' title='bbox 846 816 1048 917; x_wconf 89' lang='lat' dir='ltr'><strong>plane</strong></span> <span class='ocrx_word' id='word_1_17' title='bbox 1083 842 1226 888; x_wconf 87' lang='lat' dir='ltr'><strong>esse</strong></span> <span class='ocrx_word' id='word_1_18' title='bbox 1264 841 1574 886; x_wconf 87' lang='lat' dir='ltr'><strong>securus:</strong></span> <span class='ocrx_word' id='word_1_19' title='bbox 1605 841 1736 892; x_wconf 86' lang='lat' dir='ltr'><strong>nec</strong></span> <span class='ocrx_word' id='word_1_20' title='bbox 1768 814 2058 905; x_wconf 82' lang='lat' dir='ltr'><strong>timebo,</strong></span> <span class='ocrx_word' id='word_1_21' title='bbox 2089 844 2178 889; x_wconf 92' lang='lat' dir='ltr'><strong>ne</strong></span> <span class='ocrx_word' id='word_1_22' title='bbox 2208 820 2427 890; x_wconf 88' lang='lat' dir='ltr'><strong>teneri</strong></span> 
     </span>
     <span class='ocr_line' id='line_1_4' title="bbox 352 931 2427 1029; baseline 0 -25"><span class='ocrx_word' id='word_1_23' title='bbox 352 932 668 1006; x_wconf 82' lang='lat' dir='ltr'><strong>videatur</strong></span> <span class='ocrx_word' id='word_1_24' title='bbox 690 932 872 1004; x_wconf 83' lang='lat' dir='ltr'><strong>filius</strong></span> <span class='ocrx_word' id='word_1_25' title='bbox 891 958 1091 1003; x_wconf 89' lang='lat' dir='ltr'><strong>meus</strong></span> <span class='ocrx_word' id='word_1_26' title='bbox 1109 932 1185 1019; x_wconf 90' lang='lat' dir='ltr'><strong>,si</strong></span> <span class='ocrx_word' id='word_1_27' title='bbox 1211 957 1353 1002; x_wconf 87' lang='lat' dir='ltr'><strong>non</strong></span> <span class='ocrx_word' id='word_1_28' title='bbox 1369 931 1593 1029; x_wconf 88' lang='lat' dir='ltr'><strong>potuit</strong></span> <span class='ocrx_word' id='word_1_29' title='bbox 1612 931 1943 1003; x_wconf 88' lang='lat' dir='ltr'><strong>omnibus</strong></span> <span class='ocrx_word' id='word_1_30' title='bbox 1966 945 1982 976; x_wconf 87' lang='lat'><strong>¹</strong></span> <span class='ocrx_word' id='word_1_31' title='bbox 2002 958 2427 1024; x_wconf 81' lang='lat' dir='ltr'>succurrere,</span> 
     </span>
     <span class='ocr_line' id='line_1_5' title="bbox 355 1045 2430 1146; baseline -0 -26"><span class='ocrx_word' id='word_1_32' title='bbox 355 1048 524 1120; x_wconf 89' lang='lat' dir='ltr'><strong>dum</strong></span> <span class='ocrx_word' id='word_1_33' title='bbox 555 1049 629 1119; x_wconf 90' lang='lat' dir='ltr'><strong>in</strong></span> <span class='ocrx_word' id='word_1_34' title='bbox 659 1049 806 1146; x_wconf 89' lang='lat' dir='ltr'><strong>ipsa</strong></span> <span class='ocrx_word' id='word_1_35' title='bbox 827 1047 978 1145; x_wconf 78' lang='lat' dir='ltr'><strong>lege</strong></span> <span class='ocrx_word' id='word_1_36' title='bbox 1007 1066 1374 1144; x_wconf 89' lang='lat' dir='ltr'><strong>occupatus</strong></span> <span class='ocrx_word' id='word_1_37' title='bbox 1403 1065 1521 1115; x_wconf 90' lang='lat' dir='ltr'><strong>est.</strong></span> <span class='ocrx_word' id='word_1_38' title='bbox 1557 1047 1755 1116; x_wconf 91' lang='lat' dir='ltr'><strong>Pater</strong></span> <span class='ocrx_word' id='word_1_39' title='bbox 1782 1045 2096 1144; x_wconf 78' lang='lat' dir='ltr'><strong>alligatus</strong></span> <span class='ocrx_word' id='word_1_40' title='bbox 2127 1067 2254 1136; x_wconf 88' lang='lat' dir='ltr'><strong>est,</strong></span> <span class='ocrx_word' id='word_1_41' title='bbox 2287 1073 2430 1119; x_wconf 89' lang='lat' dir='ltr'><strong>ma-</strong></span> 
     </span>
     <span class='ocr_line' id='line_1_6' title="bbox 352 1159 2429 1259; baseline -0.001 -24"><span class='ocrx_word' id='word_1_42' title='bbox 352 1183 452 1235; x_wconf 91' lang='lat' dir='ltr'><strong>ter</strong></span> <span class='ocrx_word' id='word_1_43' title='bbox 495 1190 665 1234; x_wconf 87' lang='lat' dir='ltr'><strong>caeca</strong></span> <span class='ocrx_word' id='word_1_44' title='bbox 706 1183 832 1250; x_wconf 86' lang='lat' dir='ltr'><strong>est,</strong></span> <span class='ocrx_word' id='word_1_45' title='bbox 872 1187 1056 1232; x_wconf 91' lang='lat' dir='ltr'><strong>unus</strong></span> <span class='ocrx_word' id='word_1_46' title='bbox 1090 1161 1361 1256; x_wconf 89' lang='lat' dir='ltr'><strong>utrique</strong></span> <span class='ocrx_word' id='word_1_47' title='bbox 1398 1159 1581 1231; x_wconf 89' lang='lat' dir='ltr'><strong>filius</strong></span> <span class='ocrx_word' id='word_1_48' title='bbox 1606 1215 1625 1248; x_wconf 92' lang='lat'><strong>,</strong></span> <span class='ocrx_word' id='word_1_49' title='bbox 1670 1187 1925 1259; x_wconf 75' lang='lat' dir='ltr'><strong>magna</strong></span> <span class='ocrx_word' id='word_1_50' title='bbox 1967 1161 2275 1233; x_wconf 90' lang='lat' dir='ltr'><strong>locorum</strong></span> <span class='ocrx_word' id='word_1_51' title='bbox 2315 1162 2429 1234; x_wconf 87' lang='lat' dir='ltr'><strong>di-</strong></span> 
     </span>
     <span class='ocr_line' id='line_1_7' title="bbox 352 1269 2428 1364; baseline 0 -17"><span class='ocrx_word' id='word_1_52' title='bbox 352 1278 625 1364; x_wconf 82' lang='lat' dir='ltr'>stantia,</span> <span class='ocrx_word' id='word_1_53' title='bbox 655 1274 865 1345; x_wconf 89' lang='lat' dir='ltr'><strong>habet</strong></span> <span class='ocrx_word' id='word_1_54' title='bbox 894 1275 1000 1345; x_wconf 83' lang='lat' dir='ltr'><strong>lex</strong></span> <span class='ocrx_word' id='word_1_55' title='bbox 1029 1276 1103 1344; x_wconf 89' lang='lat' dir='ltr'><strong>in</strong></span> <span class='ocrx_word' id='word_1_56' title='bbox 1134 1269 1367 1344; x_wconf 83' lang='lat' dir='ltr'><strong>medio</strong></span> <span class='ocrx_word' id='word_1_57' title='bbox 1397 1272 1779 1346; x_wconf 83' lang='lat' dir='ltr'><strong>debitorem</strong></span> <span class='ocrx_word' id='word_1_58' title='bbox 1797 1289 1849 1347; x_wconf 85' lang='lat'><strong>².</strong></span> <span class='ocrx_word' id='word_1_59' title='bbox 1885 1275 2154 1348; x_wconf 54' lang='lat' dir='ltr'><strong>Duc“ad</strong></span> <span class='ocrx_word' id='word_1_60' title='bbox 2188 1298 2428 1349; x_wconf 89' lang='lat' dir='ltr'><strong>utrum</strong></span> 
     </span>
     <span class='ocr_line' id='line_1_8' title="bbox 352 1387 2430 1484; baseline 0 -22"><span class='ocrx_word' id='word_1_61' title='bbox 352 1393 603 1478; x_wconf 77' lang='lat' dir='ltr'><strong>maviS,</strong></span> <span class='ocrx_word' id='word_1_62' title='bbox 629 1389 715 1461; x_wconf 91' lang='lat' dir='ltr'><strong>ad</strong></span> <span class='ocrx_word' id='word_1_63' title='bbox 746 1409 1118 1484; x_wconf 88' lang='lat' dir='ltr'><strong>utrumque</strong></span> <span class='ocrx_word' id='word_1_64' title='bbox 1145 1413 1288 1458; x_wconf 88' lang='lat' dir='ltr'><strong>non</strong></span> <span class='ocrx_word' id='word_1_65' title='bbox 1314 1404 1550 1484; x_wconf 76' lang='lat' dir='ltr'><strong>‘poteS,</strong></span> <span class='ocrx_word' id='word_1_66' title='bbox 1586 1387 1718 1459; x_wconf 89' lang='lat' dir='ltr'><strong>nisi</strong></span> <span class='ocrx_word' id='word_1_67' title='bbox 1746 1388 1925 1459; x_wconf 89' lang='lat' dir='ltr'><strong>hanc</strong></span> <span class='ocrx_word' id='word_1_68' title='bbox 1957 1389 2430 1464; x_wconf 89' lang='lat' dir='ltr'><strong>conditionem</strong></span> 
     </span>
     <span class='ocr_line' id='line_1_9' title="bbox 350 1501 2430 1603; baseline 0.001 -28"><span class='ocrx_word' id='word_1_69' title='bbox 350 1506 602 1577; x_wconf 88' lang='lat' dir='ltr'><strong>misero</strong></span> <span class='ocrx_word' id='word_1_70' title='bbox 645 1503 1107 1602; x_wconf 75' lang='lat' dir='ltr'><strong>imponimus»,</strong></span> <span class='ocrx_word' id='word_1_71' title='bbox 1147 1521 1226 1572; x_wconf 88' lang='lat' dir='ltr'><strong>ut</strong></span> <span class='ocrx_word' id='word_1_72' title='bbox 1267 1501 1610 1602; x_wconf 89' lang='lat' dir='ltr'><strong>quidquid</strong></span> <span class='ocrx_word' id='word_1_73' title='bbox 1653 1502 1925 1591; x_wconf 85' lang='lat' dir='ltr'><strong>fecerit,</strong></span> <span class='ocrx_word' id='word_1_74' title='bbox 1963 1504 2430 1603; x_wconf 85' lang='lat' dir='ltr'><strong>projiciendus</strong></span> 
     </span>
     <span class='ocr_line' id='line_1_10' title="bbox 346 1615 2516 1725; baseline -0 -33"><span class='ocrx_word' id='word_1_75' title='bbox 346 1620 472 1692; x_wconf 88' lang='lat' dir='ltr'><strong>sit:</strong></span> <span class='ocrx_word' id='word_1_76' title='bbox 501 1619 557 1691; x_wconf 89' lang='lat' dir='ltr'><strong>si</strong></span> <span class='ocrx_word' id='word_1_77' title='bbox 593 1619 862 1706; x_wconf 86' lang='lat' dir='ltr'><strong>exierit,</strong></span> <span class='ocrx_word' id='word_1_78' title='bbox 886 1633 1107 1688; x_wconf 89' lang='lat' dir='ltr'><strong>mater</strong></span> <span class='ocrx_word' id='word_1_79' title='bbox 1129 1615 1399 1713; x_wconf 88' lang='lat' dir='ltr'><strong>sepeliri</strong></span> <span class='ocrx_word' id='word_1_80' title='bbox 1432 1616 1721 1705; x_wconf 87' lang='lat' dir='ltr'><strong>vetabit;</strong></span> <span class='ocrx_word' id='word_1_81' title='bbox 1749 1616 1804 1687; x_wconf 89' lang='lat' dir='ltr'><strong>si</strong></span> <span class='ocrx_word' id='word_1_82' title='bbox 1840 1620 2272 1708; x_wconf 82' lang='lat' dir='ltr'><strong>remanserit,</strong></span> <span class='ocrx_word' id='word_1_83' title='bbox 2306 1648 2430 1717; x_wconf 86' lang='lat' dir='ltr'><strong>pa·</strong></span> <span class='ocrx_word' id='word_1_84' title='bbox 2506 1711 2516 1725; x_wconf 32' lang='lat'><em>⁶</em></span> 
     </span>
     <span class='ocr_line' id='line_1_11' title="bbox 352 1728 2429 1831; baseline 0.001 -29"><span class='ocrx_word' id='word_1_85' title='bbox 352 1752 474 1803; x_wconf 84' lang='lat' dir='ltr'><strong>ter.</strong></span> <span class='ocrx_word' id='word_1_86' title='bbox 504 1733 662 1802; x_wconf 90' lang='lat' dir='ltr'><strong>Non</strong></span> <span class='ocrx_word' id='word_1_87' title='bbox 696 1730 941 1801; x_wconf 90' lang='lat' dir='ltr'><strong>dubito</strong></span> <span class='ocrx_word' id='word_1_88' title='bbox 968 1730 1114 1801; x_wconf 85' lang='lat' dir='ltr'><strong>fore</strong></span> <span class='ocrx_word' id='word_1_89' title='bbox 1145 1728 1481 1818; x_wconf 88' lang='lat' dir='ltr'><strong>dubium,</strong></span> <span class='ocrx_word' id='word_1_90' title='bbox 1507 1729 1681 1827; x_wconf 90' lang='lat' dir='ltr'><strong>quin</strong></span> <span class='ocrx_word' id='word_1_91' title='bbox 1703 1730 1822 1831; x_wconf 93' lang='lat' dir='ltr'><strong>jus</strong></span> <span class='ocrx_word' id='word_1_92' title='bbox 1851 1730 1924 1801; x_wconf 88' lang='lat' dir='ltr'><strong>in</strong></span> <span class='ocrx_word' id='word_1_93' title='bbox 1953 1732 2090 1802; x_wconf 71' lang='lat' dir='ltr'><strong>hac‘</strong></span> <span class='ocrx_word' id='word_1_94' title='bbox 2105 1732 2254 1830; x_wconf 77' lang='lat' dir='ltr'><strong>lege</strong></span> <span class='ocrx_word' id='word_1_95' title='bbox 2286 1736 2429 1804; x_wconf 87' lang='lat' dir='ltr'><strong>fue-</strong></span> 
     </span>
     <span class='ocr_line' id='line_1_12' title="bbox 349 1843 2428 1946; baseline -0.001 -28"><span class='ocrx_word' id='word_1_96' title='bbox 349 1846 435 1918; x_wconf 82' lang='lat' dir='ltr'><strong>tit</strong></span> <span class='ocrx_word' id='word_1_97' title='bbox 466 1865 535 1917; x_wconf 91' lang='lat' dir='ltr'><strong>et</strong></span> <span class='ocrx_word' id='word_1_98' title='bbox 567 1844 741 1916; x_wconf 87' lang='lat' dir='ltr'><strong>mihi</strong></span> <span class='ocrx_word' id='word_1_99' title='bbox 769 1871 783 1914; x_wconf 92' lang='lat'><strong>:</strong></span> <span class='ocrx_word' id='word_1_100' title='bbox 811 1843 945 1916; x_wconf 90' lang='lat' dir='ltr'><strong>nisi</strong></span> <span class='ocrx_word' id='word_1_101' title='bbox 972 1844 1177 1932; x_wconf 87' lang='lat' dir='ltr'><strong>forte,</strong></span> <span class='ocrx_word' id='word_1_102' title='bbox 1204 1865 1284 1917; x_wconf 93' lang='lat' dir='ltr'><strong>ut</strong></span> <span class='ocrx_word' id='word_1_103' title='bbox 1314 1844 1556 1915; x_wconf 89' lang='lat' dir='ltr'><strong>omnia</strong></span> <span class='ocrx_word' id='word_1_104' title='bbox 1582 1844 1826 1941; x_wconf 91' lang='lat' dir='ltr'><strong>inique</strong></span> <span class='ocrx_word' id='word_1_105' title='bbox 1855 1844 2246 1946; x_wconf 78' lang='lat' dir='ltr'><strong>injusteque</strong></span> <span class='ocrx_word' id='word_1_106' title='bbox 2271 1873 2428 1917; x_wconf 89' lang='lat' dir='ltr'><strong>con-</strong></span> 
     </span>
     <span class='ocr_line' id='line_1_13' title="bbox 352 1958 2524 2059; baseline -0 -27"><span class='ocrx_word' id='word_1_107' title='bbox 352 1960 653 2059; x_wconf 88' lang='lat' dir='ltr'><strong>quiritis,</strong></span> <span class='ocrx_word' id='word_1_108' title='bbox 679 1959 795 2031; x_wconf 87' lang='lat' dir='ltr'><strong>hic</strong></span> <span class='ocrx_word' id='word_1_109' title='bbox 824 1985 1100 2058; x_wconf 89' lang='lat' dir='ltr'><strong>quoque</strong></span> <span class='ocrx_word' id='word_1_110' title='bbox 1125 1958 1333 2030; x_wconf 89' lang='lat' dir='ltr'><strong>unius</strong></span> <span class='ocrx_word' id='word_1_111' title='bbox 1358 1959 1713 2030; x_wconf 72' lang='lat' dir='ltr'><strong>occasione</strong></span> <span class='ocrx_word' id='word_1_112' title='bbox 1737 1960 1924 2030; x_wconf 88' lang='lat' dir='ltr'><strong>verbi</strong></span> <span class='ocrx_word' id='word_1_113' title='bbox 1948 1959 2143 2032; x_wconf 90' lang='lat' dir='ltr'><strong>aliud</strong></span> <span class='ocrx_word' id='word_1_114' title='bbox 2172 1960 2428 2058; x_wconf 88' lang='lat' dir='ltr'><strong>putatis</strong></span> <span class='ocrx_word' id='word_1_115' title='bbox 2491 1963 2524 2058; x_wconf 49' lang='lat'><strong>&#39;,</strong></span> 
     </span>
     <span class='ocr_line' id='line_1_14' title="bbox 341 2073 2430 2177; baseline 0 -30"><span class='ocrx_word' id='word_1_116' title='bbox 341 2078 579 2177; x_wconf 82' lang='lat' dir='ltr'><strong>juvare</strong></span> <span class='ocrx_word' id='word_1_117' title='bbox 602 2095 955 2174; x_wconf 89' lang='lat' dir='ltr'><strong>parentes,</strong></span> <span class='ocrx_word' id='word_1_118' title='bbox 989 2073 1180 2145; x_wconf 89' lang='lat' dir='ltr'><strong>aliud</strong></span> <span class='ocrx_word' id='word_1_119' title='bbox 1212 2100 1356 2145; x_wconf 89' lang='lat' dir='ltr'><strong>non</strong></span> <span class='ocrx_word' id='word_1_120' title='bbox 1381 2074 1726 2146; x_wconf 88' lang='lat' dir='ltr'><strong>deserere:</strong></span> <span class='ocrx_word' id='word_1_121' title='bbox 1762 2075 1834 2145; x_wconf 87' lang='lat' dir='ltr'><strong>id</strong></span> <span class='ocrx_word' id='word_1_122' title='bbox 1860 2097 1992 2164; x_wconf 89' lang='lat' dir='ltr'><strong>est,</strong></span> <span class='ocrx_word' id='word_1_123' title='bbox 2029 2075 2115 2147; x_wconf 91' lang='lat' dir='ltr'><strong>de</strong></span> <span class='ocrx_word' id='word_1_124' title='bbox 2139 2075 2270 2147; x_wconf 89' lang='lat' dir='ltr'><strong>hoc</strong></span> <span class='ocrx_word' id='word_1_125' title='bbox 2300 2077 2430 2148; x_wconf 88' lang='lat' dir='ltr'><strong>du·-</strong></span> 
     </span>
     <span class='ocr_line' id='line_1_15' title="bbox 350 2186 2428 2289; baseline 0.001 -29"><span class='ocrx_word' id='word_1_126' title='bbox 350 2191 569 2262; x_wconf 89' lang='lat' dir='ltr'><strong>bitare</strong></span> <span class='ocrx_word' id='word_1_127' title='bbox 599 2186 837 2278; x_wconf 84' lang='lat' dir='ltr'><strong>vultis,</strong></span> <span class='ocrx_word' id='word_1_128' title='bbox 878 2209 1114 2261; x_wconf 88' lang='lat' dir='ltr'><strong>utrum</strong></span> <span class='ocrx_word' id='word_1_129' title='bbox 1160 2188 1560 2286; x_wconf 87' lang='lat' dir='ltr'><strong>parentibus</strong></span> <span class='ocrx_word' id='word_1_130' title='bbox 1608 2188 1869 2287; x_wconf 88' lang='lat' dir='ltr'><strong>ubique</strong></span> <span class='ocrx_word' id='word_1_131' title='bbox 1913 2192 2071 2260; x_wconf 87' lang='lat' dir='ltr'><strong>ferri</strong></span> <span class='ocrx_word' id='word_1_132' title='bbox 2122 2211 2428 2289; x_wconf 85' lang='lat' dir='ltr'><strong>oporteat</strong></span> 
     </span>
     <span class='ocr_line' id='line_1_16' title="bbox 349 2304 2425 2407; baseline 0 -31"><span class='ocrx_word' id='word_1_133' title='bbox 349 2306 639 2394; x_wconf 83' lang='lat' dir='ltr'><strong>auxilia,</strong></span> <span class='ocrx_word' id='word_1_134' title='bbox 683 2325 764 2377; x_wconf 90' lang='lat' dir='ltr'><strong>ut</strong></span> <span class='ocrx_word' id='word_1_135' title='bbox 804 2332 931 2403; x_wconf 77' lang='lat' dir='ltr'><strong>ego</strong></span> <span class='ocrx_word' id='word_1_136' title='bbox 973 2304 1321 2393; x_wconf 83' lang='lat' dir='ltr'><strong>existimo;</strong></span> <span class='ocrx_word' id='word_1_137' title='bbox 1355 2331 1445 2376; x_wconf 91' lang='lat' dir='ltr'><strong>an</strong></span> <span class='ocrx_word' id='word_1_138' title='bbox 1481 2331 1641 2376; x_wconf 84' lang='lat' dir='ltr'><strong>vero</strong></span> <span class='ocrx_word' id='word_1_139' title='bbox 1675 2331 1816 2376; x_wconf 88' lang='lat' dir='ltr'><strong>non</strong></span> <span class='ocrx_word' id='word_1_140' title='bbox 1853 2325 2197 2377; x_wconf 87' lang='lat' dir='ltr'><strong>mereatur</strong></span> <span class='ocrx_word' id='word_1_141' title='bbox 2235 2305 2425 2407; x_wconf 91' lang='lat' dir='ltr'><strong>adju-</strong></span> 
     </span>
     <span class='ocr_line' id='line_1_17' title="bbox 348 2421 2427 2520; baseline 0 -27"><span class='ocrx_word' id='word_1_142' title='bbox 348 2422 636 2511; x_wconf 90' lang='lat' dir='ltr'><strong>torium,</strong></span> <span class='ocrx_word' id='word_1_143' title='bbox 667 2421 801 2498; x_wconf 86' lang='lat' dir='ltr'><strong>nisi</strong></span> <span class='ocrx_word' id='word_1_144' title='bbox 833 2421 953 2519; x_wconf 93' lang='lat' dir='ltr'><strong>qui</strong></span> <span class='ocrx_word' id='word_1_145' title='bbox 990 2442 1319 2520; x_wconf 86' lang='lat' dir='ltr'><strong>praesente</strong></span> <span class='ocrx_word' id='word_1_146' title='bbox 1351 2422 1492 2493; x_wconf 89' lang='lat' dir='ltr'><strong>filio</strong></span> <span class='ocrx_word' id='word_1_147' title='bbox 1530 2421 1741 2494; x_wconf 84' lang='lat' dir='ltr'><strong>miser</strong></span> <span class='ocrx_word' id='word_1_148' title='bbox 1772 2443 1906 2493; x_wconf 88' lang='lat' dir='ltr'><strong>est:</strong></span> <span class='ocrx_word' id='word_1_149' title='bbox 1945 2421 2205 2495; x_wconf 82' lang='lat' dir='ltr'><strong>namsi</strong></span> <span class='ocrx_word' id='word_1_150' title='bbox 2243 2421 2427 2494; x_wconf 80' lang='lat' dir='ltr'><strong>dese·</strong></span> 
     </span>
     <span class='ocr_line' id='line_1_18' title="bbox 349 2536 2430 2637; baseline 0.001 -32"><span class='ocrx_word' id='word_1_151' title='bbox 349 2548 491 2608; x_wconf 80' lang='lat' dir='ltr'><strong>&#39;rere</strong></span> <span class='ocrx_word' id='word_1_152' title='bbox 530 2538 604 2608; x_wconf 86' lang='lat' dir='ltr'><strong>iu</strong></span> <span class='ocrx_word' id='word_1_153' title='bbox 648 2537 1076 2626; x_wconf 80' lang='lat' dir='ltr'><strong>calamitate,</strong></span> <span class='ocrx_word' id='word_1_154' title='bbox 1113 2536 1290 2607; x_wconf 83' lang='lat' dir='ltr'><strong>nihil</strong></span> <span class='ocrx_word' id='word_1_155' title='bbox 1328 2537 1519 2609; x_wconf 88' lang='lat' dir='ltr'><strong>aliud</strong></span> <span class='ocrx_word' id='word_1_156' title='bbox 1564 2559 1892 2637; x_wconf 85' lang='lat' dir='ltr'><strong>putamus</strong></span> <span class='ocrx_word' id='word_1_157' title='bbox 1932 2564 2109 2627; x_wconf 91' lang='lat' dir='ltr'><strong>esse,</strong></span> <span class='ocrx_word' id='word_1_158' title='bbox 2135 2562 2348 2636; x_wconf 88' lang='lat' dir='ltr'><strong>quam</strong></span> <span class='ocrx_word' id='word_1_159' title='bbox 2385 2565 2430 2609; x_wconf 90' lang='lat' dir='ltr'><strong>a</strong></span> 
     </span>
     <span class='ocr_line' id='line_1_19' title="bbox 348 2651 2436 2751; baseline 0 -29"><span class='ocrx_word' id='word_1_160' title='bbox 348 2652 597 2724; x_wconf 89' lang='lat' dir='ltr'><strong>misero</strong></span> <span class='ocrx_word' id='word_1_161' title='bbox 629 2651 1007 2742; x_wconf 84' lang='lat' dir='ltr'><strong>discedere,</strong></span> <span class='ocrx_word' id='word_1_162' title='bbox 1042 2652 1182 2724; x_wconf 90' lang='lat' dir='ltr'><strong>duo</strong></span> <span class='ocrx_word' id='word_1_163' title='bbox 1219 2653 1425 2724; x_wconf 89' lang='lat' dir='ltr'><strong>simul</strong></span> <span class='ocrx_word' id='word_1_164' title='bbox 1461 2653 1714 2725; x_wconf 87' lang='lat' dir='ltr'><strong>scelera</strong></span> <span class='ocrx_word' id='word_1_165' title='bbox 1748 2653 2252 2751; x_wconf 88' lang='lat' dir='ltr'><strong>permittimus;</strong></span> <span class='ocrx_word' id='word_1_166' title='bbox 2289 2653 2436 2751; x_wconf 37' lang='lat' dir='ltr'><strong>pri&amp;</strong></span> 
     </span>
     <span class='ocr_line' id='line_1_20' title="bbox 344 2764 2441 2866; baseline 0 -31"><span class='ocrx_word' id='word_1_167' title='bbox 344 2791 548 2835; x_wconf 89' lang='lat' dir='ltr'><strong>mum</strong></span> <span class='ocrx_word' id='word_1_168' title='bbox 586 2764 797 2855; x_wconf 88' lang='lat' dir='ltr'><strong>illud,</strong></span> <span class='ocrx_word' id='word_1_169' title='bbox 833 2786 910 2838; x_wconf 93' lang='lat' dir='ltr'><strong>ut</strong></span> <span class='ocrx_word' id='word_1_170' title='bbox 953 2767 1154 2838; x_wconf 89' lang='lat' dir='ltr'><strong>etiam</strong></span> <span class='ocrx_word' id='word_1_171' title='bbox 1199 2767 1318 2865; x_wconf 90' lang='lat' dir='ltr'><strong>qui</strong></span> <span class='ocrx_word' id='word_1_172' title='bbox 1358 2769 1611 2856; x_wconf 88' lang='lat' dir='ltr'><strong>aderit,</strong></span> <span class='ocrx_word' id='word_1_173' title='bbox 1651 2769 1865 2865; x_wconf 87' lang='lat' dir='ltr'><strong>possit</strong></span> <span class='ocrx_word' id='word_1_174' title='bbox 1906 2768 2196 2866; x_wconf 89' lang='lat' dir='ltr'><strong>impune</strong></span> <span class='ocrx_word' id='word_1_175' title='bbox 2243 2766 2441 2837; x_wconf 90' lang='lat' dir='ltr'><strong>nihil·</strong></span> 
     </span>
     <span class='ocr_line' id='line_1_21' title="bbox 344 2880 2422 2980; baseline 0.002 -32"><span class='ocrx_word' id='word_1_176' title='bbox 344 2883 691 2977; x_wconf 73' lang='lat' dir='ltr'><strong>praestare,</strong></span> <span class='ocrx_word' id='word_1_177' title='bbox 722 2880 1069 2978; x_wconf 87' lang='lat' dir='ltr'><strong>siquidem</strong></span> <span class='ocrx_word' id='word_1_178' title='bbox 1091 2880 1461 2963; x_wconf 22' lang='lat' dir='ltr'><strong>,absolutus</strong></span> <span class='ocrx_word' id='word_1_179' title='bbox 1504 2904 1601 2954; x_wconf 87' lang='lat' dir='ltr'><strong>est</strong></span> <span class='ocrx_word' id='word_1_180' title='bbox 1641 2883 1771 2971; x_wconf 78' lang='lat' dir='ltr'><strong>hac</strong></span> <span class='ocrx_word' id='word_1_181' title='bbox 1803 2881 1985 2980; x_wconf 78' lang='lat' dir='ltr'><strong>lege,</strong></span> <span class='ocrx_word' id='word_1_182' title='bbox 2020 2881 2140 2978; x_wconf 89' lang='lat' dir='ltr'><strong>qui</strong></span> <span class='ocrx_word' id='word_1_183' title='bbox 2184 2908 2422 2974; x_wconf 88' lang='lat' dir='ltr'><strong>secun-</strong></span> 
     </span>
     <span class='ocr_line' id='line_1_22' title="bbox 346 2992 2419 3095; baseline 0 -31"><span class='ocrx_word' id='word_1_184' title='bbox 346 2992 515 3065; x_wconf 89' lang='lat' dir='ltr'><strong>dum</strong></span> <span class='ocrx_word' id='word_1_185' title='bbox 532 2992 560 3039; x_wconf 87' lang='lat'>3</span> <span class='ocrx_word' id='word_1_186' title='bbox 581 2995 910 3066; x_wconf 83' lang='lat' dir='ltr'><strong>miserum</strong></span> <span class='ocrx_word' id='word_1_187' title='bbox 938 2995 1152 3068; x_wconf 88' lang='lat' dir='ltr'><strong>stetit:</strong></span> <span class='ocrx_word' id='word_1_188' title='bbox 1191 3023 1329 3094; x_wconf 90' lang='lat' dir='ltr'><strong>quo</strong></span> <span class='ocrx_word' id='word_1_189' title='bbox 1359 2997 1646 3095; x_wconf 86' lang='lat' dir='ltr'><strong>quidem</strong></span> <span class='ocrx_word' id='word_1_190' title='bbox 1671 2996 1879 3068; x_wconf 89' lang='lat' dir='ltr'><strong>modo</strong></span> <span class='ocrx_word' id='word_1_191' title='bbox 1904 3022 2048 3068; x_wconf 87' lang='lat' dir='ltr'><strong>non</strong></span> <span class='ocrx_word' id='word_1_192' title='bbox 2074 2995 2419 3095; x_wconf 89' lang='lat' dir='ltr'><strong>adjutores</strong></span> 
     </span>
     <span class='ocr_line' id='line_1_23' title="bbox 345 3106 2318 3213; baseline 0.001 -35"><span class='ocrx_word' id='word_1_193' title='bbox 345 3106 749 3181; x_wconf 87' lang='lat' dir='ltr'><strong>calamitosis</strong></span> <span class='ocrx_word' id='word_1_194' title='bbox 777 3112 1173 3210; x_wconf 87' lang='lat' dir='ltr'><strong>parentibus</strong></span> <span class='ocrx_word' id='word_1_195' title='bbox 1207 3112 1383 3185; x_wconf 89' lang='lat' dir='ltr'><strong>filios</strong></span> <span class='ocrx_word' id='word_1_196' title='bbox 1416 3112 1698 3203; x_wconf 89' lang='lat' dir='ltr'><strong>damus,</strong></span> <span class='ocrx_word' id='word_1_197' title='bbox 1733 3112 1852 3184; x_wconf 86' lang='lat' dir='ltr'><strong>sed</strong></span> <span class='ocrx_word' id='word_1_198' title='bbox 1892 3131 2318 3213; x_wconf 77' lang='lat' dir='ltr'><strong>spectatores,</strong></span> 
     </span>
     <span class='ocr_line' id='line_1_24' title="bbox 437 3222 2432 3326; baseline 0.001 -33"><span class='ocrx_word' id='word_1_199' title='bbox 437 3222 625 3295; x_wconf 87' lang='lat' dir='ltr'>XIV.</span> <span class='ocrx_word' id='word_1_200' title='bbox 667 3225 939 3297; x_wconf 89' lang='lat' dir='ltr'><strong>Dehinc</strong></span> <span class='ocrx_word' id='word_1_201' title='bbox 981 3227 1229 3299; x_wconf 87' lang='lat' dir='ltr'><strong>accidit</strong></span> <span class='ocrx_word' id='word_1_202' title='bbox 1265 3228 1437 3300; x_wconf 90' lang='lat' dir='ltr'><strong>illud</strong></span> <span class='ocrx_word' id='word_1_203' title='bbox 1481 3227 1586 3300; x_wconf 90' lang='lat' dir='ltr'><strong>vel</strong></span> <span class='ocrx_word' id='word_1_204' title='bbox 1623 3225 2140 3326; x_wconf 78' lang='lat' dir='ltr'><strong>gravius,quod</strong></span> <span class='ocrx_word' id='word_1_205' title='bbox 2192 3252 2432 3323; x_wconf 83' lang='lat' dir='ltr'><strong>quum-</strong></span> 
     </span>
     <span class='ocr_line' id='line_1_25' title="bbox 342 3338 2419 3439; baseline 0.002 -34"><span class='ocrx_word' id='word_1_206' title='bbox 342 3360 573 3405; x_wconf 87' lang='lat' dir='ltr'><strong>rerum</strong></span> <span class='ocrx_word' id='word_1_207' title='bbox 608 3338 967 3411; x_wconf 86' lang='lat' dir='ltr'><strong>necessitas</strong></span> <span class='ocrx_word' id='word_1_208' title='bbox 1004 3341 1313 3438; x_wconf 87' lang='lat' dir='ltr'><strong>quotidie</strong></span> <span class='ocrx_word' id='word_1_209' title='bbox 1343 3369 1468 3414; x_wconf 89' lang='lat' dir='ltr'><strong>nos</strong></span> <span class='ocrx_word' id='word_1_210' title='bbox 1501 3342 1793 3432; x_wconf 81' lang='lat' dir='ltr'><strong>dividat,</strong></span> <span class='ocrx_word' id='word_1_211' title='bbox 1819 3341 1872 3412; x_wconf 87' lang='lat' dir='ltr'><strong>si</strong></span> <span class='ocrx_word' id='word_1_212' title='bbox 1910 3339 2231 3439; x_wconf 88' lang='lat' dir='ltr'><strong>quaedam</strong></span> <span class='ocrx_word' id='word_1_213' title='bbox 2276 3340 2419 3411; x_wconf 90' lang='lat' dir='ltr'><strong>for-</strong></span> 
     </span>
     <span class='ocr_line' id='line_1_26' title="bbox 345 3451 2418 3555; baseline 0.001 -35"><span class='ocrx_word' id='word_1_214' title='bbox 345 3468 517 3527; x_wconf 84' lang='lat' dir='ltr'><strong>tuna</strong></span> <span class='ocrx_word' id='word_1_215' title='bbox 542 3474 851 3548; x_wconf 87' lang='lat' dir='ltr'><strong>parentes</strong></span> <span class='ocrx_word' id='word_1_216' title='bbox 883 3480 1010 3525; x_wconf 89' lang='lat' dir='ltr'><strong>nos</strong></span> <span class='ocrx_word' id='word_1_217' title='bbox 1044 3453 1600 3552; x_wconf 82' lang='lat' dir='ltr'><strong>deprehenderit,</strong></span> <span class='ocrx_word' id='word_1_218' title='bbox 1618 3454 1948 3555; x_wconf 77' lang='lat' dir='ltr'><strong>‚quamvis</strong></span> <span class='ocrx_word' id='word_1_219' title='bbox 1977 3455 2221 3552; x_wconf 81' lang='lat' dir='ltr'><strong>exiguo</strong></span> <span class='ocrx_word' id='word_1_220' title='bbox 2246 3451 2418 3526; x_wconf 90' lang='lat' dir='ltr'><strong>divi-</strong></span> 
     </span>
    </p>
   </div>
   <div class='ocr_carea' id='block_1_3' title="bbox 335 3645 2416 4341">
    <p class='ocr_par' dir='ltr' id='par_1_3' title="bbox 336 3645 2416 4198">
     <span class='ocr_line' id='line_1_27' title="bbox 341 3645 2416 3718; baseline -0 -18"><span class='ocrx_word' id='word_1_221' title='bbox 341 3645 520 3712; x_wconf 62' lang='lat' dir='ltr'><strong>wicta,</strong></span> <span class='ocrx_word' id='word_1_222' title='bbox 561 3645 616 3699; x_wconf 83' lang='lat' dir='ltr'><strong>id</strong></span> <span class='ocrx_word' id='word_1_223' title='bbox 656 3661 734 3700; x_wconf 82' lang='lat' dir='ltr'><strong>est</strong></span> <span class='ocrx_word' id='word_1_224' title='bbox 771 3649 901 3702; x_wconf 84' lang='lat' dir='ltr'><strong>nihil</strong></span> <span class='ocrx_word' id='word_1_225' title='bbox 938 3649 1238 3718; x_wconf 81' lang='lat' dir='ltr'><strong>dimittens,</strong></span> <span class='ocrx_word' id='word_1_226' title='bbox 1276 3664 1338 3706; x_wconf 79' lang='lat' dir='ltr'><strong>ut</strong></span> <span class='ocrx_word' id='word_1_227' title='bbox 1491 3671 1535 3706; x_wconf 84' lang='lat'><strong>1.</strong></span> <span class='ocrx_word' id='word_1_228' title='bbox 1567 3654 1834 3708; x_wconf 76' lang='lat' dir='ltr'><strong>omnibus.</strong></span> <span class='ocrx_word' id='word_1_229' title='bbox 1860 3654 1957 3704; x_wconf 81' lang='lat' dir='ltr'><strong>Hic</strong></span> <span class='ocrx_word' id='word_1_230' title='bbox 1980 3651 2048 3703; x_wconf 87' lang='lat' dir='ltr'><strong>de</strong></span> <span class='ocrx_word' id='word_1_231' title='bbox 2070 3650 2281 3704; x_wconf 85' lang='lat' dir='ltr'><strong>duobus</strong></span> <span class='ocrx_word' id='word_1_232' title='bbox 2309 3649 2416 3700; x_wconf 81' lang='lat' dir='ltr'><strong>(lici</strong></span> 
     </span>
     <span class='ocr_line' id='line_1_28' title="bbox 338 3719 2310 3795; baseline 0.003 -17"><span class='ocrx_word' id='word_1_233' title='bbox 338 3726 592 3781; x_wconf 74' lang='lat' dir='ltr'><strong>distr-ictus</strong></span> <span class='ocrx_word' id='word_1_234' title='bbox 615 3729 905 3795; x_wconf 79' lang='lat' dir='ltr'><strong>Accusator,</strong></span> <span class='ocrx_word' id='word_1_235' title='bbox 931 3733 1117 3783; x_wconf 88' lang='lat' dir='ltr'><strong>Tacito</strong></span> <span class='ocrx_word' id='word_1_236' title='bbox 1140 3733 1332 3785; x_wconf 84' lang='lat' dir='ltr'><strong>Aunal.</strong></span> <span class='ocrx_word' id='word_1_237' title='bbox 1414 3719 1618 3785; x_wconf 57' lang='lat' dir='ltr'><strong>notavit</strong></span> <span class='ocrx_word' id='word_1_238' title='bbox 1643 3735 1939 3785; x_wconf 74' lang='lat' dir='ltr'><strong>Ascensius.</strong></span> <span class='ocrx_word' id='word_1_239' title='bbox 2305 3765 2310 3770; x_wconf 92' lang='lat'>·</span> 
     </span>
     <span class='ocr_line' id='line_1_29' title="bbox 338 3806 2413 3883; baseline -0.002 -21"><span class='ocrx_word' id='word_1_240' title='bbox 338 3808 426 3872; x_wconf 85' lang='lat' dir='ltr'><strong>IV,</strong></span> <span class='ocrx_word' id='word_1_241' title='bbox 473 3808 576 3872; x_wconf 72' lang='lat'><strong>363</strong></span> <span class='ocrx_word' id='word_1_242' title='bbox 629 3823 701 3862; x_wconf 87' lang='lat' dir='ltr'><strong>et.</strong></span> <span class='ocrx_word' id='word_1_243' title='bbox 724 3810 952 3863; x_wconf 67' lang='lat' dir='ltr'><strong>diser-icta</strong></span> <span class='ocrx_word' id='word_1_244' title='bbox 985 3813 1298 3883; x_wconf 77' lang='lat' dir='ltr'><strong>foenemtrix</strong></span> <span class='ocrx_word' id='word_1_245' title='bbox 1316 3852 1334 3878; x_wconf 91' lang='lat'><strong>,</strong></span> <span class='ocrx_word' id='word_1_246' title='bbox 1488 3829 1535 3862; x_wconf 78' lang='lat'><strong>2.</strong></span> <span class='ocrx_word' id='word_1_247' title='bbox 1563 3811 1879 3864; x_wconf 76' lang='lat' dir='ltr'><strong>Debitorem.</strong></span> <span class='ocrx_word' id='word_1_248' title='bbox 1913 3811 2036 3861; x_wconf 86' lang='lat' dir='ltr'><strong>Non</strong></span> <span class='ocrx_word' id='word_1_249' title='bbox 2070 3818 2274 3860; x_wconf 87' lang='lat' dir='ltr'><strong>tantum</strong></span> <span class='ocrx_word' id='word_1_250' title='bbox 2307 3806 2413 3858; x_wconf 85' lang='lat' dir='ltr'><strong>hoc</strong></span> 
     </span>
     <span class='ocr_line' id='line_1_30' title="bbox 337 3887 2414 3964; baseline -0.001 -27"><span class='ocrx_word' id='word_1_251' title='bbox 337 3887 453 3941; x_wconf 82' lang='lat' dir='ltr'><strong>Val.</strong></span> <span class='ocrx_word' id='word_1_252' title='bbox 474 3891 611 3941; x_wconf 74' lang='lat' dir='ltr'><strong>Max.</strong></span> <span class='ocrx_word' id='word_1_253' title='bbox 630 3891 770 3956; x_wconf 84' lang='lat' dir='ltr'><strong>vm,</strong></span> <span class='ocrx_word' id='word_1_254' title='bbox 793 3909 820 3942; x_wconf 83' lang='lat'>2</span> <span class='ocrx_word' id='word_1_255' title='bbox 835 3931 851 3958; x_wconf 86' lang='lat'><strong>,</strong></span> <span class='ocrx_word' id='word_1_256' title='bbox 873 3911 931 3955; x_wconf 73' lang='lat'><strong>²3</strong></span> <span class='ocrx_word' id='word_1_257' title='bbox 953 3892 1047 3945; x_wconf 82' lang='lat' dir='ltr'><strong>sed</strong></span> <span class='ocrx_word' id='word_1_258' title='bbox 1070 3892 1334 3964; x_wconf 76' lang='lat' dir='ltr'><strong>vulgatam</strong></span> <span class='ocrx_word' id='word_1_259' title='bbox 1410 3909 1526 3942; x_wconf 83' lang='lat' dir='ltr'><strong>voc.</strong></span> <span class='ocrx_word' id='word_1_260' title='bbox 1559 3888 1864 3960; x_wconf 71' lang='lat' dir='ltr'><strong>designatur</strong></span> <span class='ocrx_word' id='word_1_261' title='bbox 1896 3907 1926 3939; x_wconf 84' lang='lat' dir='ltr'><strong>a</strong></span> <span class='ocrx_word' id='word_1_262' title='bbox 1960 3905 2068 3958; x_wconf 86' lang='lat' dir='ltr'><strong>quo</strong></span> <span class='ocrx_word' id='word_1_263' title='bbox 2104 3887 2238 3954; x_wconf 80' lang='lat' dir='ltr'><strong>exigi</strong></span> <span class='ocrx_word' id='word_1_264' title='bbox 2270 3899 2414 3936; x_wconf 80' lang='lat' dir='ltr'><strong>certa</strong></span> 
     </span>
     <span class='ocr_line' id='line_1_31' title="bbox 336 3961 2412 4042; baseline -0.004 -21"><span class='ocrx_word' id='word_1_265' title='bbox 336 3968 1079 4042; x_wconf 73' lang='lat' dir='ltr'><strong>probamputo,sedlegerem</strong></span> <span class='ocrx_word' id='word_1_266' title='bbox 1092 3974 1332 4041; x_wconf 83' lang='lat' dir='ltr'><strong>libenter,</strong></span> <span class='ocrx_word' id='word_1_267' title='bbox 1412 3969 1647 4039; x_wconf 73' lang='lat' dir='ltr'><strong>pecunioe</strong></span> <span class='ocrx_word' id='word_1_268' title='bbox 1679 3986 1881 4021; x_wconf 83' lang='lat' dir='ltr'><strong>summa</strong></span> <span class='ocrx_word' id='word_1_269' title='bbox 1912 3977 2118 4037; x_wconf 79' lang='lat' dir='ltr'><strong>potest,</strong></span> <span class='ocrx_word' id='word_1_270' title='bbox 2146 3961 2239 4015; x_wconf 78' lang='lat' dir='ltr'><strong>sed</strong></span> <span class='ocrx_word' id='word_1_271' title='bbox 2269 3962 2412 4014; x_wconf 85' lang='lat' dir='ltr'><strong>aliod</strong></span> 
     </span>
     <span class='ocr_line' id='line_1_32' title="bbox 336 4040 2407 4124; baseline -0.004 -24"><span class='ocrx_word' id='word_1_272' title='bbox 336 4048 575 4100; x_wconf 76' lang='lat' dir='ltr'><strong>obstricta</strong></span> <span class='ocrx_word' id='word_1_273' title='bbox 591 4048 703 4124; x_wconf 75' lang='lat' dir='ltr'><strong>leqe</strong></span> <span class='ocrx_word' id='word_1_274' title='bbox 718 4048 1015 4114; x_wconf 77' lang='lat' dir='ltr'><strong>crudelitas,</strong></span> <span class='ocrx_word' id='word_1_275' title='bbox 1039 4071 1153 4122; x_wconf 76' lang='lat' dir='ltr'><strong>quae</strong></span> <span class='ocrx_word' id='word_1_276' title='bbox 1165 4056 1333 4123; x_wconf 74' lang='lat' dir='ltr'><strong>jactat</strong></span> <span class='ocrx_word' id='word_1_277' title='bbox 1412 4045 1802 4117; x_wconf 83' lang='lat' dir='ltr'><strong>qualecunque.</strong></span> <span class='ocrx_word' id='word_1_278' title='bbox 1819 4047 1901 4097; x_wconf 89' lang='lat' dir='ltr'><strong>Sic</strong></span> <span class='ocrx_word' id='word_1_279' title='bbox 1914 4042 2068 4097; x_wconf 80' lang='lat' dir='ltr'><strong>Ovid.</strong></span> <span class='ocrx_word' id='word_1_280' title='bbox 2083 4046 2234 4094; x_wconf 84' lang='lat' dir='ltr'><strong>Pom.</strong></span> <span class='ocrx_word' id='word_1_281' title='bbox 2246 4040 2407 4112; x_wconf 80' lang='lat' dir='ltr'><strong>Epist.</strong></span> 
     </span>
     <span class='ocr_line' id='line_1_33' title="bbox 338 4123 2064 4198; baseline -0.001 -23"><span class='ocrx_word' id='word_1_282' title='bbox 338 4142 391 4176; x_wconf 86' lang='lat' dir='ltr'><strong>se</strong></span> <span class='ocrx_word' id='word_1_283' title='bbox 417 4124 673 4196; x_wconf 77' lang='lat' dir='ltr'><strong>obstringi</strong></span> <span class='ocrx_word' id='word_1_284' title='bbox 706 4141 757 4180; x_wconf 89' lang='lat' dir='ltr'><strong>et</strong></span> <span class='ocrx_word' id='word_1_285' title='bbox 790 4126 1031 4198; x_wconf 82' lang='lat' dir='ltr'><strong>impediri</strong></span> <span class='ocrx_word' id='word_1_286' title='bbox 1052 4129 1226 4183; x_wconf 77' lang='lat' dir='ltr'><strong>verbis</strong></span> <span class='ocrx_word' id='word_1_287' title='bbox 1254 4129 1335 4181; x_wconf 90' lang='lat' dir='ltr'><strong>le-</strong></span> <span class='ocrx_word' id='word_1_288' title='bbox 1411 4129 1500 4192; x_wconf 80' lang='lat' dir='ltr'><strong>IV,</strong></span> <span class='ocrx_word' id='word_1_289' title='bbox 1528 4144 1573 4193; x_wconf 81' lang='grc' dir='ltr'><strong>ι,</strong></span> <span class='ocrx_word' id='word_1_290' title='bbox 1599 4130 1716 4179; x_wconf 81' lang='lat' dir='ltr'><strong>vitoe</strong></span> <span class='ocrx_word' id='word_1_291' title='bbox 1738 4126 1944 4177; x_wconf 77' lang='lat' dir='ltr'><strong>debitor.</strong></span> <span class='ocrx_word' id='word_1_292' title='bbox 1973 4123 2064 4173; x_wconf 81' lang='lat' dir='ltr'><strong>Eo.</strong></span> 
     </span>
    </p>

    <p class='ocr_par' dir='ltr' id='par_1_4' title="bbox 335 4198 2412 4341">
     <span class='ocr_line' id='line_1_34' title="bbox 335 4198 2412 4280; baseline -0.006 -17"><span class='ocrx_word' id='word_1_293' title='bbox 335 4207 443 4275; x_wconf 66' lang='lat' dir='ltr'><strong>gis,</strong></span> <span class='ocrx_word' id='word_1_294' title='bbox 476 4225 545 4258; x_wconf 86' lang='lat' dir='ltr'><strong>ne</strong></span> <span class='ocrx_word' id='word_1_295' title='bbox 572 4209 794 4280; x_wconf 78' lang='lat' dir='ltr'><strong>accipiat</strong></span> <span class='ocrx_word' id='word_1_296' title='bbox 824 4210 1077 4261; x_wconf 85' lang='lat' dir='ltr'><strong>rationem</strong></span> <span class='ocrx_word' id='word_1_297' title='bbox 1106 4211 1334 4263; x_wconf 83' lang='lat' dir='ltr'><strong>necessi-</strong></span> <span class='ocrx_word' id='word_1_298' title='bbox 1483 4205 1537 4256; x_wconf 88' lang='grc'><strong>3.</strong></span> <span class='ocrx_word' id='word_1_299' title='bbox 1560 4205 1871 4256; x_wconf 79' lang='lat' dir='ltr'><strong>Secundum.</strong></span> <span class='ocrx_word' id='word_1_300' title='bbox 1902 4199 1963 4252; x_wconf 84' lang='lat' dir='ltr'><strong>ld</strong></span> <span class='ocrx_word' id='word_1_301' title='bbox 1989 4214 2066 4253; x_wconf 87' lang='lat' dir='ltr'><strong>est</strong></span> <span class='ocrx_word' id='word_1_302' title='bbox 2085 4205 2268 4272; x_wconf 77' lang='lat' dir='ltr'><strong>juxta,</strong></span> <span class='ocrx_word' id='word_1_303' title='bbox 2292 4198 2412 4250; x_wconf 77' lang='lat' dir='ltr'><strong>vide</strong></span> 
     </span>
     <span class='ocr_line' id='line_1_35' title="bbox 336 4278 2149 4341; baseline -0.002 -9"><span class='ocrx_word' id='word_1_304' title='bbox 336 4286 473 4341; x_wconf 73' lang='lat' dir='ltr'><strong>tatis.</strong></span> <span class='ocrx_word' id='word_1_305' title='bbox 500 4286 682 4338; x_wconf 66' lang='lat' dir='ltr'><strong>Banu..</strong></span> <span class='ocrx_word' id='word_1_306' title='bbox 1411 4282 1638 4334; x_wconf 77' lang='lat' dir='ltr'><strong>Erhard.</strong></span> <span class='ocrx_word' id='word_1_307' title='bbox 1665 4280 1729 4333; x_wconf 82' lang='lat' dir='ltr'><strong>ad</strong></span> <span class='ocrx_word' id='word_1_308' title='bbox 1753 4284 1960 4332; x_wconf 73' lang='lat' dir='ltr'><strong>Petu-on.</strong></span> <span class='ocrx_word' id='word_1_309' title='bbox 1985 4278 2149 4330; x_wconf 84' lang='lat' dir='ltr'><strong>xxu.</strong></span> 
     </span>
    </p>
   </div>
   <div class='ocr_carea' id='block_1_4' title="bbox 563 4371 2182 4423">
    <p class='ocr_par' dir='ltr' id='par_1_5' title="bbox 563 4371 2182 4423">
     <span class='ocr_line' id='line_1_36' title="bbox 563 4371 2182 4423; baseline -0.009 -1"><span class='ocrx_word' id='word_1_310' title='bbox 563 4371 610 4423; x_wconf 83' lang='lat'><strong>5.</strong></span> <span class='ocrx_word' id='word_1_311' title='bbox 2123 4380 2182 4413; x_wconf 77' lang='grc' dir='ltr'><strong>ιω</strong></span> 
     </span>
    </p>
   </div>
  </div>
 </body>
</html>
