3200 5117
761 569 880 612 1:10
1250 546 1342 608 M.
1394 546 1641 609 FAssu
1689 545 2326 626 inNTlLtAM

751 697 873 741 cur
901 696 1155 766 aegrum
1189 669 1415 767 potius
1440 668 1805 765 elegerim:
1841 667 2032 739 reddi
2064 695 2102 738 a
2133 695 2247 739 me
2279 694 2472 765 posse
2500 670 2834 742 rationem

753 811 874 857 cur
901 785 1031 855 hoc
1061 784 1378 870 fecerim,
1410 783 1653 882 putas?
1682 811 1808 882 ego
1836 810 1997 856 vero
2021 811 2164 864 non
2186 789 2495 882 possem,
2529 812 2654 856 nec
2684 786 2739 854 si
2772 806 2834 855 te

751 899 1218 970 redemissem.
1238 898 1429 990 Quid
1452 899 1669 989 enirn,
1684 898 1740 968 si
1761 898 2170 996 respondere
2173 930 2200 999 J
2211 899 2422 970 ubeas
2439 899 2798 972 orbitatem
2814 956 2833 988 ,

752 1043 875 1087 cur
917 1016 989 1087 in
1029 1018 1381 1112 exsequias
1426 1037 1593 1087 totos
1638 1037 1862 1112 egerat
1896 1031 1912 1059 ¹
1964 1014 2245 1086 census?
2282 1014 2454 1112 quid
2495 1016 2628 1085 sibi
2670 1014 2838 1085 velit

753 1131 869 1202 ille
902 1131 1308 1202 funebrium
1342 1130 1589 1229 longus
1623 1130 1791 1201 ordo
1827 1129 2286 1229 pomparum?
2318 1156 2439 1199 cur
2470 1156 2677 1226 super
2706 1127 2835 1198 fla-

752 1268 1026 1344 grantes
1074 1247 1353 1345 jaceant
1402 1246 1642 1345 rogos?
1692 1274 1813 1317 cur
1859 1246 2122 1317 ardenti
2152 1260 2178 1289 ²
2231 1273 2372 1316 non
2421 1243 2835 1315 divellantur

752 1361 1118 1461 amplexu?
1142 1384 1209 1432 et
1234 1389 1358 1461 ego
1385 1363 1541 1434 dico
1561 1420 1579 1451 ,
1609 1363 1962 1460 proclamo
1982 1419 2000 1450 ,
2031 1364 2282 1450 fateor,
2315 1362 2556 1432 erroris
2585 1382 2702 1430 aut
2726 1359 2835 1429 de-

754 1478 1032 1549 mentiae
1070 1480 1264 1549 furor
1297 1499 1427 1567 est,
1464 1507 1685 1576 quum
1725 1479 1985 1549 feceris.
2024 1481 2175 1549 Hoc
2210 1499 2309 1549 est
2342 1504 2538 1574 ergo,
2571 1475 2831 1571 inquit,

755 1594 943 1689 quod
965 1594 1132 1663 dete
1154 1594 1493 1691 praecipue
1510 1622 1792 1692 queror,
1818 1595 2230 1665 moriturum
2253 1592 2425 1664 mihi
2453 1592 2831 1692 praetulisti:

756 1735 1017 1804 quaeSO,
1045 1707 1359 1806 juveniS,
1394 1737 1480 1780 ne
1511 1710 1712 1782 nobis
1747 1733 1940 1807 putes
1972 1731 2237 1781 tantum
2269 1711 2487 1781 inesse
2516 1708 2834 1797 feritatis,

756 1844 833 1891 ut
852 1822 1054 1892 illum
1080 1825 1513 1923 potuerimus
1535 1827 1927 1897 existimare
1945 1826 2388 1896 moriturum:
2413 1825 2510 1896 vis
2533 1850 2839 1922 nonspe-

754 1963 899 2006 rem
950 1936 1293 2008 victurum
1345 1940 1572 2010 filium
1594 1997 1613 2029 ,
1663 1967 1873 2036 quem
1923 1962 2085 2011 tunc
2134 1941 2444 2039 primum
2492 1939 2833 2039 adspicio,

754 2053 1172 2150 complector
1195 2082 1449 2152 aegrum
1472 2114 1490 2144 ,
1519 2084 1729 2151 quem
1760 2057 1974 2154 pirata
2005 2084 2146 2127 non
2179 2077 2441 2128 recusat
2468 2056 2600 2126 sibi
2631 2055 2838 2126 relin-

753 2168 917 2266 qui?
964 2171 1017 2240 si
1072 2171 1585 2267 persuasionem
1639 2173 1846 2268 patris
1895 2172 2265 2269 interroges
2285 2229 2302 2259 ,
2352 2170 2694 2270 quidquid
2742 2189 2837 2240 est

756 2281 945 2377 quod
974 2283 1183 2353 miser
1205 2305 1594 2380 torquetur,
1624 2286 1921 2357 afficitur
1940 2344 1957 2376 ,
1988 2315 2129 2358 non
2157 2287 2563 2385 languorem
2591 2286 2790 2356 credo
2814 2339 2833 2372 ,

754 2394 871 2465 sed
904 2396 1446 2493 impatientiam,
1478 2399 1896 2469 desiderium
1919 2458 1937 2487 ,
1970 2401 2300 2472 dolorem.
2329 2399 2691 2487 HominiS,
2714 2398 2832 2494 qui

757 2510 945 2607 apud
981 2512 1222 2609 piratas
1258 2512 1535 2609 languet
1557 2569 1575 2600 ,
1609 2540 1833 2583 unum
1869 2514 2253 2585 remedium
2290 2534 2483 2611 putes
2503 2570 2527 2608 ,¹
2558 2535 2634 2584 ut
2667 2512 2835 2583 redi·—

756 2643 1016 2693 matur:
1052 2625 1170 2693 sed
1198 2652 1338 2697 non
1374 2648 1506 2714 est,
1539 2654 1804 2722 quaeSO,
1826 2627 2137 2728 juvenis,
2169 2627 2354 2724 quod
2387 2627 2516 2698 hoc
2548 2626 2835 2727 patroci-

758 2738 959 2807 nium
993 2739 1078 2813 de
1110 2761 1247 2811 tarn
1284 2742 1673 2816 calamitosa
1705 2744 1952 2843 pietate
1989 2745 2376 2842 concipiam
2399 2802 2418 2832 ,
2454 2765 2530 2815 ut
2561 2744 2836 2831 dicam,

757 2874 1093 2926 victurum
1134 2860 1389 2954 putavi.

853 2971 1107 3042 XVIII.
1139 2975 1485 3072 Exaggero
1517 2977 1911 3071 quinimmo
1948 2976 2278 3047 invidiam
2315 2974 2621 3047 criminis
2654 2974 2825 3044 mei:

756 3082 1053 3173 redemi,
1089 3087 1337 3174 fateor,
1373 3088 1612 3177 illum,
1653 3091 1771 3188 qui
1805 3088 2200 3178 dilationeS,
2241 3090 2359 3189 qui
2394 3115 2618 3160 moras
2658 3089 2831 3158 ferre

757 3226 897 3269 non
926 3221 1218 3297 poterat,
1249 3204 1321 3274 iu
1352 3233 1491 3302 quo
1523 3205 1698 3276 mihi
1721 3206 1941 3304 pirata
1959 3206 2299 3278 vendebat
2317 3207 2544 3277 brevia
2568 3203 2830 3293 oscula,

756 3341 1010 3411 paucos
1047 3318 1225 3388 dies:
1273 3319 1324 3390 si
1359 3347 1470 3390 me
1512 3321 1740 3393 hercle
1787 3343 2074 3419 uterque
2107 3322 2345 3393 fuisset
2388 3349 2597 3421 aeger,
2633 3319 2832 3390 illum

837 3460 1754 3537 1.qurat.EIectun1verbum‚quod
1835 3466 2163 3517 Contrarium
2204 3478 2282 3517 est
2323 3483 2588 3539 aqqerere,
2623 3463 2690 3515 de
2727 3481 2834 3534 quo

759 3552 1154 3607 consumptum,
1171 3540 1236 3591 ad
1254 3541 1755 3595 nihiiumredactum
1834 3544 1940 3595 vid.
1966 3543 2033 3594 ad
2058 3543 2253 3595 Phaedr.
2277 3546 2364 3608 lv,
2393 3560 2470 3611 ¹9·
2500 3544 2666 3594 Bunu.

758 3636 974 3668 censum
1023 3636 1206 3671 notare
1248 3622 1428 3673 docuit
1468 3626 1643 3677 Barth.
1690 3626 1757 3676 ad
1910 3644 1957 3676 2.
1993 3630 2097 3676 Cur
2119 3625 2343 3677 ardenti.
2374 3626 2505 3691 Quis
2537 3623 2622 3674 ille
2655 3622 2835 3675 ardens

765 3697 890 3745 Stat.
917 3695 1084 3748 Theb.
1116 3701 1170 3761 1,
1199 3701 1284 3768 37,
1314 3717 1365 3752 et
1394 3703 1481 3764 1V,
1508 3705 1642 3768 818,
1667 3704 1759 3754 ubi
1837 3706 2138 3777 amplexus?
2157 3705 2338 3757 deesse
2360 3704 2555 3776 aliquid
2572 3719 2840 3775 puto‚cur

758 3789 810 3827 et
845 3796 906 3828 ex
942 3780 1297 3848 penetralibus
1334 3783 1658 3853 producere,
1697 3799 1755 3837 ut
1834 3784 2044 3835 ardente
2073 3802 2192 3857 roqo
2220 3782 2333 3851 (vel
2358 3784 2682 3850 ardentibus,
2721 3779 2830 3833 scil.

758 3857 833 3908 hit
869 3878 930 3910 ex
956 3878 1102 3925 arca,
1130 3862 1421 3932 significare
1450 3866 1655 3934 probat.
1673 3867 1756 3914 Vi·
1836 3864 1972 3931 rogis
1998 3863 2142 3931 quod
2164 3863 2450 3932 praecessit,
2474 3861 2554 3911 vel
2580 3861 2827 3926 ardeam,

760 3938 827 3989 de
844 3953 893 3989 et
915 3940 1041 3990 Pric-
1065 3941 1134 3993 ad
1148 3944 1301 4014 Apul.
1322 3946 1533 4004 Metam.
1553 3966 1607 4015 p.
1633 3963 1750 3999 200.
1836 3941 1945 3991 scil.
1964 3941 2253 4011 cadaveris)
2269 3960 2372 3992 non
2388 3941 2832 3993 divellantur-am-

758 4020 836 4068 lta
858 4038 1004 4082 mox,
1022 4023 1254 4073 animam
1276 4043 1501 4098 effen-ere,
1525 4040 1577 4076 et
1596 4046 1642 4076 c,
1669 4044 1753 4092 21,
1830 4021 2020 4092 plexu,
2045 4023 2086 4072 is
2112 4024 2252 4073 enim
2277 4024 2425 4073 furor
2449 4037 2753 4093 parentum,
2776 4035 2832 4071 ut

758 4097 925 4161 siuns,
947 4099 1001 4148 in
1022 4120 1146 4172 quos
1163 4120 1363 4173 egeram
1388 4103 1754 4156 exhaustarum
1834 4103 1914 4152 vix
1949 4105 2081 4172 iguis
2116 4123 2205 4154 eos
2240 4123 2266 4153 a
2304 4103 2568 4155 cadaveris
2608 4102 2832 4154 filiorum

761 4175 1002 4246 reliquias
1039 4176 1369 4232 lacrimarum
1385 4203 1405 4241 ;
1437 4197 1486 4233 et
1519 4182 1750 4234 Det-Iam.
1836 4182 2077 4252 amplexu
2097 4183 2457 4241 divellat.Vid.
2483 4183 2657 4235 Athin.
2684 4183 2828 4251 Eleg.

759 4254 860 4320 IX,
908 4269 998 4321 ιο,
1039 4273 1237 4327 eqerere
1276 4259 1522 4312 conviviis
1554 4261 1751 4330 foeuus.
1835 4265 1887 4313 iu
1915 4263 2069 4314 Drus.
2100 4281 2116 4314 1
2132 4266 2212 4317 33.
2244 4266 2407 4315 Bunm.
