3200 5117
1212 563 1299 624 M.
1350 561 1597 624 FABII
1645 561 2276 641 QL'1NT1L1AM

702 683 944 756 callide
975 685 1275 756 veterani
1309 684 1705 779 gladiatoris
1734 706 1916 771 astu;
1953 712 2199 756 omnes
2233 707 2518 757 conatus
2551 709 2792 758 contra

700 831 768 872 se
799 822 1024 871 erant:
1067 828 1190 870 nec
1226 800 1586 869 difficilem
1624 823 1860 869 tamen
1899 801 2028 870 sub
2065 801 2182 872 illo
2214 803 2586 899 praesertim
2615 829 2791 874 auc-

704 937 1088 988 toramento
1140 915 1488 987 habuisset
1533 915 1977 1003 missionem,
2027 916 2145 987 sed
2191 918 2418 987 noluit
2460 918 2793 1016 gladiator

705 1032 949 1102 vivere.
990 1031 1201 1127 Igitur
1228 1031 1379 1129 jam
1418 1029 1691 1100 nudum
1737 1057 1984 1128 eorpus
2017 1030 2418 1103 vulneribus
2453 1035 2791 1125 offerenS,

708 1169 783 1217 ut
806 1168 1014 1217 totam
1044 1172 1254 1244 prope
1279 1144 1668 1215 mercedem
1693 1158 1706 1186 ¹
1740 1145 1949 1215 semel
1972 1145 2259 1217 solveret
2278 1204 2295 1236 ,
2318 1170 2501 1219 stans
2523 1162 2550 1193 ²
2568 1150 2790 1247 periit.

709 1264 842 1335 Cui
877 1262 1070 1333 licuit
1095 1262 1161 1332 in
1202 1261 1413 1359 patria
1434 1319 1451 1349 ,
1486 1261 1557 1330 in
1585 1260 1827 1349 domn,
1856 1261 2034 1332 inter
2062 1263 2526 1362 propinqum,
2555 1293 2792 1337 securo

709 1403 1185 1450 consenescere
1209 1402 1347 1446 aevo
1366 1432 1384 1463 ,
1410 1375 1855 1473 tranquillam
1877 1377 2022 1447 sine
2045 1378 2575 1476 reprehensione
2595 1408 2795 1479 agere

707 1496 913 1566 vitam
930 1551 948 1582 ,
964 1494 1142 1593 jacet
1164 1494 1511 1563 confectus
1524 1490 1928 1561 vulneribus
1949 1522 1965 1579 ;
1989 1515 2055 1563 et
2072 1494 2297 1591 primo
2308 1493 2610 1591 juventae
2630 1495 2795 1567 flore

709 1613 1102 1697 fraudatus,
1145 1609 1348 1707 periit
1389 1609 1593 1678 miser
1630 1608 1766 1679 fato
1805 1635 1993 1679 meo:
2030 1631 2099 1680 at
2130 1637 2294 1708 ego,
2332 1612 2457 1710 qui
2495 1611 2798 1685 debebat

709 1728 815 1799 illi
844 1729 1167 1811 fortunae,
1194 1750 1405 1821 quem
1434 1750 1616 1794 mors
1642 1724 1773 1793 sibi
1799 1724 2280 1815 destinaverat,
2313 1729 2600 1799 emissus
2627 1729 2798 1800 ludo

712 1843 1102 1929 nocentior,
1135 1869 1350 1938 quam
1381 1839 1731 1910 venditus:
1771 1841 1981 1911 etiam
2017 1843 2257 1915 viatico
2297 1842 2479 1915 illius
2512 1845 2798 1917 infelicis

710 1982 1021 2034 revertor.
1064 1960 1465 2029 placeamus
1503 1958 1662 2028 licet
1706 1959 1903 2030 nobis
1946 1961 2226 2033 fortuna
2267 1985 2530 2052 nostra,
2566 1984 2798 2062 pater,

713 2074 1003 2174 pauperi
1041 2073 1542 2143 solvendo‘non
1579 2100 1845 2143 sumus.

812 2190 896 2260 X.
922 2188 989 2258 Si
1016 2215 1154 2286 qua
1179 2208 1280 2256 est
1303 2187 1501 2274 fides,
1522 2186 1822 2284 judiceS,
1851 2189 2065 2286 pudet
2091 2218 2203 2260 me
2233 2212 2466 2262 contra
2497 2191 2800 2264 indicare

718 2330 872 2373 mea
892 2301 1226 2371 beneficia
1245 2356 1263 2387 ,
1291 2327 1417 2369 nec
1436 2300 1672 2370 videor
1688 2301 1876 2372 vobis
1903 2303 2241 2374 rationem
2268 2332 2464 2402 posse
2489 2306 2803 2395 reddere,

716 2419 903 2516 quod
922 2416 1096 2487 mihi
1115 2436 1255 2486 tam
1274 2442 1522 2512 parum
1539 2414 1925 2514 objiciatur.
1947 2417 2428 2518 Redemptoris
2447 2421 2583 2491 mei
2599 2421 2802 2518 patri,

722 2536 791 2605 in
813 2532 1110 2631 pretium
1126 2558 1359 2601 meum
1375 2532 1542 2601 orbo
1557 2587 1574 2619 ,
1593 2532 1854 2627 egenti,
1873 2534 2038 2629 quid
2055 2535 2364 2631 praestiti?
2381 2536 2566 2633 quod
2584 2538 2806 2635 pirata

721 2671 952 2746 capto,
977 2647 1162 2744 quod
1188 2647 1435 2717 lanista
1456 2646 1848 2743 gladiatori,
1876 2649 2194 2746 exiguam
2216 2652 2465 2751 stipem
2482 2711 2500 2743 ,
2528 2675 2594 2725 et
2621 2652 2806 2725 cibos

724 2790 993 2860 semper
1025 2761 1378 2859 petendos
1405 2761 1852 2851 Quantulum
1881 2764 2072 2834 enim
2106 2766 2251 2836 dari
2287 2789 2586 2864 poterat,
2617 2767 2804 2866 quod

708 588 830 626 210

804 2934 843 2968 ι.
866 2917 1049 2968 Totam
1067 2936 1228 2988 prope
1246 2917 1525 2967 mercedem
1552 2914 1724 2967 semel.

726 2996 1052 3061 Mercedem,
1082 3000 1123 3047 si
1155 2997 1365 3065 vulgata
1404 2997 1559 3047 lectio
1602 2999 1729 3047 reti·

728 3078 923 3141 nenda,
940 3077 1024 3128 hic
1044 3080 1097 3128 in
1116 3079 1303 3128 malam
1324 3090 1527 3148 partem
1543 3078 1726 3148 capio:

1809 2920 1850 2968 si
1886 2920 2089 2971 vicisset
2125 2921 2479 2974 adversarium
2512 2936 2564 2974 et
2597 2922 2805 2973 missio-

1810 3017 1928 3048 nem
1978 2998 2279 3065 habuisset,
2318 3019 2416 3069 ego
2457 3001 2629 3069 specie
2671 3014 2806 3068 qua-

1809 3074 1930 3126 dam
1950 3080 2086 3145 juris
2111 3080 2345 3131 revocari
2369 3080 2420 3128 in
2445 3079 2745 3129 servitutem
2774 3096 2806 3128 a

728 3160 977 3211 damnum
995 3161 1133 3210 enim
1155 3160 1380 3209 faciebat
1401 3160 1728 3209 munerarius

730 3242 781 3294 in
815 3256 984 3293 morte
1017 3239 1351 3310 gladiatoris,
1382 3258 1504 3290 care
1533 3240 1728 3308 empti,

732 3339 892 3391 quare
914 3334 970 3370 ut
991 3318 1205 3369 referret
1224 3320 1390 3368 vicem
1412 3319 1730 3382 munerario,

733 3405 825 3472 qui
850 3402 1076 3452 amicum
1100 3403 1154 3451 in
1194 3397 1375 3449 ludum
1402 3395 1647 3461 dederat,
1678 3416 1730 3448 se

733 3479 904 3532 occidi
945 3497 1129 3550 passus
1172 3491 1265 3529 est.
1312 3477 1535 3546 Propere
1576 3478 1732 3526 etiam

732 3558 1030 3611 Obrechtus
1058 3558 1282 3626 recepit:
1310 3553 1406 3606 sed
1428 3553 1554 3605 mihi
1572 3572 1735 3625 prope

738 3643 897 3711 inagis
922 3640 1112 3709 placet.
1140 3640 1215 3688 lta
1248 3639 1388 3688 enim
1420 3634 1552 3687 male
1575 3638 1733 3687 meri-

737 3734 821 3768 tus
871 3731 980 3768 erat
1025 3718 1384 3780 munerariuS,
1414 3713 1596 3784 judice
1644 3713 1733 3765 illo

737 3802 1031 3852 voluntario
1047 3798 1363 3869 gladiatore,
1382 3811 1436 3849 ut
1454 3816 1552 3848 nec
1567 3811 1736 3849 morte

742 3901 833 3933 sua
874 3883 997 3931 satis
1044 3879 1255 3949 dignam
1300 3881 1398 3949 ipsi
1442 3878 1735 3930 mercedem

738 3964 919 4013 referri
945 3961 1211 4023 crederet;
1236 3963 1336 4012 nisi
1361 3962 1428 4011 sit
1456 3958 1736 4029 legendum

739 4045 920 4113 potius
937 4078 950 4097 ‚
978 4054 1135 4094 totam
1149 4062 1246 4115 pro
1266 4062 1348 4093 me
1367 4041 1646 4093 mercedem
1661 4060 1737 4092 se-

738 4121 846 4175 mel
869 4121 1103 4174 solverat.
1128 4123 1195 4173 Ut
1220 4139 1317 4191 ego
1342 4124 1415 4173 ita
1436 4139 1467 4172 a
1492 4138 1741 4170 munera-

736 4204 816 4253 rio
843 4204 954 4272 ejus
983 4218 1181 4271 morte,
1203 4222 1361 4275 quam
1390 4201 1547 4255 semel
1576 4201 1736 4253 modo

741 4282 887 4334 obire
920 4295 1158 4354 poterat,
1196 4281 1500 4336 liberarem:
1542 4298 1736 4354 quum,

1810 3158 2107 3205 munerario
2134 3160 2446 3227 potuissem,
2483 3168 2533 3207 et
2558 3153 2672 3221 ille,
2715 3158 2808 3226 qui

1810 3250 2015 3286 tanturn
2036 3236 2103 3287 ad
2128 3257 2285 3290 uuam
2306 3255 2534 3311 pugnam
2559 3238 2808 3289 vicariam

1810 3333 2029 3386 operam
2053 3316 2343 3385 obtulerat,
2366 3315 2736 3383 dimitteretur,
2759 3330 2813 3367 et

1812 3399 1882 3449 ita
1920 3413 2136 3451 coactus
2167 3398 2378 3465 fuisset,
2413 3418 2547 3470 saepe
2577 3412 2814 3469 repetere

1812 3479 2056 3529 vicariam
2078 3496 2337 3550 pugnam;
2365 3480 2488 3548 quia
2514 3495 2613 3547 ego
2637 3474 2814 3529 vendi·

1813 3573 1899 3613 tus
1935 3578 2076 3612 eram
2113 3562 2445 3626 munerario,
2480 3577 2509 3611 a
2539 3577 2676 3630 quo,
2714 3558 2813 3609 nisi

1815 3660 1932 3693 mea
1967 3641 2048 3693 vel
2090 3642 2255 3714 ipsius
2293 3643 2486 3693 vicaria
2523 3660 2690 3706 mors,
2731 3659 2813 3692 me

1815 3722 1941 3774 nihil
1975 3722 2198 3775 liberare
2236 3736 2463 3794 poterat.
2494 3721 2561 3772 Et
2594 3720 2701 3773 hoc
2729 3739 2814 3772 se-

1819 3806 2061 3876 quentia,
2091 3803 2284 3875 quibus
2313 3822 2368 3856 se
2397 3805 2637 3855 emissum
2661 3800 2814 3867 hado,

1817 3897 1868 3933 et
1917 3884 2104 3936 viatico
2146 3885 2308 3935 occisi
2357 3900 2610 3935 reversum
2652 3879 2812 3945 dicit,

1818 3953 2022 4005 firmare
2051 3954 2313 4006 videntur.
2343 3953 2543 4006 Schult.
2579 3951 2818 4021 legebat,

1814 4055 2030 4109 propere
2064 4036 2380 4100 mercedem,
2417 4045 2469 4085 et
2497 4032 2677 4093 semel,
2713 4045 2813 4082 etc.

1893 4134 1939 4167 2.
1978 4117 2130 4168 Stans
2166 4113 2340 4186 periit.
2385 4112 2470 4165 Ad
2510 4111 2818 4182 Vespasiani

1818 4196 2019 4249 dictum
2038 4195 2252 4262 alludit,
2280 4196 2650 4268 Imperatorem
2675 4201 2818 4246 stan·

1821 4291 1922 4334 tem
1940 4278 2076 4332 nori
2093 4289 2342 4351 oportere.
