3200 5117
808 577 947 661 xxvj
1350 539 1815 623 EDITORTS
1862 544 2350 610 PRAEFATlo

805 694 1103 766 oratoria-*5
1147 690 1348 754 libros
1388 679 1674 746 Hilarius
1712 690 1935 737 noster
1979 670 2267 733 imitatus
2310 665 2579 739 dicitur,
2625 659 2741 726 sed
2784 661 2889 724 vel

804 803 1037 894 patriS‚
1070 796 1174 860 vel
1208 792 1461 882 potius»,
1497 801 1570 849 ut
1604 782 1892 872 plurium
1933 777 2312 865 conjectura
2354 786 2485 847 est,
2529 769 2631 831 avi
2673 766 2890 831 decla-

807 912 1124 977 mationes
1151 923 1326 966 nunc
1352 920 1388 960 a
1416 917 1519 958 me
1544 891 1833 955 eduntur
1853 902 1921 949 et
1944 882 2325 969 ampliore3‚
2350 896 2415 942 et
2433 876 2741 940 meliores
2763 897 2890 962 ope

804 1035 1002 1105 atque
1047 1008 1284 1074 auxilio
1328 996 1748 1066 vetustissimi
1797 988 2225 1077 exemplariS,
2279 983 2459 1072 quod
2504 983 2599 1046 Cl.
2651 981 2891 1045 Falceti

807 1118 1190 1189 Monetariae
1217 1113 1412 1178 curiae
1443 1102 1739 1196 praesidis
1765 1100 1886 1163 viri
1917 1096 2233 1170 candore,
2265 1090 2672 1155 humanitate
2698 1105 2764 1152 et
2791 1110 2893 1150 re-

808 1255 953 1297 rum
980 1244 1349 1291 nostrarum
1375 1213 1750 1302 cognitione
1776 1210 1945 1270 inter
1968 1226 2211 1291 paucos
2239 1195 2661 1273 numerandi,
2691 1194 2894 1258 bene-

807 1340 958 1401 ficio
994 1333 1227 1396 lubens
1268 1325 1500 1388 merito
1534 1331 1877 1401 acceptum
1918 1312 2153 1372 refero,
2197 1304 2420 1394 Adjeci
2461 1318 2526 1364 et
2560 1285 2896 1386 Calpurnii

808 1441 1019 1508 Flacci
1058 1434 1325 1500 nomine
1365 1442 1699 1510 excerptas
1739 1415 2091 1507 quasdam,
2134 1428 2207 1476 ut
2243 1406 2634 1497 praeferebat
2671 1404 2897 1468 titulus

808 1545 1179 1613 vetustioris
1204 1532 1618 1621 exemplaris,
1648 1525 1827 1616 quod
1848 1541 2105 1613 partem
2128 1541 2350 1583 earum
2379 1514 2636 1590 habuit,
2664 1510 2896 1575 decem

809 1656 1149 1721 rhetorum
1197 1645 1567 1716 minorum3
1616 1631 1816 1698 credo
1861 1628 1944 1694 ad
1993 1629 2254 1690 Senecae
2304 1621 2899 1686 controversiarum

809 1755 1399 1847 comparationem,
1424 1766 1569 1834 quae
1592 1759 1657 1804 et
1682 1741 1836 1827 ipsae
1864 1737 1932 1798 in
1957 1732 2194 1797 eodem
2214 1729 2457 1793 Codice
2479 1728 2540 1789 X
2559 1725 2901 1788 rhetorum

809 1861 1363 1932 inscribebantur,
1406 1849 1732 1937 majorum
1779 1840 2128 1904 videlicet:
2172 1857 2333 1922 quas
2377 1850 2443 1897 et
2486 1831 2620 1894 istis
2666 1829 2902 1892 lubens

811 1970 1280 2061 praetulissem,
1327 1958 1449 2021 nisi
1495 1975 1599 2015 me
1640 1944 1907 2011 aliunde
1953 1943 2336 2006 distractum
2374 1935 2728 2000 difficultas
2763 1934 2904 2021 ipsa

811 2079 1176 2146 terruisset,
1206 2087 1271 2131 et
1294 2067 1462 2129 hanc
1488 2056 1905 2145 potissimum
1931 2048 2196 2112 laudem
2225 2044 2414 2110 Fabri
2441 2044 2643 2107 nostri
2670 2040 2904 2130 optimi

812 2206 875 2250 et
905 2176 1263 2247 doctissimi
1300 2172 1420 2234 viri
1465 2163 1802 2254 propriam
1841 2181 1982 2221 esse
2013 2157 2406 2231 voluissem3
2440 2174 2574 2239 quo
2604 2150 2908 2236 profecto

813 2290 1034 2356 nullus
1075 2300 1206 2360 est,
1246 2278 1352 2342 cui
1392 2280 1791 2338 Annaeorum
1836 2263 2078 2329 familia
2122 2262 2270 2349 plus
2309 2257 2554 2323 debere
2593 2255 2750 2319 velit
2792 2271 2911 2318 aut

814 2396 1038 2486 possit.
1072 2395 1237 2455 Nam
1276 2378 1662 2466 Quintiliani
1701 2372 1960 2461 nepotis
2000 2391 2145 2458 quae
2184 2366 2383 2452 vulgo
2420 2365 2752 2449 leguntur,
2794 2377 2911 2425 aut

816 2502 1020 2568 Portii
1052 2492 1348 2561 Latronis
1381 2487 1590 2561 illam,
1629 2503 1775 2570 quae
1811 2494 2038 2543 contra
2067 2474 2413 2537 Catilinam
2449 2487 2580 2548 est,
2619 2465 2911 2557 adjicere

814 2635 950 2676 non
979 2606 1212 2678 libuit;
1247 2596 1364 2663 sed
1394 2616 1513 2658 nec
1547 2588 1830 2657 Sallustii
1863 2604 1927 2649 et
1955 2582 2287 2647 Ciceronis
2317 2578 2586 2643 nomine
2618 2573 2912 2638 scholas-

817 2723 972 2783 ticas
1003 2705 1514 2779 controversias,
1551 2717 1617 2763 et
1643 2695 1822 2785 quod
1860 2695 1927 2757 in
1959 2691 2256 2756 omnium
2288 2686 2588 2750 manibus
2620 2697 2909 2759 exstent,

818 2848 952 2890 non
997 2819 1166 2884 adeo
1206 2826 1563 2895 corruptae,
1605 2820 1673 2866 et
1710 2799 1890 2888 quod
1928 2799 2100 2873 istis,
2142 2812 2213 2859 ut
2243 2815 2476 2858 verum
2514 2791 2740 2865 fatear,
2773 2810 2912 2851 non

820 2930 971 2995 satis
1010 2922 1172 2988 mihi
1209 2909 1613 3004 respondere
1643 2906 2010 2970 videantur.
2043 2905 2134 2965 Ac
2173 2901 2297 2963 erit
2332 2898 2606 2961 fortasse
2646 2912 2915 2979 tempus

822 3057 1029 3126 quum
1068 3027 1173 3094 vel
1206 3022 1404 3097 mihi,
1430 3018 1535 3082 vel
1571 3015 1682 3078 alii
1716 3010 1971 3100 potiuS,
2009 3030 2142 3070 non
2174 3007 2537 3092 primarum
2574 2998 2775 3065 modo
2809 3021 2918 3062 se-

820 3166 899 3207 cu
910 3139 1322 3218 ndarumque
1343 3120 1881 3191 exercitationum
1904 3128 2229 3202 praecepta
2244 3108 2698 3196 exemplaque,
2713 3102 2830 3170 sed
2850 3122 2919 3168 et

823 3248 1111 3332 reliquos
1132 3257 1363 3302 omnes
1389 3248 1643 3295 veteres
1671 3224 1911 3288 artium
1938 3222 2320 3306 scriptoreS,
2349 3237 2632 3306 quorum
2659 3211 2918 3302 pleros-

824 3373 955 3441 que
1000 3347 1103 3410 vel
1150 3340 1416 3406 nomine
1461 3335 1608 3422 ipso
1656 3329 1854 3393 etiam
1898 3324 2197 3390 litteratis
2246 3323 2504 3408 ignotos
2556 3316 2792 3397 viden,
2848 3317 2920 3380 in

825 3476 1033 3519 unum
1057 3468 1296 3535 corpus
1321 3441 1659 3525 colligere,
1688 3456 1766 3499 ac
1794 3432 2033 3496 nostris
2057 3426 2440 3493 hominibus
2462 3422 2770 3488 exhibere
2800 3420 2924 3485 da—

824 3563 1020 3626 bitur.
1056 3558 1315 3619 Interea
1345 3571 1536 3624 vern,
1576 3563 1814 3633 praeses
1848 3539 2285 3628 amplissime,
2315 3530 2640 3624 quidquid
2674 3531 2743 3595 id
2780 3549 2920 3602 est,

825 3664 1006 3755 quod
1041 3664 1109 3726 in
1145 3656 1551 3742 Quintiliano
1590 3669 1655 3715 et
1691 3649 1924 3712 Flacco
1957 3645 2416 3735 praestitimus,
2447 3641 2567 3705 etsi
2597 3637 2922 3726 dignitate

826 3789 940 3837 tua
978 3771 1173 3853 longe
1216 3764 1529 3837 iuferiu5‚
1576 3757 1697 3822 tibi
1739 3773 1960 3819 tamen
2004 3752 2223 3817 dicare
2269 3750 2486 3813 visum
2530 3763 2667 3825 est,
2707 3767 2920 3833 quum

826 3874 1007 3966 quod
1038 3872 1219 3937 Fabii
1247 3890 1480 3954 magna
1514 3887 1700 3952 pars,
1732 3862 1851 3925 etsi
1880 3860 2094 3925 lacera
2123 3855 2623 3944 deformemque
2654 3850 2921 3939 pridem

823 3981 1120 4056 alterius,
1147 3977 1336 4065 cujus
1361 3970 1716 4058 diligentiae
1742 3985 1809 4031 et
1830 3966 1959 4034 hoc
1982 3961 2383 4027 beneficium
2415 3956 2668 4022 tamdiu
2690 3953 2926 4019 debui-

824 4110 1000 4164 mus,
1021 4079 1475 4170 adsignatione
1498 4094 1604 4141 tua
1629 4071 1917 4164 quodam
1938 4071 2090 4160 jure
2111 4068 2280 4134 facta
2301 4082 2429 4144 est,
2455 4064 2624 4129 adeo
2643 4076 2718 4126 ut
2737 4081 2923 4123 nunc

824 4190 1015 4257 reddi
1044 4189 1301 4279 potiuS,
1331 4204 1533 4273 quam
1564 4178 1797 4248 donari
1823 4175 2158 4244 videatur:
2193 4191 2331 4238 tum
2369 4168 2548 4259 quod
2588 4168 2659 4234 in
2696 4188 2775 4230 eo
2810 4186 2919 4229 se-
