3200 5117
720 603 804 682 64
914 604 1005 666 M.
1038 603 1110 665 F.
1136 600 1692 684 QUIN'I'ILIANI
1724 601 1912 666 DEC.
1947 601 2065 663 111.
2098 600 2265 665 PRO
2290 600 2623 666 MILITE.

722 727 979 798 tatione
1008 727 1217 797 vitam
1255 753 1440 824 genu
1476 726 1678 795 nixus
1709 746 1924 823 petat;
1958 753 2086 796 nec
2118 747 2190 796 tu
2230 726 2446 824 rogari
2493 727 2580 796 ab
2630 727 2830 798 inno»

722 865 920 914 cente
952 843 1186 939 exigi53
1232 868 1360 912 nec
1392 841 1537 913 viro
1588 841 1742 911 forti
1788 867 1962 938 opus
1992 861 2094 911 est
2127 841 2391 937 precari
2432 839 2827 912 absolutio-

722 984 929 1028 nem:
967 985 1190 1028 unum
1229 977 1453 1053 rogat,
1491 976 1572 1026 ut
1601 955 1655 1026 si
1698 954 1868 1051 quid
1907 955 1996 1025 de
2033 982 2241 1025 eausa
2279 954 2464 1025 illius
2503 954 2774 1025 dubitas
2799 1012 2818 1042 ‚

723 1071 842 1142 des
874 1072 1276 1143 dilationem
1315 1097 1533 1167 usque
1569 1070 1658 1139 ad
1693 1070 2087 1167 proximum
2128 1070 2485 1168 praelium:
2527 1097 2706 1167 pone
2746 1071 2820 1142 in

720 1188 948 1287 prima
980 1187 1161 1274 acie,
1196 1213 1375 1285 pone
1406 1208 1563 1256 ante
1598 1184 1790 1282 signa
1813 1243 1831 1274 ,
1863 1186 2128 1257 fortiter
2151 1186 2438 1256 dixerim
2474 1213 2617 1258 non
2648 1187 2823 1257 inter

722 1304 1010 1391 tirones,
1044 1303 1165 1373 ubi
1197 1302 1349 1400 plus
1381 1302 1704 1400 periculi,
1742 1330 1881 1398 quo
1929 1303 2275 1374 maximus
2310 1303 2619 1374 hostium
2664 1304 2822 1402 glo-

720 1419 853 1490 bus
887 1419 1193 1515 ingruet:
1238 1440 1468 1516 specta
1513 1440 1988 1515 pugnantem;
2029 1419 2345 1506 affirmO,
2383 1441 2551 1491 tunc
2583 1420 2818 1491 minus

723 1532 1033 1629 ignosces
1088 1533 1415 1603 tribuno:
1463 1533 1661 1604 liceat
1708 1532 1802 1604 ire
1855 1533 1925 1604 in
1970 1535 2228 1622 aciem,
2278 1534 2603 1632 congredi
2654 1562 2817 1607 cum

722 1649 1079 1719 hostibus:
1128 1650 1182 1718 si
1233 1650 1451 1746 perire
1496 1648 1732 1736 debet,
1783 1671 1979 1745 rogat
2020 1671 2116 1739 te,
2160 1651 2570 1749 imperator,
2620 1651 2821 1722 miles

720 1783 880 1836 tuus
902 1821 920 1851 ‚
953 1790 1159 1862 opera
1187 1764 1421 1835 mortis
1447 1791 1589 1835 suae
1622 1764 1834 1836 utaris
1863 1764 2145 1836 feliciter
2160 1763 2213 1835 ⁴⁶.

792 1959 813 1980 ⁰
838 1960 926 2010 His
952 1957 1206 2010 addemus
1231 1959 1456 2010 libenter
1476 1958 1729 2011 Frenshe-

722 2038 811 2087 mii
836 2036 901 2087 cle
925 2038 1021 2087 hac
1044 2057 1097 2086 re
1120 2039 1505 2098 narrationem,
1530 2040 1579 2087 in
1602 2039 1731 2107 Sup-

722 2118 879 2188 plem.
922 2116 1011 2168 lib.
1050 2117 1264 2182 LXWt,
1299 2137 1344 2166 c.
1384 2117 1479 2181 21,
1507 2135 1664 2188 quam
1701 2136 1728 2167 e

722 2198 838 2248 val.
866 2199 1004 2247 Max.
1028 2201 1126 2262 vl,
1158 2217 1208 2262 ι,
1238 2196 1502 2248 Plutarch.
1533 2198 1585 2247 iu
1614 2199 1729 2247 Ma-

724 2283 832 2340 rio,
856 2292 902 2328 et
927 2280 1094 2329 (Ticer.
1116 2299 1211 2349 pro
1236 2278 1419 2328 Milon.
1443 2279 1724 2349 expressit:

729 2362 830 2410 «ln
872 2361 1099 2409 exercitu
1138 2361 1196 2409 C.
1234 2359 1452 2424 Lusius,
1488 2358 1729 2410 tribunus

730 2460 753 2482 «ι
776 2438 997 2488 militum
1023 2435 1243 2504 agebat,
1267 2438 1343 2486 vir
1369 2450 1615 2488 strenuus
1631 2474 1646 2500 ‚
1678 2450 1730 2487 et

731 2537 753 2560 ι
774 2515 844 2565 ob
870 2515 1000 2576 hoc,
1027 2514 1177 2565 simul
1205 2528 1253 2565 et
1280 2515 1732 2585 propinquitatem

732 2613 753 2639 κ
776 2594 1072 2661 sanguinis,
1092 2591 1354 2643 avunculo
1382 2611 1554 2643 carus.
1583 2594 1631 2643 ls
1652 2594 1732 2643 in-

731 2697 753 2720 «
774 2693 903 2725 sana
944 2671 1165 2723 libidine
1209 2685 1484 2742 correptus
1506 2711 1523 2737 ‚
1567 2692 1731 2744 quum

730 2777 752 2801 α
776 2754 1154 2826 manipularem
1181 2751 1459 2823 quemdam
1488 2752 1728 2820 (Trebo-

732 2857 754 2879 ι
775 2836 922 2884 nium
951 2846 1041 2883 aut
1069 2831 1127 2882 C.
1155 2831 1380 2881 Plotium
1410 2830 1599 2884 diversi
1631 2851 1729 2882 no-

730 2938 754 2961 ·
774 2915 1011 2979 minant)
1031 2950 1048 2978 .,
1070 2925 1235 2963 noctu
1257 2913 1309 2962 in
1333 2916 1621 2963 tentorium
1647 2933 1731 2965 vo·

732 3014 754 3037 a·
776 3006 944 3043 casset
966 3030 981 3056 ‚
1025 3004 1075 3041 et
1118 2989 1541 3041 adolescentulus
1584 2990 1727 3043 dicto

732 3093 754 3115 ι
774 3071 975 3122 tribuni
1006 3089 1069 3121 ex
1101 3087 1249 3120 more
1283 3070 1472 3120 militiae
1507 3069 1727 3120 audiens

732 3172 754 3194 ι
775 3149 1036 3220 extemplo
1060 3149 1316 3210 venisset,
1343 3149 1445 3197 vim
1475 3149 1729 3199 nefariam

733 3253 757 3276 ι
777 3232 1040 3283 in'tentans
1069 3249 1100 3281 a
1129 3226 1290 3279 milite
1315 3229 1594 3315 confossus
1630 3243 1727 3282 est.

1817 1983 1837 2005 κ
1859 1963 2131 2011 Profectus
2178 1974 2290 2011 tum
2340 1961 2523 2032 aliquo
2565 1981 2594 2012 e
2635 1963 2819 2012 castris

1816 2061 1836 2082 u
1862 2040 2054 2090 Marius
2076 2040 2268 2090 fuerat.
2293 2040 2453 2090 Simul
2480 2042 2714 2103 revertit,
2732 2043 2819 2109 ju·

1817 2140 1839 2161 κ
1861 2116 1998 2167 dicio
2028 2120 2080 2170 in
2112 2119 2384 2188 principiis
2412 2121 2652 2170 instituto
2679 2121 2819 2169 acri-

1818 2217 1838 2240 «
1861 2210 1938 2247 ter
1971 2211 2248 2248 accusatus
2285 2211 2361 2247 est
2396 2216 2544 2249 reus:
2583 2212 2635 2248 et
2668 2200 2818 2267 ipse,

1815 2297 1838 2319 u
1859 2293 2181 2346 quamquam
2202 2275 2402 2326 adesset
2425 2278 2471 2325 ei
2493 2294 2674 2339 nemo,
2693 2294 2821 2326 ron-

1817 2376 1840 2398 ·
1861 2355 2176 2405 stantissime
2197 2353 2322 2404 dixit
2352 2373 2595 2418 causam,
2626 2367 2815 2406 testes-

1817 2453 1838 2477 a
1860 2452 1964 2504 que
1993 2432 2270 2503 produxit,
2296 2434 2385 2503 qui
2420 2431 2815 2484 adolescentem

1818 2533 1838 2554 u
1860 2529 1888 2561 a
1914 2513 1970 2562 C.
1994 2511 2151 2561 Lusio
2181 2529 2315 2580 sar-pe
2340 2510 2404 2559 de
2431 2524 2616 2581 stupro
2641 2510 2821 2581 appel-

1816 2612 1838 2636 «
1860 2589 2022 2639 latum
2046 2588 2448 2639 confirmabant.
2477 2589 2680 2639 idcirco
2707 2607 2818 2639 non

1816 2670 2030 2722 «solum
2069 2670 2294 2721 absolvit
2334 2688 2454 2720 eum
2494 2671 2816 2740 imperator,

1819 2771 1840 2794 κ
1862 2750 1954 2802 sed
1997 2751 2153 2801 etiam
2197 2767 2450 2800 eoronam
2467 2785 2483 2812 ‚
2528 2748 2699 2818 qualis
2747 2748 2827 2799 ob

1815 2854 1836 2874 κ
1859 2831 2016 2881 fortia
2068 2831 2204 2881 facta
2258 2829 2371 2880 dari
2423 2844 2772 2881 consueverat
2798 2866 2815 2891 ‚

1815 2908 2099 2960 «manibus
2138 2911 2247 2960 suis
2287 2909 2555 2979 imposuit.
2592 2908 2673 2958 Ab
2711 2907 2823 2958 hoe

1815 3012 1836 3035 κ
1857 2992 2044 3060 insigni
2075 2992 2215 3041 facto
2241 2988 2642 3040 admirationem
2670 2988 2826 3060 apud.

1815 3093 1837 3116 ιι
1860 3089 2068 3134 omnes,
2095 3089 2435 3140 amoremque
2460 3071 2603 3140 apud
2629 3072 2816 3121 milites

1816 3148 2218 3199 “incredibilem
2269 3150 2558 3220 imperator
2599 3166 2827 3221 promer

1816 3252 1838 3276 σι
1859 3230 1982 3281 ruit.
2006 3255 2028 3276 n
2060 3232 2153 3282 ED-
