3200 5117
734 524 855 598 ‘262
1230 535 1321 595 M.
1372 533 1622 595 FABII
1668 531 2306 614 QUINTILIANI

730 657 1057 754 puniatur
1090 683 1475 754 precamur,
1515 657 1703 754 quod
1744 655 2105 726 damnatus
2140 679 2419 750 quoque
2451 648 2558 723 vel
2590 669 2813 721 morte

731 773 1179 869 defungetur,
1212 799 1422 871 quam
1461 799 1586 843 nos
1627 771 1697 841 in
1740 771 1854 841 illa
1895 770 2362 841 funestissima
2391 770 2606 854 fame,
2638 766 2813 836 dum

729 887 1000 985 sepeliri
1034 886 1261 977 licuit,
1298 886 1727 984 optavimus:
1764 886 1868 957 vel
1904 885 2176 973 exsilio,
2210 886 2395 981 quod
2435 885 2548 955 hic
2583 908 2812 978 quan-

729 1026 962 1100 topere
998 1024 1434 1091 contemnat,
1479 1023 1795 1100 apparet,
1839 1001 1959 1098 qui
1995 1021 2133 1070 tam
2180 1000 2362 1071 lente
2411 1000 2480 1069 in
2523 996 2808 1095 patriam

728 1119 1105 1189 revertitur.
1143 1120 1593 1216 Quamquam
1635 1118 1720 1188 de
1759 1145 1899 1213 quo
1935 1116 2167 1187 exsilio
2203 1116 2481 1212 loquar?
2519 1133 2813 1210 quanta-

724 1234 893 1303 libet
913 1234 1293 1331 ignominia
1322 1235 1636 1304 dimittite
1665 1233 1873 1304 domo
1902 1254 2248 1319 notatum3
2283 1231 2489 1303 habet
2515 1256 2654 1325 quo
2680 1249 2807 1299 eat.

725 1350 882 1418 Non
934 1349 1231 1446 publicis
1268 1349 1592 1421 manibus
1634 1363 2033 1419 exeuntem¹
2076 1347 2589 1446 discerpsimuS,
2630 1370 2810 1431 non,

728 1462 1061 1558 quoniam
1099 1464 1312 1535 semel
1349 1491 1954 1551 consueveramus,
1984 1484 2049 1533 et
2081 1463 2264 1533 bona
2303 1462 2475 1532 fide²
2507 1462 2809 1530 ferarum

729 1603 870 1647 esse
888 1577 1119 1648 civitas
1142 1600 1466 1676 coeperat,
1487 1578 1604 1648 hic
1627 1578 1895 1676 primus
1912 1577 2111 1649 nobis
2137 1603 2216 1648 ex
2241 1597 2382 1646 tam
2414 1575 2605 1645 tardo
2628 1600 2814 1643 com-

729 1715 957 1764 meatu
986 1693 1241 1791 placuit
1266 1694 1498 1765 cibus?
1528 1694 1625 1764 sic
1648 1695 1838 1765 enim
1870 1695 2076 1765 istum
2100 1692 2384 1779 laniari,
2411 1691 2505 1762 sic
2534 1688 2811 1778 confici,

728 1808 823 1878 sic
846 1810 1161 1880 consumi
1190 1810 1491 1907 oportuit
1512 1809 1673 1907 jure
1701 1808 1998 1881 nostr03.
2032 1808 2212 1897 Quis
2238 1804 2506 1878 credat?
2535 1832 2661 1901 ego
2696 1831 2810 1875 me

726 1923 813 1992 ab
840 1923 968 2024 hoc
997 1924 1336 1996 abstinere
1367 1927 1590 2024 potui,
1620 1953 1841 2023 quum
1871 1945 1939 1995 et
1968 1925 2335 2010 esurirem,
2364 1941 2428 1992 et
2457 1920 2815 1991 irascerer?

823 2039 907 2107 1.1
933 2038 1063 2108 Sed
1084 2040 1433 2109 frumento
1452 2040 2051 2137 occupatisumus,
2077 2066 2199 2108 uec
2217 2037 2605 2136 quidquam
2622 2034 2806 2104 aliud

726 2151 1063 2222 videmus.
1088 2156 1154 2224 O
1173 2175 1427 2251 quanta
1453 2182 1522 2223 es
1547 2154 1795 2241 fames,
1822 2179 1974 2250 quae
1999 2174 2136 2223 tam
2168 2150 2544 2246 grandem
2532 2176 2700 2220 tram
2722 2147 2813 2219 vi·

729 2264 908 2335 cisti!
933 2287 999 2335 at
1019 2295 1168 2363 eg0,
1189 2269 1447 2337 etiamsi
1475 2268 1623 2337 talis
1648 2268 1815 2337 ultio
1842 2267 2257 2364 contigisset,
2276 2267 2330 2336 si
2357 2293 2468 2335 me
2489 2294 2528 2335 a
2550 2263 2812 2335 nefario

728 2402 1100 2476 grassatore
1124 2384 1544 2480 reipublicae,
1560 2411 1698 2453 non
1724 2383 1988 2479 lingua,
2011 2384 2123 2453 sed
2146 2382 2467 2453 dentibus
2487 2379 2812 2452 vindicas-

730 2522 908 2583 sem,
943 2497 1116 2567 nihil
1155 2520 1383 2567 tamen
1425 2499 1568 2587 irae,
1601 2499 1775 2569 nihil
1812 2500 2127 2570 vindictae
2163 2499 2644 2597 praestiteram:
2682 2496 2808 2567 hoc

733 2631 803 2682 et
844 2613 1017 2680 meis
1059 2614 1209 2683 feci.
1250 2616 1571 2685 AEstuant
1612 2615 1838 2686 adhuc
1883 2615 2058 2685 intra
2093 2637 2327 2713 pectus
2359 2614 2627 2712 sepulta
2656 2638 2813 2683 ven-

725 2725 945 2797 tribus
976 2730 1219 2799 nostris
1251 2753 1541 2827 cognata
1574 2731 1824 2802 viscera
1845 2788 1862 2821 ,
1895 2753 1960 2801 et
1989 2753 2363 2802 tumescere
2393 2730 2577 2800 intus
2606 2749 2812 2826 atque

730 2841 1075 2938 indignari
1106 2844 1451 2935 videntur,
1488 2868 1556 2919 et
1588 2875 1737 2918 sera
1773 2847 2176 2944 poenitentia
2203 2845 2627 2916 redundant:
2653 2844 2804 2940 jam

729 2956 917 3026 enim
946 2979 1139 3029 vacat
1177 2959 1378 3031 nobis
1413 2961 1679 3059 lugere3
1710 2961 1857 3060 jam
1898 2962 2084 3031 cibos
2118 2982 2382 3031 nostros
2415 2958 2800 3041 efferimus,

728 3068 976 3141 viscera
1015 3099 1439 3161 cremamus3
1477 3102 1639 3146 nam
1678 3096 1917 3147 caetera
1956 3076 2322 3146 nobiscum
2365 3070 2818 3171 sepelientur.'

729 3187 797 3255 Ο
829 3187 1048 3259 fames
1089 3189 1431 3277 inaudita,
1478 3192 1549 3262 in
1587 3219 1724 3288 qua
1768 3191 1982 3262 levius
2025 3212 2153 3279 est,
2199 3191 2386 3290 quod
2429 3184 2800 3260 esurimus!

729 3300 1060 3395 ignoscite
1104 3324 1373 3393 tamen,
1403 3306 1645 3378 violati
1692 3333 1929 3377 manes
1963 3334 2318 3393 meorum,
2356 3305 2471 3377 hic
2502 3330 2619 3375 vos
2646 3299 2810 3372 allo·

730 3439 928 3508 quor,
956 3415 1283 3510 ignoscite
1306 3419 1494 3514 quod
1520 3445 1638 3489 ora
1655 3420 2143 3492 temeravimus
2159 3476 2178 3508 ‚
2204 3418 2393 3518 quod
2412 3417 2501 3488 ab
2521 3414 2809 3487 homine

804 3625 846 3657 1.
876 3609 1184 3661 Exeuntem.
1211 3614 1369 3664 Deest
1392 3615 1480 3664 W.
1513 3629 1563 3665 et
1588 3629 1728 3667 certe
1809 3616 1946 3667 idem
1992 3630 2140 3667 notat
2183 3613 2326 3687 quod
2369 3615 2586 3665 omniuo
2603 3651 2620 3677 ,
2665 3609 2808 3663 haud

728 3702 825 3753 ego
846 3685 1089 3753 mallem,
1112 3689 1435 3750 redeuntem,·
1461 3694 1558 3743 nisi
1579 3693 1728 3745 intel·
1809 3697 2000 3763 dubie,
2028 3712 2173 3750 extra
2198 3696 2637 3756 controversiam5
2666 3692 2803 3744 Plor.

724 3761 945 3830 ligamus
970 3778 1237 3817 exeuntem
1263 3786 1323 3818 ex
1342 3772 1493 3834 navi,
1518 3784 1575 3821 ut
1595 3776 1886 3843 cyre-11,
1916 3794 1932 3828 ι
1959 3797 1971 3826 =
1996 3800 2017 3821 ‹-
2036 3777 2215 3843 Quum
2236 3777 2289 3826 Ρ.
2312 3776 2373 3826 R.
2395 3774 2537 3825 bona
2559 3771 2662 3837 fide
2680 3769 2807 3823 ado·

724 3841 1297 3912 diensemenavi‚dixit
1311 3851 1520 3901 Terent.
1537 3853 1724 3903 Heaut.
1814 3852 2092 3915 «levisset3
2115 3878 2137 3901 ιο
2176 3867 2227 3903 et
2259 3855 2332 3917 11,
2371 3852 2434 3904 3:
2472 3872 2495 3897 ιι
2515 3852 2664 3902 Bona
2704 3847 2807 3901 fide

726 3921 774 3982 1,
807 3937 852 3970 2.
886 3922 958 3972 Bu
947 3938 1051 3972 nu.
1815 3937 2114 3987 «cessantia
2139 3952 2299 3986 arma.

798 4014 845 4048 2.
870 3999 1017 4050 Bona
1028 3997 1157 4072 fide.
1188 4002 1326 4054 Male
1355 4004 1539 4058 Badius
1565 4006 1729 4076 expli·
1878 4012 1927 4064 3.
1952 4014 2080 4064 Jure
2105 4024 2292 4064 nostro.
2317 4008 2376 4061 ld
2400 4023 2507 4075 est,
2526 4020 2808 4094 eonsuetu-

727 4093 839 4145 cat,
876 4081 1025 4132 venia
1057 4081 1304 4152 publica,
1344 4106 1507 4158 quum
1545 4088 1727 4139 liceret
1807 4090 1962 4155 dine,
2010 4110 2123 4162 quae
2158 4092 2213 4141 in
2252 4092 2341 4158 jun
2385 4090 2536 4159 quasi
2557 4084 2803 4139 transiit·

726 4160 1257 4214 fortioridebiliorem
1278 4167 1522 4220 occidere
1539 4182 1590 4219 et
1607 4168 1728 4221 ede·
1806 4173 1922 4225 vid.
1957 4172 2173 4225 Salmas.
2207 4170 2276 4223 ad
2302 4168 2808 4238 Flor.1‚17;G=-o-

726 4259 811 4292 τες
853 4244 1080 4295 formula
1116 4245 1259 4297 enim
1296 4246 1385 4298 ina
1422 4250 1554 4300 bona
1575 4246 1724 4320 fide,
1806 4269 1927 4305 nov.
1953 4250 2018 4303 ad
2043 4252 2222 4303 Senec.
2248 4247 2316 4300 de
2339 4247 2724 4318 Tranq.Anim.
2749 4244 2804 4296 3.
