3200 5117
1309 603 1401 665 M.
1449 603 1697 666 FABlI
1742 601 2378 684 QUINTILIANI

805 725 996 797 scivit
1022 750 1091 795 se
1125 751 1267 796 esse
1301 723 1665 810 heredem,
1697 751 1923 794 amare
1961 724 2179 822 magis
2209 745 2472 821 patrem
2513 723 2786 795 debuit:
2827 725 2883 799 si

805 841 1169 939 ignoravit,
1223 867 1362 910 non
1411 840 1655 911 habuit
1695 839 1882 938 quod
1929 861 2223 938 speraret
2270 867 2349 910 ex
2394 861 2614 911 morte
2659 838 2881 937 patris.

807 957 1184 1055 Reliquum
1213 977 1341 1044 est,
1367 978 1442 1047 ut
1467 957 1884 1044 intueamur,
1911 955 2025 1027 ille
2054 957 2174 1055 qui
2201 956 2426 1055 periit,
2453 955 2539 1026 ab
2571 975 2728 1025 utro
2747 980 2887 1024 ma·

808 1070 911 1169 gis
934 1092 1234 1141 vestrum
1261 1070 1704 1141 desideretur.

902 1188 1121 1256 xvll.
1167 1190 1305 1274 Tc,
1351 1188 1629 1285 opinor,
1668 1185 1782 1258 hic
1827 1186 2096 1284 gravius
2130 1185 2344 1256 afficit
2383 1185 2615 1272 dolor;
2655 1183 2887 1281 impa-

806 1299 1090 1370 tientius
1110 1300 1219 1370 hic
1245 1299 1466 1372 luctus
1490 1301 1864 1385 exanimat,
1891 1322 1987 1388 te,
2006 1327 2159 1399 quae
2180 1299 2552 1371 obsoletam
2580 1298 2888 1396 protinus

808 1413 1075 1484 nubem
1101 1428 1149 1500 ¹,
1180 1435 1246 1486 et
1281 1417 1570 1514 tempori
1600 1416 2120 1487 accommodata
2152 1415 2475 1511 lugubria
2497 1427 2521 1457 ²
2561 1412 2888 1484 flammeo

809 1549 1187 1599 revertente
1230 1530 1577 1600 mutabis:
1623 1529 1735 1600 hic
1783 1556 1940 1600 vero
1976 1530 2289 1630 juveniS,
2334 1528 2452 1626 qui
2497 1528 2551 1598 si
2601 1528 2891 1597 fortunae

812 1669 952 1713 suae
999 1643 1179 1714 mala
1223 1672 1384 1714 cum
1423 1644 1778 1742 praeteritis
1818 1666 2205 1743 comparet,
2247 1670 2460 1714 caecus
2503 1641 2706 1739 coepit
2752 1666 2892 1711 esse

806 1783 1001 1827 nunc
1033 1758 1382 1855 primum:
1420 1758 1590 1855 quid
1632 1785 1774 1829 non
1816 1758 2023 1830 miser
2060 1759 2131 1827 in
2178 1757 2307 1828 hoc
2351 1782 2515 1827 sene
2551 1753 2893 1853 perdidit?

809 1872 1081 1944 vivebat
1120 1873 1213 1945 illi
1252 1901 1506 1972 magua
1541 1876 1789 1972 pietaS‚
1824 1874 2108 1944 aderant
2146 1898 2568 1969 quocunque
2599 1872 2896 1970 jusserat

810 1986 898 2057 de
931 1987 1105 2057 facie
1142 1989 1350 2084 patris
1387 1988 1609 2058 oculi:
1649 2013 1790 2055 non
1831 1986 2120 2056 illudere
2165 1985 2559 2056 infelicibus
2598 1982 2897 2055 tenebris

806 2123 1251 2174 contumaces
1276 2100 1526 2172 servuli
1562 2121 1908 2196 poterant3
1933 2126 2092 2188 nee,
2119 2098 2305 2195 quod
2327 2119 2708 2170 extremum
2735 2123 2901 2168 con-

808 2214 1258 2285 tumeliarum
1292 2241 1508 2312 genus
1539 2234 1671 2302 est,
1699 2236 1775 2285 ut
1807 2214 2179 2285 dominum
2214 2234 2439 2309 ageret
2453 2211 2507 2299 3,
2538 2213 2890 2310 rogabant.

810 2331 1019 2400 Nunc
1050 2350 1340 2426 quanta,
1368 2328 1462 2398 dii
1497 2328 1694 2398 boni!
1721 2327 2024 2399 ludibria
2043 2347 2206 2398 sunt
2226 2326 2574 2398 ineunda?
2596 2328 2898 2398 Junxere

815 2469 883 2514 se
909 2443 1160 2540 pariter
1187 2442 1448 2514 caecitas
1473 2463 1537 2513 et
1560 2442 2092 2534 solitudo.Quid
2119 2442 2240 2513 tibi
2262 2469 2483 2530 nunc,
2511 2440 2899 2512 miserrime

813 2556 1233 2647 adolesceuS,
1257 2558 1598 2628 hereditas
1623 2558 1916 2655 prodest,
1943 2585 2153 2655 quam
2178 2578 2446 2628 tantum
2470 2556 2706 2641 audis?
2726 2556 2896 2653 quid

818 2671 1009 2743 enim
1045 2671 1222 2743 circa
1251 2671 1359 2743 te4
1383 2671 1679 2771 pecunia
1701 2670 1955 2770 potest?
1987 2698 2140 2769 quae
2168 2672 2445 2743 fruendi
2473 2668 2902 2768 voluptates?

817 2785 990 2884 quid
1019 2785 1209 2857 aliud
1237 2813 1448 2884 quam
1480 2786 1864 2885 spoliorum
1890 2786 2103 2857 facilis
2131 2786 2425 2858 occasio?
2450 2788 2688 2876 Quam
2721 2786 2898 2856 bene

816 2898 946 2970 ista
978 2900 1216 2971 omnia
1249 2901 1512 3000 paterni
1542 2899 1724 2973 oculi
1756 2900 2270 2972 custodiebant!
2309 2927 2521 2997 quam
2551 2898 2755 2971 facile
2790 2899 2899 2971 de·

816 3014 990 3112 cipi,
1025 3041 1240 3113 quam
1272 3015 1467 3086 facile
1503 3015 1841 3086 denudari
1868 3072 1888 3104 ‚
1923 3043 2134 3113 quam
2166 3017 2309 3087 sine
2340 3016 2572 3087 labore
2606 3014 2747 3084 falli
2778 3041 2902 3113 po-

817 3127 943 3199 tes!
972 3156 1186 3227 quam
1216 3128 1352 3200 cito
1378 3129 1579 3226 inops
1608 3128 1785 3199 fieri!
1822 3131 2043 3201 Morte
2072 3131 2281 3228 patris
2310 3128 2761 3202 exheredatus
2791 3155 2897 3200 εει

808 626 890 669 22

897 3356 940 3389 1.
967 3339 1257 3391 Obsolctam
1278 3343 1484 3392 nubem.
1507 3345 1606 3394 Pro
1630 3345 1821 3393 tenuis·

824 3420 948 3469 sima
970 3431 1137 3477 veste3
1165 3439 1285 3469 nam
1310 3439 1423 3489 qum
1448 3421 1587 3492 apud
1613 3435 1820 3472 nostra-

822 3511 902 3549 tes
925 3499 1146 3549 feminas
1176 3499 1348 3551 adhuc
1379 3501 1434 3550 in
1461 3520 1560 3553 usu
1584 3521 1679 3572 per
1707 3501 1821 3552 luc-

822 3591 933 3627 tum
957 3613 974 3640 ,
1029 3576 1276 3628 Romanis
1327 3580 1462 3629 inter
1512 3595 1820 3631 ornamenta

822 3654 975 3706 luxus
999 3657 1160 3707 fuere.
1187 3659 1468 3710 Ascensius
1494 3674 1686 3711 vestem
1711 3660 1823 3731 pul·

822 3732 925 3784 lam
950 3735 1337 3805 interpretatur.
1372 3738 1605 3788 Arnobio
1635 3741 1817 3790 nubem

820 3813 1026 3868 videtur
1048 3815 1234 3867 dixisse
1262 3836 1359 3887 pro
1379 3819 1551 3890 fascia
1570 3820 1818 3890 frontali.

896 3913 942 3948 2.
970 3897 1228 3968 Luqubria
1254 3897 1320 3949 ad
1345 3899 1601 3970 reliquum
1627 3920 1820 3973 corpus

820 3979 1100 4051 pertinent.
1131 3981 1247 4030 Fuit
1278 3995 1453 4033 autem
1480 3982 1653 4033 luctus
1688 3997 1821 4035 tem-

823 4077 924 4130 pus
960 4059 1262 4112 delinitum:
1293 4061 1408 4112 vide
1447 4061 1535 4112 lib.
1571 4064 1627 4129 1,
1659 4064 1719 4115 ff.
1754 4064 1821 4115 de

825 4139 908 4194 his
933 4159 1046 4213 quae
1069 4154 1180 4192 not.
1207 4143 1260 4192 in
1286 4143 1411 4193 fam.

894 4223 945 4277 3.
971 4222 1037 4274 Ue
1051 4222 1323 4274 dominum
1337 4235 1535 4296 ayeret,
1556 4227 1818 4300 rogabant.

823 4302 925 4355 Pro
951 4300 1165 4353 domino
1188 4319 1244 4353 se
1266 4318 1465 4371 gereret
1483 4341 1499 4362 ,
1524 4317 1710 4374 praeter
1734 4305 1821 4355 im-

1899 3344 2259 3415 pedimentum
2295 3349 2419 3398 vitio
2459 3348 2666 3398 luminis
2704 3360 2896 3397 ortum.

1971 3424 2021 3489 4.
2047 3425 2190 3477 Circa
2212 3438 2260 3477 te
2275 3427 2496 3497 pecunia
2514 3437 2695 3497 potest.
2713 3426 2900 3476 Rarior

1900 3503 2126 3571 locutio,
2170 3505 2261 3557 sed
2288 3525 2347 3557 ex
2372 3525 2518 3557 more
2551 3509 2664 3575 ejus
2697 3518 2902 3573 tempo-

1900 3587 1968 3634 ris
1984 3624 2000 3650 ‚
2025 3604 2130 3657 quo
2155 3590 2292 3637 varie
2315 3605 2377 3636 ac
2402 3586 2763 3657 propositione
2788 3596 2904 3634 ute-

1901 3663 2108 3715 bantur.
2137 3667 2217 3716 Sic
2239 3665 2463 3727 Fabius,
2489 3665 2656 3713 instit.
2682 3660 2773 3712 lib.
2799 3661 2900 3725 XI,

1905 3760 1932 3794 α
1967 3765 1978 3793 :
2021 3766 2042 3789 a
2071 3744 2288 3794 vanitas
2335 3744 2434 3793 fuit
2478 3756 2638 3812 atque
2678 3740 2900 3811 jactatio

1909 3849 1929 3871 u
1951 3827 2085 3879 circa
2119 3826 2421 3877 memoriam
2454 3842 2618 3875 suam.
2638 3847 2659 3869 n
2693 3824 2768 3873 lta
2800 3841 2899 3893 pro

1902 3921 2020 3977 erqo
2033 3906 2109 3956 usi
2122 3906 2452 3975 posteriores.
2466 3903 2633 3971 Magis
2643 3920 2766 3953 vero
2784 3919 2903 3952 con-

1903 3986 2113 4035 veniunt
2144 3981 2268 4034 huic
2302 3981 2423 4034 loeo
2456 3980 2543 4032 illa
2578 3981 2814 4032 Suetonii
2845 3982 2900 4031 in

1901 4061 2086 4114 Claud.
2113 4080 2229 4133 cap.
2259 4061 2348 4126 14:
2383 4062 2572 4112 «Novo
2597 4061 2732 4112 circa
2758 4060 2903 4129 prin-

1909 4167 1930 4189 u
1951 4143 2118 4213 cipern
2135 4140 2392 4212 exemplo.
2411 4141 2750 4191 n—-Justinus
2764 4139 2900 4204 XIV,

1909 4245 1930 4267 α
1952 4218 2112 4272 Simul
2138 4233 2222 4286 ut,
2248 4219 2516 4290 quomodo
2541 4221 2681 4271 circa
2705 4236 2762 4269 se
2787 4218 2898 4270 ani·

1910 4324 1930 4347 ι
1953 4302 2075 4352 mati
2102 4312 2301 4366 essent,
2326 4309 2690 4369 cognosceret.
2712 4318 2734 4340 ι·
