3200 5117
1114 540 1631 608 ssxcERPTA.
2256 539 2409 637 1459

327 684 474 738 est:
511 662 567 735 si
601 662 839 736 odium
867 658 1031 748 filii,
1070 659 1161 731 ad
1197 659 1407 758 patris
1436 655 1946 734 infestationem
1975 686 1989 732 :
2024 658 2186 736 inde
2222 685 2412 738 rarus

331 779 402 852 in
444 777 762 878 publico,
799 795 979 847 totus
1013 774 1204 873 apud
1239 793 1558 846 matrem.
1610 770 1745 846 Sed
1775 798 1897 870 per
1926 771 2092 856 deos
2126 774 2415 854 immor-

329 892 531 981 tales,
576 893 665 963 ab
707 891 971 962 incesto
1012 888 1335 960 libidines
1378 906 1768 984 coeperunt:
1820 886 1974 985 quis
2017 916 2333 988 unquam
2375 919 2415 966 a

328 1005 628 1080 summis
655 1004 940 1104 incipit?
973 1002 1337 1079 infinitum
1363 1022 1493 1093 est,
1524 1000 1714 1100 quod
1743 1000 1989 1078 debeat
2018 1024 2255 1080 autem
2276 1020 2293 1048 ¹
2326 1006 2419 1080 fe-

327 1122 495 1200 cisse
545 1119 751 1192 filius.
800 1118 1037 1214 Quid,
1072 1117 1262 1215 quod
1296 1115 1411 1188 hic
1452 1116 1790 1192 contraria
1824 1117 2321 1194 miscerentur?
2354 1141 2420 1192 et

326 1236 415 1310 ad
436 1236 780 1328 incestum
806 1262 979 1334 opus
1005 1255 1132 1325 est,
1156 1252 1233 1304 ut
1253 1232 1651 1324 adametur,
1676 1253 1749 1308 et
1769 1232 1858 1304 ad
1878 1233 2108 1310 filiurn
2124 1292 2142 1326 ,
2169 1255 2251 1308 ut
2270 1263 2416 1312 non

330 1353 732 1428 adametur:
770 1380 892 1424 cur
915 1352 1142 1426 filium
1168 1348 1725 1423 occidistiP—P.
1757 1349 1970 1442 Quod
1992 1377 2230 1426 rumor
2253 1379 2416 1428 eum
2446 1401 2453 1410 -

329 1467 722 1544 accusabat.
742 1469 961 1542 -Μ.
998 1469 1172 1540 Ecce
1204 1493 1339 1558 res,
1375 1465 1524 1538 cui²
1553 1485 1875 1538 naturam
1911 1487 2148 1544 contra
2180 1493 2421 1565 paren·

330 1605 429 1657 tes
447 1641 466 1674 ,
500 1606 736 1658 contra
759 1584 1014 1658 liberos
1039 1582 1225 1657 credi
1245 1583 1513 1655 debeat.
1547 1583 1695 1653 Oro
1714 1640 1732 1674 ,
1760 1601 1985 1680 patres
2010 1581 2416 1680 conscripti,

332 1727 487 1790 oro;
536 1700 648 1772 cui
693 1699 973 1771 facilius·
1019 1697 1446 1772 credendum
1489 1717 1625 1787 est,
1673 1697 1757 1768 de
1801 1723 2075 1770 rumore
2123 1696 2421 1772 menda-

331 1814 555 1904 cium,
591 1841 681 1888 an
720 1814 805 1885 de
840 1835 1055 1892 matre
1089 1812 1680 1888 incestum?-—P.
1723 1812 2075 1888 Omnium
2105 1838 2420 1898 sermone

332 1929 705 2000 damnatus
747 1930 1156 2002 erat.--M.
1205 1926 1645 2002 Facillimum
1693 1927 1858 2016 fuit,
1906 1947 1985 2002 ut
2023 1926 2424 2026 loqueretur

327 2044 669 2141 populus,
714 2044 799 2117 de
827 2071 969 2141 quo
1000 2043 1380 2116 mirabatur
1411 2062 1678 2142 patrem
1706 2040 2077 2141 suspicari:
2115 2041 2272 2140 quis
2299 2068 2425 2115 au-

323 2181 475 2232 tem
500 2161 755 2236 fabulae
781 2162 994 2234 fuerit
1018 2182 1291 2252 auctor,
1315 2159 1430 2233 ille
1456 2159 1734 2259 probat,
1761 2159 1881 2256 qui
1907 2157 2216 2234 credidit.
2243 2159 2421 2246 Cur,
2495 2177 2507 2191 ·

324 2275 444 2374 inq
457 2302 658 2362 uam,
682 2276 908 2365 filiurn
940 2276 1245 2352 occidisti
1261 2275 1470 2350 ?—P.
1495 2274 1711 2364 Quod
1740 2274 2005 2351 rumori
2036 2272 2421 2350 credidi„—

324 2392 427 2464 M.
468 2392 631 2481 Quo
652 2413 1103 2490 argumenm,
1138 2390 1436 2490 perdite,
1467 2390 1657 2468 credi
1680 2388 1966 2464 debeat?
1996 2391 2104 2464 Da
2126 2388 2331 2470 matri
2358 2410 2424 2464 et

329 2504 480 2580 filio
500 2505 680 2578 hanc
710 2505 1244 2582 conscientiam:
1272 2504 1360 2580 ab
1385 2524 1679 2601 utroque
1704 2503 1983 2578 venient
2008 2528 2239 2601 preces
2263 2529 2278 2572 ε
2302 2529 2425 2586 au-

332 2616 526 2690 debit
565 2616 697 2688 hoc
742 2643 978 2715 rogare
1021 2616 1241 2703 filius,
1290 2637 1410 2686 aut
1440 2615 1739 2715 sperabit
1780 2643 1849 2690 se
1892 2617 2422 2715 impetraturam

333 2752 606 2814 mater:
646 2731 737 2806 da
780 2751 1133 2830 rogatum,
1178 2730 1270 2804 da
1310 2757 1713 2804 concessum
1750 2756 1924 2819 esse3
1968 2758 2198 2808 coram
2233 2751 2423 2833 patre

333 2845 779 2922 abstinebunt
815 2872 828 2920 :
880 2844 1112 2920 omnis
1146 2842 1580 2920 familiaritas
1628 2841 2131 2940 substringetur
2173 2845 2244 2918 in
2290 2871 2426 2943 pu-

334 2957 522 3038 blico
543 2986 557 3031 :
583 2980 820 3038 utrum
839 2959 1027 3049 velis,
1049 2958 1221 3058 elige
1243 2985 1257 3029 :
1292 2956 1636 3034 incestum
1656 2956 1978 3056 diligens,
2000 2978 2425 3055 suspectum,

336 3101 473 3180 que
501 3132 519 3164 ,
567 3100 713 3147 non
760 3074 892 3148 erit
935 3072 1342 3171 negligens3
1393 3071 1969 3174 deprehendetur.
1998 3116 2094 3124 -
2127 3074 2209 3148 Ρ.
2262 3073 2421 3146 Non

338 3189 520 3278 dixi,
562 3189 813 3280 debui;
850 3190 972 3262 sed
1006 3188 1524 3262 credidi.--M.
1566 3186 1703 3259 Sed
1731 3212 1859 3262 nec
1890 3185 2261 3260 credidisti.
2297 3187 2424 3260 Vis

339 3299 512 3402 quid
546 3300 632 3372 de
657 3328 934 3376 rumore
963 3302 1105 3400 ipse
1135 3300 1446 3391 senseris,
1480 3299 1776 3378 breviter
1803 3298 2135 3399 probem?
2167 3302 2277 3376 Da
2302 3299 2424 3376 bo-

339 3446 516 3499 num
564 3440 862 3520 patrem3
910 3418 1250 3492 dicturam
1295 3446 1410 3492 me
1451 3436 1681 3518 putet,
1730 3444 1873 3493 non
1920 3417 2190 3490 credet?
2235 3444 2419 3492 non:

339 3536 560 3616 immo
577 3535 835 3612 nesciet
850 3562 989 3612 esse
1007 3561 1391 3610 rumorem:
1416 3561 1630 3637 prope
1648 3555 1751 3610 est
1772 3535 2057 3626 incesto,
2071 3533 2313 3620 timere
2335 3561 2423 3614 ne

341 3649 482 3730 fiat.
528 3653 637 3722 Da
679 3648 983 3724 malum:
1028 3650 1389 3726 tormentis
1430 3648 1891 3748 quaerendum
1932 3674 2077 3724 esse
2118 3648 2419 3748 putasti:

341 3792 465 3838 cur
496 3765 722 3838 filium
759 3764 1319 3842 occidisti?--P.
1350 3767 1509 3842 Non
1542 3785 1850 3865 poteram
1880 3786 1980 3844 tot
2008 3765 2423 3854 delatoribus

341 3882 533 3953 aliter
577 3883 986 3981 respondere
1024 3910 1040 3955 :
1089 3882 1384 3960 breviter
1424 3884 1769 3981 respondi.
1811 3927 1908 3938 —-
1938 3885 2043 3956 M.
2093 3882 2160 3956 Ο
2208 3867 2418 3977 quam

339 4024 549 4096 prava
568 3997 948 4097 responsio!
973 3998 1177 4096 quid,
1198 3999 1254 4069 si
1280 3998 1617 4070 innocens
1647 3997 2042 4069 erat?-—-P.
2075 3995 2300 4086 Quid,
2331 4022 2420 4094 an

417 4185 461 4219 1.
487 4170 685 4236 Debent
718 4181 912 4224 autem.
946 4171 1133 4238 Forte,
1165 4172 1345 4228 debeat
1496 4186 1542 4230 ᾳ.
1571 4171 1668 4223 Res
1694 4171 1797 4222 cui.
1822 4170 1988 4239 Lege,
2013 4187 2111 4234 res,
2136 4169 2222 4222 cui
2244 4180 2422 4224 cotnra

341 4256 486 4314 ante,
513 4266 632 4301 nam
657 4249 708 4299 in
733 4247 874 4302 MSS.
896 4262 1007 4301 erat
1029 4248 1131 4316 aii,
1152 4248 1234 4304 vel
1252 4251 1339 4301 aii.
1422 4259 1694 4314 naturam,
1712 4259 1887 4310 contra
1904 4285 1918 4312 ,
1937 4261 2034 4300 etc.
2050 4261 2103 4300 ct
2122 4248 2195 4300 sic
2212 4246 2418 4324 Bipout.
