3200 5117
709 587 981 663 DsscL.
1027 590 1193 660 ΧΠ.
1242 593 1507 696 ms‘n
1555 550 2101 672 cAnAvEms.
2316 593 2436 660 ,ει

378 719 678 809 refulsit,
714 745 961 792 navem
1009 740 1373 818 putamus,
1421 718 1695 818 quoties
1735 719 1992 790 fractus
2027 736 2229 816 vento
2269 716 2448 791 fluc-

373 855 480 908 tus
522 836 861 926 incanuit,
907 833 1055 907 vela
1099 836 1657 936 interpretamur.
1703 835 1772 906 O
1814 832 2108 905 mobiles
2156 832 2450 906 misero-

372 976 529 1022 rum
564 950 752 1050 spes!
788 950 877 1023 ad
909 976 1343 1048 unaquaeque
1372 948 1614 1021 solatia
1635 1005 1653 1038 ,
1688 948 1778 1020 ab
1808 947 2231 1048 unoquoque
2272 973 2449 1046 quo-

371 1064 583 1137 modo
618 1059 906 1137 nutant?
938 1063 1083 1136 haec
1121 1084 1296 1137 certe
1337 1064 1526 1136 navis
1559 1053 1700 1155 est,
1724 1091 1895 1138 -ecce
1924 1064 2074 1136 vela
2118 1060 2450 1165 pandun-

371 1196 512 1268 tur,
564 1178 849 1277 propius
897 1177 1298 1278 appellitur,
1349 1200 1417 1252 et
1461 1178 1850 1252 accedendo
1896 1178 2171 1270 erescit,
2219 1197 2447 1250 nostra

371 1310 504 1384 est,
552 1317 710 1363 suos
759 1290 835 1362 in
881 1313 1251 1394 utramque
1294 1288 1564 1393 partein
1613 1310 1885 1368 ventos¹
1948 1294 2224 1383 habuit,
2277 1319 2445 1366 nos·-

369 1405 487 1476 tris
526 1404 696 1476 votis
743 1405 1107 1504 gubernati
1151 1408 1355 1481 flatus
1380 1430 1600 1482 sunt:
1651 1409 1794 1484 haee
1841 1408 2178 1499 dicimus,
2224 1430 2293 1481 at
2331 1399 2447 1479 illa

370 1518 646 1592 interim
688 1522 1091 1596 transvolat:
1140 1523 1340 1596 fletus
1385 1525 1548 1598 inde
1593 1546 1660 1597 et
1705 1526 2122 1624 desperatio,
2169 1545 2239 1596 et
2276 1522 2446 1596 lucis

370 1631 646 1706 odium:
683 1634 872 1707 >nihil
910 1636 1101 1708 enim
1133 1638 1440 1736 gravius,
1483 1665 1698 1735 quam
1738 1638 2073 1712 destituta!
2114 1662 2285 1736 spes.
2310 1658 2448 1709 tor-

370 1767 609 1844 quent.
649 1750 754 1819 Ne
791 1750 1208 1848 interrogare
1246 1752 1534 1847 quidem
1565 1752 1793 1840 licuit,
1823 1771 1943 1823 aut
1977 1776 2281 1850 quaerere
2320 1777 2447 1822 ne—

369 1860 946 1958 ruo-applicabat:
993 1889 1152 1961 ergo
1186 1863 1427 1934 incerti
1470 1865 1796 1935 omnium
1835 1883 2079 1934 rerum·
2101 1863 2446 1962 pependi-

370 2000 561 2064 mus,
584 1974 762 2047 nihil
787 1975 1160 2075 quisquam
1186 1977 1543 2074 cognovit:
1573 1978 1817 2049 saltem
1841 1977 1895 2049 si
1921 1977 2090 2049 scire
2112 1969 2444 2064 licuisset,

368 2088 490 2162 ubi
516 2089 952 2162 frumentum
979 2090 1429 2181 vendidisses,
1455 2091 1586 2190 ipsi
1616 2091 2068 2191 petissemus:
2093 2089 2243 2191 jam
2272 2085 2450 2190 quo?-

367 2202 578 2275 modo
602 2205 690 2276 ad
711 2204 986 2302 singula
1009 2226 1372 2279 momenta
1393 2226 1793 2304 temporum
1817 2204 2272 2277 mutabantur
2289 2206 2446 2278 ani-

367 2316 517 2388 mi?
548 2318 727 2392 bene
761 2339 895 2407 est,
927 2345 1210 2392 serenus
1242 2318 1341 2391 sol
1376 2317 1667 2409 occidit,
1695 2345 1913 2420 purus
1943 2344 2013 2391 se
2047 2319 2190 2392 dies
2224 2318 2406 2394 tollit
2426 2376 2446 2411 ,

368 2433 455 2505 ad
480 2460 606 2507 nos
630 2436 814 2506 venti
845 2436 1109 2524 ferunt,
1134 2435 1287 2536 jam
1317 2435 1583 2507 veniet.-

465 2549 721 2619 XVIII.
752 2547 1015 2621 Pendet
1036 2547 1317 2620 interim
1341 2548 1566 2656 fames
1588 2605 1608 2640 ,
1635 2570 1706 2621 et
1733 2547 1907 2623 illud
1923 2608 1942 2640 ,
1967 2548 2157 2648 quod
2170 2547 2447 2649 jamdiu

370 2655 666 2756 cogitat,
690 2660 952 2751 differt,
987 2660 1077 2732 ita
1108 2680 1344 2733 tamen
1364 2716 1384 2751 ,
1415 2682 1492 2732 ut
1519 2660 1816 2733 subinde
1851 2683 2205 2760 computet
2227 2719 2247 2753 ,
2281 2683 2449 2762 quot

371 2772 514 2845 dies
547 2773 635 2846 ad
663 2785 972 2848 ‘mortem
1004 2773 1383 2872 supersint:
1422 2797 1589 2845 nam
1626 2764 2156 2873 quid'profecit?
2180 2777 2447 2848 Memi-

369 2887 561 2962 nistis
573 2931 604 2979 ,·
618 2915 841 2988 quum
865 2887 1187 2963 contrarii
1206 2887 1392 2961 venti
1419 2887 1585 2960 flare
1617 2881 2025 2986 coepissent„
2041 2911 2106 2962 et
2128 2889 2200 2961 in
2224 2890 2446 2961 altum

367 3002 616 3075 fluctus
668 3029 709 3075 a
751 3024 927 3075 terra
973 3000 1323 3092 volarent,
1365 3022 1627 3102 quanta
1672 3001 2156 3101 comploratio,
2208 3002 2447 3099 quanti

366 3116 681 3216 planctus
693 3115 984 3208 fuerint,
1008 3115 1430 3207 retinebitur,
1453 3116 1686 3205 stabit,
1702 3115 2065 3188 laborabit.
2086 3117 2176 3186 At
2191 3172 2211 3205 ,
2238 3114 2294 3187 si
2318 3114 2446 3186 diis

369 3233 624 3329 placet,
644 3232 909 3331 legatus
931 3251 1159 3304 noster
1179 3231 1659 3305 tum'maxime
1683 3232 1863 3304 bene
1888 3229 2287 3328 navigabat:
2320 3254 2447 3299 nos

371 3345 443 3415 in
475 3344 603 3416 hac
632 3338 945 3438 fortuna,
974 3347 1440 3446 in'tam‘gravi
1471 3372 1634 3419 casu
1654 3402 1673 3437 ,
1704 3346 1775 3417 in
1814 3343 2157 3445 ejusmodi
2189 3343 2447 3443 cogita-

369 3458 985 3550 tionibussumus,
1012 3482 1089 3534 tu
1117 3463 1310 3535 sinus
1335 3461 1543 3534 maris
1576 3461 1928 3554 circumis,
1958 3479 2029 3534 et
2054 3487 2178 3560 per
2204 3485 2448 3532 omnes

369 3594 802 3646 curvatur-um
819 3575 1099 3647 litorum
1124 3576 1428 3648 ambitus
1447 3581 1697 3647 terrain
1716 3575 1884 3674 legis
1908 3602 1923 3646 :
1951 3575 2046 3647 sic
2071 3575 2152 3645 fit
2168 3591 2243 3645 ut
2258 3595 2323 3646 te
2331 3572 2451 3674 ju-

369 3709 477 3762 vet
491 3689 612 3766 diu
631 3692 946 3792 navigare
969 3720 982 3764 :
1009 3690 1247 3766 nullus
1271 3718 1584 3766 amoenus
1613 3692 2150 3791 praetermittitur
2172 3703 2409 3790 portus
2426 3746 2445 3778 ,

443 3917 489 3953 ι.
521 3903 589 3955 In
621 3914 897 3977 utrumque
931 3916 1140 3977 partem
1173 3909 1363 3958 veritos.
1451 3904 1683 3977 etpedem
1722 3929 1745 3953 ιι
1787 3905 1892 3958 Ubi
1927 3900 2145 3972 videndi
2177 3915 2446 3952 conmen-

371 3977 563 4032 Badius
588 3979 844 4053 explicat,
880 3985 934 4034 in
971 3986 1047 4034 itu
1078 3996 1129 4035 et
1164 3982 1363 4048 reditu,
1445 3996 1667 4050 tatores,
1710 3981 1763 4038 et
1799 3985 1951 4038 Salm-
1996 3986 2176 4035 Exero.
2219 3982 2347 4033 Plin.
2387 4000 2441 4052 p.

371 4060 461 4114 sed
494 4063 687 4115 rectius
724 4061 800 4117 Cl.
827 4055 1028 4116 Schult.
1059 4082 1120 4115 ex
1147 4063 1237 4114 illo
1262 4065 1364 4123 Ca·
1451 4082 1564 4119 na.
1605 4066 1709 4120 Ubi
1747 4080 1800 4119 et
1835 4066 2033 4136 poteris
2068 4061 2273 4128 videre,
2315 4059 2443 4133 quid

371 4139 485 4194 tulli
510 4158 671 4193 carm.
699 4142 771 4194 IV
787 4162 800 4192 z
832 4165 855 4190 ι
873 4143 1021 4214 μνη
1044 4143 1149 4202 sive
1180 4140 1384 4194 dextra·
1442 4146 1737 4217 significent
1755 4144 1871 4208 illa,
1886 4161 2001 4214 quae
2019 4141 2200 4215 paullo
2219 4142 2341 4213 post
2362 4158 2445 4190 oc-

376 4219 638 4273 ·Vocaret
655 4238 808 4287 aura,
823 4222 931 4273 sive
945 4233 1223 4291 utrumque
1236 4220 1363 4292 Jup-
1443 4239 1655 4290 cui-rem
1679 4247 1692 4277 ς
1715 4213 1727 4280 ’,
1750 4248 1771 4271 ιι
1792 4222 1933 4277 Nihil
1982 4236 2270 4294 potuerunt
2308 4218 2444 4271 obli-

374 4323 398 4345 ·
419 4303 550 4373 piter
567 4301 725 4356 Simul
749 4301 1010 4357 secundus
1029 4300 1292 4355 incidisset
1307 4303 1360 4355 in
1449 4325 1470 4349 ι
1493 4318 1651 4374 quara
1680 4302 1793 4354 vela
1818 4299 2112 4354 deflectere.
2135 4323 2159 4346 u
2189 4301 2351 4351 Buta.
