3200 5117
812 541 996 606 pao
1040 537 1475 603 Tmmmo
1519 535 1984 605 MAmANo.
2348 509 2440 632 '67

359 667 517 767 quis
542 657 688 766 ipsa
718 663 1144 764 temporibus
1175 661 1521 759 sapienter
1550 675 1624 731 'et
1655 661 1918 732 invenit
1952 683 2020 734 et
2051 665 2306 736 statuit.
2343 669 2445 739 De
2498 735 2502 740 ,

360 782 508 881 lege
552 779 765 853 semel
816 799 916 851 est
968 777 1463 865 statuendum,
1524 799 1680 874 quae
1739 799 2111 876 postquam
2169 781 2449 855 condita

359 899 571 970 fuerit
590 918 661 970 et
682 897 971 997 prolata,
994 896 1081 967 de
1110 892 1387 992 flagitiis
1411 913 1478 963 et
1501 893 1586 964 de
1611 894 1831 965 causis
1849 914 1953 966 est
1980 895 2065 966 de
2080 917 2321 971 caetero
2349 925 2448 971 se-

364 1014 679 1085 cundum
717 1012 911 1084 illam
935 1012 1117 1083 ultro
1125 1005 1627 1109 judicandum.
1645 1010 2051 1108 Ea-propter
2078 1011 2134 1082 si
2157 1011 2448 1104 dimittis

366 1129 797 1230 impunitum
813 1129 900 1215 ,si
919 1128 1286 1198 scelestum
1306 1151 1452 1196 non
1480 1126 1778 1223 percutis
1795 1183 1814 1216 ,
1843 1126 1899 1196 si
1923 1149 2134 1226 caput
2157 1130 2451 1204 noxium

362 1272 509 1317 non
532 1247 999 1330 condemnas,
1025 1243 1251 1340 legem
1282 1241 1607 1341 dissipas,
1643 1267 1856 1341 quam
1888 1263 2199 1332 senatus,
2234 1271 2449 1346 quarn

358 1351 593 1431 'Roma
629 1358 941 1432 condidit
976 1358 1326 1442 universa3
1356 1376 1425 1427 et
1458 1358 1793 1455 quoniam
1827 1362 1928 1429 ita
1960 1360 2451 1435 callidissimus

364 1498 552 1546 actor
583 1473 966 1548 orationem
998 1499 1206 1545 suam
1254 1471 1599 1545 ordinavit
1631 1496 1698 1546 et
1731 1467 1978 1565 texuit,
2017 1497 2093 1548 ut
2122 1498 2187 1549 et
2211 1478 2451 1551 militis

364 1591 842 1664 innocentiam
864 1589 1185 1689 praedicet
1208 1610 1277 1660 et
1290 1589 1638 1677 virtutem,
1655 1611 1720 1662 et
1733 1590 2064 1664 obscoenae
2084 1592 2452 1665 tribunum

360 1705 465 1776 im
472 1705 821 1803 pudicitioe
834 1703 1247 1776 criminetur
1260 1724 1330 1775 et
1343 1723 1618 1802 arguam
1642 1725 1718 1776 ut
1740 1705 1914 1775 dum
1937 1706 2218 1780 tribuno
2235 1708 2455 1781 scelus

364 1820 756 1910 occultum,
810 1821 967 1892 licet
1009 1820 1249 1893 fictum
1287 1839 1353 1891 et
1401 1820 1656 1892 falsum
1689 1820 2050 1922 objecerit,
2091 1822 2459 1896 homicidii

360 1935 714 2008 manifesti
754 1934 1034 2035 culpam
1074 1933 1563 2034 spectabilem,
1599 1955 1723 2033 per
1765 1937 2049 2036 impacti
2083 1958 2308 2010 reatus
2352 1939 2459 2008 in—

366 2049 625 2121 vidiam
646 2105 665 2140 ‚
696 2071 815 2121 aut
844 2071 1154 2140 excuset,
1190 2072 1313 2123 aut
1344 2051 1579 2123 leniat.
1623 2071 1654 2102 ··
1935 2147 1946 2158 .

468 2168 590 2236 m.
626 2170 898 2256 Patere,
929 2167 1057 2239 Gai
1088 2168 1266 2239 Marri
1287 2221 1305 2256 ‚
1340 2169 1740 2267 patiatur-'et
1779 2187 1898 2240 tua
1932 2168 2168 2242 divina
2197 2171 2414 2242 virtus
2436 2228 2456 2260 ,

337 2302 441 2384 'et
480 2307 780 2355 romanae
815 2304 1046 2355 tecum
1085 2283 1350 2356 militiae
1393 2284 1508 2384 pita
1555 2284 1909 2375 discretim
1951 2287 2284 2385 patiatur,
2339 2286 2460 2357 in-

370 2423 586 2496 quam
606 2455 625 2486 ‚
652 2400 1035 2470 necessaria
1058 2401 1697 2474 eommuniscausae
1716 2402 2112 2500 proloquia,
2145 2430 2235 2473 ne
2258 2429 2460 2501 prop-

372 2535 473 2586 ter
504 2516 911 2586 audentiam
944 2517 1233 2587 anxium
1268 2535 1609 2588 oratorem
1639 2517 2163 2618 praestmngulet
2191 2538 2258 2588 et
2285 2543 2459 2589 con*

374 2631 517 2701 ficti
556 2632 885 2720 facinoris
913 2655 1162 2730 procax
1180 2631 1455 2702 invidia
1475 2685 1493 2720 ,
1531 2615 1973 2705 et'coelihatus
2003 2633 2254 2705 sancti¹
2286 2655 2460 2731 pura

375 2741 674 2817 dilectio.
707 2746 886 2835 Quis
916 2746 1107 2816 enim
1138 2745 1460 2816 adversus
1507 2744 1882 2817 castitatem
1930 2748 2183 2818 audeat
2231 2747 2462 2846 dispu-

374 2857 553 2930 tare?
598 2859 753 2955 quis
802 2857 1151 2958 pudicitiae
1192 2858 1411 2930 titulis
1452 2846 1728 2929 obviar'e
1762 2877 1908 2930 non
1947 2859 2227 2931 timeat?
2269 2883 2464 2932 caete-

375 2997 576 3063 rum,
616 2972 773 3069 quis
818 2972 893 3043 in
928 2969 1158 3045 medio
1196 2971 1359 3054 belli
1402 2972 1727 3071 strepitu,
1773 2972 1925 3070 quis
1972 2971 2043 3042 in
2087 2974 2272 3060 acie,
2308 2975 2463 3071 quis

374 3109 533 3159 ante
558 3087 789 3185 signa,
826 3087 983 3184 quis
1016 3087 1200 3159 inter
1226 3106 1524 3158 armatos
1562 3108 1914 3158 armatum
1949 3086 2199 3158 audeat
2233 3086 2465 3186 appel-

374 3200 561 3274 lare?
584 3203 920 3292 Scrutare,
953 3229 994 3273 o
1013 3201 1232 3290 Mari,
1268 3201 1405 3274 dux
1430 3200 2044 3300 ubiqueterrarum
2075 3203 2282 3274 famae
2307 3204 2465 3274 lau-

378 3316 628 3387 dabilis
647 3375 665 3405 ,
702 3336 768 3388 et
800 3343 888 3387 ne
919 3317 1153 3416 pigeat
1178 3316 1577 3409 universum
1614 3317 1985 3388 exercitum
2017 3317 2421 3416 investigare
2444 3376 2464 3410 ,

376 3427 437 3501 si
481 3429 733 3502 valeat:
769 3431 923 3530 quis
955 3429 1043 3502 ab
1076 3430 1246 3504 olim
1278 3432 1524 3503 tantis²
1557 3458 1873 3530 unquam
1906 3434 2335 3531 temporibus
2376 3434 2466 3507 ad

376 3544 506 3614 hos
556 3544 738 3631 dier»,
786 3544 1015 3642 gladio
1040 3544 1361 3618 ⁴cinctum
1400 3564 1702 3642 prostare
1737 3545 2200 3618 mandaverit?
2241 3547 2312 3620 Si
2354 3574 2465 3618 re-

344 3684 349 3688 ·
379 3659 690 3732 cordatio
719 3687 998 3732 sensum
1032 3659 1385 3759 effugerit,
1415 3660 1471 3736 si
1499 3655 2044 3759 prae‘cedentium
2074 3663 2164 3734 ab
2198 3662 2464 3760 origine

380 3777 637 3847 mundi
686 3804 830 3848 non
876 3777 1302 3868 occurrerint
1342 3777 1658 3875 exempla
1701 3777 2136 3866 seculorum,
2180 3779 2465 3868 fictum,

379 3916 645 3988 precor,
681 3891 912 3966 omnis
941 3893 1203 3968 crimen
1237 3891 1598 3992 ignoscite,
1644 3893 1833 3992 quod
1868 3877 2152 3966 tribuno
2180 3894 2467 3968 menda-

461 4200 506 4236 1.
540 4185 813 4239 Coeubatus
837 4187 1017 4239 sancti.
1047 4189 1167 4241 Haec
1198 4208 1387 4243 mona·-
1541 4207 1588 4242 2.
1617 4190 1744 4260 Quis
1758 4191 1825 4241 db
1843 4189 1969 4242 olim
1993 4192 2162 4241 euntis.
2183 4187 2356 4239 Locus
2372 4188 2470 4237 evi-

383 4263 548 4318 chnm
571 4281 802 4338 arguunt
824 4280 1109 4321 auctorem.
1468 4268 1654 4321 denter
1674 4283 1973 4338 corruptus.
2421 4273 2432 4290 ⁶
2465 4283 2472 4289 ·

2137 4357 2186 4406 5.
