3200 5117
758 541 1390 610 DECLAMATIO
1437 545 1529 608 11.
1578 541 1762 609 pao
1807 517 2097 610 c'AECO.
2165 639 2170 644 ·
2382 565 2467 636 29

381 663 817 738 excusatione
846 693 1303 766 corrumpere.
1334 668 1493 738 Non
1522 666 1653 738 fuit
1680 666 1853 739 illud
1884 667 2281 767 trepidatio,
2312 693 2456 741 non

386 789 595 860 tacita
646 789 1003 861 confessio.
1059 787 1398 887 Quisquis
1445 786 1656 859 habet
1709 813 2097 877 venenum,
2145 787 2355 860 habet
2399 809 2467 860 et

382 901 569 1000 quod
632 903 1039 1001 respondeat
1088 902 1575 1002 deprehensus.
1626 902 1817 973 Fecit
1869 922 2016 1000 post
2062 901 2206 972 haec
2261 928 2466 973 senex

380 1037 525 1086 rem
556 1015 899 1107 hominis,
933 1039 1146 1115 quem
1177 1043 1318 1087 non
1359 1016 1681 1089 movisset
1713 1014 2056 1114 quidquid
2089 1016 2463 1088 invenerat.

379 1131 536 1201 Non
585 1131 1192 1204 torsitministeria
1230 1130 1479 1220 Gaeci¹,
1522 1151 1589 1203 et
1626 1130 1709 1202 de
1759 1130 2122 1203 sceierein
2164 1158 2303 1229 quo
2349 1158 2464 1204 so-

381 1243 490 1315 lus
532 1271 786 1317 nocens
848 1272 990 1317 esse
1038 1245 1374 1344 parricida
1421 1272 1561 1316 non
1613 1266 1904 1344 poterat,
1956 1272 2099 1317 non
2147 1245 2468 1344 explicuit

382 1359 705 1431 ordinem
737 1361 1163 1457 quaestioniS,
1204 1360 1357 1449 sed,
1397 1360 1583 1458 quod
1619 1361 1772 1459 plus
1806 1381 1939 1450 est,
1981 1387 2197 1460 quam
2236 1361 2465 1433 absol-

382 1500 579 1561 vere,
628 1472 889 1544 remisit
911 1473 1153 1573 juveni
1202 1473 1694 1546 defensionem.
1745 1476 1997 1546 Utrum
2046 1475 2298 1547 deinde
2350 1474 2467 1547 in-

385 1586 672 1659 tellectis
718 1588 1102 1659 deterrimae
1150 1588 1462 1660 mulieris
1504 1588 1807 1677 insidiis,
1851 1589 2080 1661 filium
2122 1588 2469 1689 paulisper

382 1698 677 1774 voluerit
710 1702 1233 1774 exheredatione
1271 1723 1663 1809 protegere,
1706 1724 1772 1775 et
1803 1703 2201 1801 diligentius
2225 1705 2315 1776 de
2349 1732 2469 1803 pa-

382 1814 716 1887 trimonio
739 1843 864 1888 suo
891 1794 1427 1906 deliberaturus,
1440 1818 1732 1889 interim
1757 1817 2159 1947 captaverit,
2185 1839 2262 1889 ut
2282 1818 2471 1890 vide·-

386 1948 573 2000 retur
603 1929 914 2002 mulieris
943 1930 1346 2030 cupiditati
1317 1958 1469 2031 Jam
1496 1959 1640 2003 non
1666 1929 1935 2004 obstare
1965 1931 2349 2031 privignus,
2376 1958 2468 2004 an

382 2042 800 2115 facillimum
838 2044 1045 2116 fuerit
1084 2065 1160 2115 ut
1201 2044 1808 2117 exheredationem
1844 2071 2124 2144 quoque
2153 2045 2469 2144 impetra·

388 2177 490 2228 ret
508 2183 793 2230 noverca
813 2157 992 2230 Caeci
1015 2157 1101 2228 ab
1126 2157 1436 2247 homine,
1455 2159 1565 2230 cui
1586 2179 1727 2230 tam
1760 2161 1983 2231 multa
2012 2183 2467 2257 persuaserat,

389 2270 922 2369 cogitationibus
943 2272 1170 2344 vestris
1192 2272 1528 2369 relinquo.
1560 2275 1710 2344 Hoc
1739 2293 2011 2345 tantum
2037 2271 2281 2345 dixisse
2306 2301 2472 2347 con·
2551 2323 2566 2334 -

387 2375 614 2456 tentus
636 2413 814 2458 sum.
836 2389 1361 2457 Testamentum
1398 2386 1726 2487 continuo
1761 2388 2081 2459 mutavit:
2105 2407 2171 2457 et
2198 2414 2286 2459 ne
2316 2389 2469 2486 quis

387 2504 679 2570 miretur
710 2500 890 2571 hanc
926 2500 1470 2589 festinationem,
1499 2499 1722 2571 statim
1757 2501 2205 2575 subsecutum
2236 2522 2368 2590 est,
2394 2523 2470 2574 ut

388 2612 663 2710 periret.
694 2617 804 2685 An
836 2614 1259 2704 interfuerit,
1280 2613 1583 2714 judices,
1604 2601 1882 2715 juvenis
1910 2615 2121 2717 hujus
2138 2647 2164 2706 ,·
2188 2637 2265 2688 ut
2294 2618 2471 2689 vive·

391 2748 493 2798 ret
514 2749 730 2826 pater,
766 2730 887 2827 qui
919 2730 1072 2829 jam
1103 2728 1238 2800 alio
1274 2729 1696 2800 moriebatur
1724 2727 2009 2820 herede,
2039 2757 2156 2802 vos
2185 2731 2470 2803 aestima‘-

391 2842 589 2914 bitis:
623 2863 796 2914 certe
824 2869 967 2914 non
998 2843 1347 2933 interfuit,
1378 2862 1454 2912 ut
1478 2843 1926 2914 occideretur.

490 2959 614 3028 Vl.
659 2957 992 3048 Facinus,
1021 2958 1330 3058 judices,
1381 2957 1568 3056 quod
1616 2957 1732 3028 illa
1783 2978 1979 3029 nocte
2032 2958 2104 3029 in
2157 2921 2469 3033 cubiculo

390 3074 746 3163 Novercae,
782 3074 1015 3173 quod
1000 3101 1069 3145 in
1107 3074 1356 3147 lectulo
1386 3075 1649 3146 factum
1682 3094 1815 3164 est,
1852 3073 2101 3145 domus
2138 3094 2275 3145 tota
2311 3102 2469 3174 per-

392 3190 624 3262 sensit.
651 3192 874 3262 Nemo
900 3218 1042 3262 non
1067 3192 1196 3264 sibi
1224 3189 1407 3266 visus
1436 3213 1533 3262 est
1548 3192 1744 3290 juxta
1763 3131 1996 3262 sitisse.
2023 3190 2305 3262 Excitari
2329 3190 2472 3262 sola

391 3306 700 3380 Noverca
736 3333 877 3379 non
920 3308 1145 3408 potuit
1187 3308 1307 3379 illo
1344 3308 1415 3379 in
1449 3308 1635 3397 loco,
1682 3308 1868 3380 unde
1909 3328 2184 3379 venerat
2220 3308 2464 3405 fragor.

395 3423 767 3495 Concurrit
791 3424 1059 3496 familia
1077 3451 1216 3523 quo
1246 3423 1561 3495 sollicitos
1581 3445 1789 3520 atque
1818 3423 2232 3521 trepidantes
2266 3423 2473 3494 duce-

396 3539 522 3611 bat
562 3539 908 3637 strepitus,
963 3566 1175 3639 quem
1227 3539 1714 3637 sequebantur.
1767 3543 2189 3612 Invenerunt
2233 3567 2476 3612 senem

394 3652 701 3726 occisum
721 3711 738 3744 ,
767 3657 1146 3727 Novercam
1173 3652 1366 3754 juxta
1393 3653 1675 3725 cadaver
1703 3654 1796 3725 sic
1816 3654 2167 3754 jacentem
2186 3710 2205 3742 ,
2233 3681 2320 3725 ne
2345 3674 2476 3725 sta-

395 3769 526 3841 tim
557 3791 831 3868 possent
852 3771 1297 3868 interrogare,
1328 3770 1481 3868 quis
1513 3768 1884 3841 occidisset.
1917 3770 2346 3844 Nunciatum¹
2379 3791 2475 3841 est

399 3867 652 3956 deinde
681 3884 947 3956 facinus
979 3906 1048 3956 et
1075 3887 1291 3958 Caeco.
1329 3886 1657 3956 Inventus
1686 3904 1812 3971 est,
1847 3884 2034 3980 quod
2068 3883 2475 3954 innocentiae

398 4000 693 4089 sufficit,
722 4027 864 4072 non
896 4027 936 4072 a
969 4000 1215 4073 scelere
1252 4001 1555 4091 redienS,
1586 4021 1769 4071 stans
1799 4000 1870 4070 in
1905 3999 2144 4071 limine
2173 3999 2474 4071 cubiculi

480 4187 523 4222 t.
546 4171 831 4223 Minister-ia
855 4171 1077 4224 Caeci.1d
1098 4175 1401 4236 est,'servu·
1480 4173 1548 4223 ris
1580 4171 1820 4222 conscios
1853 4172 2146 4242 suspicatus
2180 4182 2347 4232 esset,
2385 4166 2476 4220 ubi

402 4246 484 4302 los
507 4250 657 4302 Caeco
678 4251 1055 4315 ministrantes,
1077 4268 1213 4322 quos
1240 4249 1404 4303 scele-
1483 4248 1653 4302 scelus
1677 4248 1909 4301 vidisset.
