<?xml version="1.0" encoding="UTF-8"?>
<!DOCTYPE html PUBLIC "-//W3C//DTD XHTML 1.0 Transitional//EN"
    "http://www.w3.org/TR/xhtml1/DTD/xhtml1-transitional.dtd">
<html xmlns="http://www.w3.org/1999/xhtml" xml:lang="en" lang="en">
 <head>
  <title>
</title>
<meta http-equiv="Content-Type" content="text/html;charset=utf-8" />
  <meta name='ocr-system' content='tesseract 3.04.00' />
  <meta name='ocr-capabilities' content='ocr_page ocr_carea ocr_par ocr_line ocrx_word'/>
</head>
<body>
  <div class='ocr_page' id='page_1' title='image "./deinstitutioneo01flacgoog_0060.png"; bbox 0 0 3200 5117; ppageno 0'>
   <div class='ocr_carea' id='block_1_1' title="bbox 756 541 2312 628">
    <p class='ocr_par' dir='ltr' id='par_1_1' title="bbox 756 541 2312 628">
     <span class='ocr_line' id='line_1_1' title="bbox 756 541 2312 628; baseline 0 -19"><span class='ocrx_word' id='word_1_1' title='bbox 756 541 828 611; x_wconf 75' lang='lat'><strong>16</strong></span> <span class='ocrx_word' id='word_1_2' title='bbox 1239 543 1332 608; x_wconf 83' lang='lat' dir='ltr'><strong>M.</strong></span> <span class='ocrx_word' id='word_1_3' title='bbox 1381 542 1630 608; x_wconf 81' lang='lat' dir='ltr'><strong>FABII</strong></span> <span class='ocrx_word' id='word_1_4' title='bbox 1677 543 2312 628; x_wconf 77' lang='lat' dir='ltr'><strong>QUINTILIANI</strong></span> 
     </span>
    </p>
   </div>
   <div class='ocr_carea' id='block_1_2' title="bbox 743 665 2820 1336">
    <p class='ocr_par' dir='ltr' id='par_1_2' title="bbox 743 665 2820 1336">
     <span class='ocr_line' id='line_1_2' title="bbox 743 665 2816 766; baseline 0.001 -29"><span class='ocrx_word' id='word_1_5' title='bbox 743 666 902 763; x_wconf 88' lang='lat' dir='ltr'><strong>qui?</strong></span> <span class='ocrx_word' id='word_1_6' title='bbox 944 693 1104 737; x_wconf 89' lang='lat' dir='ltr'><strong>cum</strong></span> <span class='ocrx_word' id='word_1_7' title='bbox 1141 665 1487 737; x_wconf 85' lang='lat' dir='ltr'><strong>dexteram</strong></span> <span class='ocrx_word' id='word_1_8' title='bbox 1522 693 1664 761; x_wconf 90' lang='lat' dir='ltr'><strong>qua</strong></span> <span class='ocrx_word' id='word_1_9' title='bbox 1695 666 1871 738; x_wconf 89' lang='lat' dir='ltr'><strong>duce</strong></span> <span class='ocrx_word' id='word_1_10' title='bbox 1909 668 2254 757; x_wconf 86' lang='lat' dir='ltr'><strong>utebatur,</strong></span> <span class='ocrx_word' id='word_1_11' title='bbox 2302 688 2486 738; x_wconf 87' lang='lat' dir='ltr'><strong>veste</strong></span> <span class='ocrx_word' id='word_1_12' title='bbox 2519 689 2816 766; x_wconf 73' lang='lat' dir='ltr'><strong>tergere,</strong></span> 
     </span>
     <span class='ocr_line' id='line_1_3' title="bbox 743 778 2812 879; baseline 0.002 -30"><span class='ocrx_word' id='word_1_13' title='bbox 743 801 945 877; x_wconf 84' lang='lat' dir='ltr'><strong>atque</strong></span> <span class='ocrx_word' id='word_1_14' title='bbox 991 779 1080 848; x_wconf 87' lang='lat' dir='ltr'><strong>ita</strong></span> <span class='ocrx_word' id='word_1_15' title='bbox 1124 778 1311 849; x_wconf 89' lang='lat' dir='ltr'><strong>abire</strong></span> <span class='ocrx_word' id='word_1_16' title='bbox 1360 779 1508 850; x_wconf 84' lang='lat' dir='ltr'><strong>sine</strong></span> <span class='ocrx_word' id='word_1_17' title='bbox 1563 778 1842 874; x_wconf 75' lang='lat' dir='ltr'><strong>vestigio</strong></span> <span class='ocrx_word' id='word_1_18' title='bbox 1895 800 2151 877; x_wconf 86' lang='lat' dir='ltr'><strong>posset,</strong></span> <span class='ocrx_word' id='word_1_19' title='bbox 2202 802 2425 851; x_wconf 89' lang='lat' dir='ltr'><strong>totum</strong></span> <span class='ocrx_word' id='word_1_20' title='bbox 2480 782 2812 879; x_wconf 86' lang='lat' dir='ltr'><strong>parietem</strong></span> 
     </span>
     <span class='ocr_line' id='line_1_4' title="bbox 744 893 2816 991; baseline 0 -26"><span class='ocrx_word' id='word_1_21' title='bbox 744 894 1165 980; x_wconf 82' lang='lat' dir='ltr'>cruentabat,</span> <span class='ocrx_word' id='word_1_22' title='bbox 1197 913 1263 963; x_wconf 90' lang='lat' dir='ltr'><strong>et</strong></span> <span class='ocrx_word' id='word_1_23' title='bbox 1287 893 1545 989; x_wconf 89' lang='lat' dir='ltr'><strong>ubique</strong></span> <span class='ocrx_word' id='word_1_24' title='bbox 1574 893 1839 989; x_wconf 81' lang='lat' dir='ltr'><strong>aliquid</strong></span> <span class='ocrx_word' id='word_1_25' title='bbox 1864 894 1949 964; x_wconf 92' lang='lat' dir='ltr'><strong>de</strong></span> <span class='ocrx_word' id='word_1_26' title='bbox 1975 915 2163 991; x_wconf 86' lang='lat' dir='ltr'><strong>patre</strong></span> <span class='ocrx_word' id='word_1_27' title='bbox 2194 895 2440 970; x_wconf 88' lang='lat' dir='ltr'><strong>misero</strong></span> <span class='ocrx_word' id='word_1_28' title='bbox 2471 896 2816 991; x_wconf 84' lang='lat' dir='ltr'><strong>relinque-</strong></span> 
     </span>
     <span class='ocr_line' id='line_1_5' title="bbox 744 1005 2820 1110; baseline 0.001 -29"><span class='ocrx_word' id='word_1_29' title='bbox 744 1010 898 1081; x_wconf 85' lang='lat' dir='ltr'><strong>bat?</strong></span> <span class='ocrx_word' id='word_1_30' title='bbox 922 1005 1114 1098; x_wconf 85' lang='lat' dir='ltr'><strong>Quid</strong></span> <span class='ocrx_word' id='word_1_31' title='bbox 1139 1012 1451 1080; x_wconf 89' lang='lat' dir='ltr'><strong>futurum</strong></span> <span class='ocrx_word' id='word_1_32' title='bbox 1475 1030 1645 1079; x_wconf 88' lang='lat' dir='ltr'><strong>esset</strong></span> <span class='ocrx_word' id='word_1_33' title='bbox 1665 1030 1927 1107; x_wconf 84' lang='lat' dir='ltr'><strong>postero</strong></span> <span class='ocrx_word' id='word_1_34' title='bbox 1949 1011 2094 1098; x_wconf 91' lang='lat' dir='ltr'><strong>die,</strong></span> <span class='ocrx_word' id='word_1_35' title='bbox 2115 1033 2446 1107; x_wconf 89' lang='lat' dir='ltr'><strong>quantam</strong></span> <span class='ocrx_word' id='word_1_36' title='bbox 2472 1034 2820 1110; x_wconf 78' lang='lat' dir='ltr'><strong>exspecta-</strong></span> 
     </span>
     <span class='ocr_line' id='line_1_6' title="bbox 747 1122 2818 1224; baseline 0.002 -32"><span class='ocrx_word' id='word_1_37' title='bbox 747 1143 845 1193; x_wconf 88' lang='lat' dir='ltr'><strong>ret</strong></span> <span class='ocrx_word' id='word_1_38' title='bbox 870 1122 1242 1193; x_wconf 83' lang='lat' dir='ltr'><strong>invidiatu&#39;</strong></span> <span class='ocrx_word' id='word_1_39' title='bbox 1276 1123 1362 1192; x_wconf 85' lang='lat' dir='ltr'><strong>ad</strong></span> <span class='ocrx_word' id='word_1_40' title='bbox 1394 1122 1655 1208; x_wconf 90' lang='lat' dir='ltr'><strong>lucem,</strong></span> <span class='ocrx_word' id='word_1_41' title='bbox 1689 1149 1828 1192; x_wconf 90' lang='lat' dir='ltr'><strong>non</strong></span> <span class='ocrx_word' id='word_1_42' title='bbox 1859 1124 2232 1220; x_wconf 77' lang='lat' dir='ltr'>cogitabat:</span> <span class='ocrx_word' id='word_1_43' title='bbox 2262 1125 2379 1195; x_wconf 88' lang='lat' dir='ltr'><strong>sed</strong></span> <span class='ocrx_word' id='word_1_44' title='bbox 2409 1125 2818 1224; x_wconf 83' lang='lat' dir='ltr'>disponebat</span> 
     </span>
     <span class='ocr_line' id='line_1_7' title="bbox 749 1235 2818 1336; baseline 0.001 -29"><span class='ocrx_word' id='word_1_45' title='bbox 749 1236 1088 1307; x_wconf 89' lang='lat' dir='ltr'><strong>indicium</strong></span> <span class='ocrx_word' id='word_1_46' title='bbox 1127 1256 1421 1324; x_wconf 89' lang='lat' dir='ltr'><strong>certum,</strong></span> <span class='ocrx_word' id='word_1_47' title='bbox 1463 1235 1938 1305; x_wconf 86' lang='lat' dir='ltr'><strong>indubitatum</strong></span> <span class='ocrx_word' id='word_1_48' title='bbox 1971 1237 2116 1306; x_wconf 90' lang='lat' dir='ltr'><strong>sine</strong></span> <span class='ocrx_word' id='word_1_49' title='bbox 2151 1263 2406 1326; x_wconf 82' lang='lat' dir='ltr'><strong>errore,</strong></span> <span class='ocrx_word' id='word_1_50' title='bbox 2447 1240 2631 1336; x_wconf 89' lang='lat' dir='ltr'><strong>quod</strong></span> <span class='ocrx_word' id='word_1_51' title='bbox 2667 1243 2818 1311; x_wconf 86' lang='lat' dir='ltr'><strong>No-</strong></span> 
     </span>
    </p>
   </div>
   <div class='ocr_carea' id='block_1_3' title="bbox 747 1348 2830 3972">
    <p class='ocr_par' dir='ltr' id='par_1_3' title="bbox 747 1348 2824 2594">
     <span class='ocr_line' id='line_1_8' title="bbox 747 1348 2816 1450; baseline 0 -28"><span class='ocrx_word' id='word_1_52' title='bbox 747 1376 946 1422; x_wconf 88' lang='lat' dir='ltr'><strong>verca</strong></span> <span class='ocrx_word' id='word_1_53' title='bbox 978 1369 1368 1447; x_wconf 84' lang='lat' dir='ltr'><strong>sequeretur</strong></span> <span class='ocrx_word' id='word_1_54' title='bbox 1402 1375 1617 1445; x_wconf 87' lang='lat' dir='ltr'><strong>usque</strong></span> <span class='ocrx_word' id='word_1_55' title='bbox 1651 1348 1734 1418; x_wconf 86' lang='lat' dir='ltr'><strong>ad</strong></span> <span class='ocrx_word' id='word_1_56' title='bbox 1771 1348 2175 1421; x_wconf 86' lang='lat' dir='ltr'><strong>cubiculum</strong></span> <span class='ocrx_word' id='word_1_57' title='bbox 2204 1378 2450 1439; x_wconf 70' lang='lat' dir='ltr'><strong>suum,</strong></span> <span class='ocrx_word' id='word_1_58' title='bbox 2480 1379 2695 1450; x_wconf 86' lang='lat' dir='ltr'><strong>usque</strong></span> <span class='ocrx_word' id='word_1_59' title='bbox 2727 1352 2816 1423; x_wconf 86' lang='lat' dir='ltr'><strong>ad</strong></span> 
     </span>
     <span class='ocr_line' id='line_1_9' title="bbox 749 1465 2821 1564; baseline 0.001 -27"><span class='ocrx_word' id='word_1_60' title='bbox 749 1467 960 1539; x_wconf 89' lang='lat' dir='ltr'><strong>limen</strong></span> <span class='ocrx_word' id='word_1_61' title='bbox 1006 1467 1270 1564; x_wconf 81' lang='lat' dir='ltr'><strong>ipsum?</strong></span> <span class='ocrx_word' id='word_1_62' title='bbox 1312 1468 1380 1537; x_wconf 88' lang='lat' dir='ltr'>O</span> <span class='ocrx_word' id='word_1_63' title='bbox 1417 1465 1903 1535; x_wconf 81' lang='lat' dir='ltr'><strong>admirabilem</strong></span> <span class='ocrx_word' id='word_1_64' title='bbox 1945 1493 2216 1556; x_wconf 84' lang='lat' dir='ltr'><strong>casum,</strong></span> <span class='ocrx_word' id='word_1_65' title='bbox 2261 1493 2383 1537; x_wconf 90' lang='lat' dir='ltr'><strong>nec</strong></span> <span class='ocrx_word' id='word_1_66' title='bbox 2426 1494 2625 1539; x_wconf 86' lang='lat' dir='ltr'><strong>cruor</strong></span> <span class='ocrx_word' id='word_1_67' title='bbox 2655 1491 2821 1539; x_wconf 82' lang='lat' dir='ltr'><strong>ante</strong></span> 
     </span>
     <span class='ocr_line' id='line_1_10' title="bbox 753 1579 2821 1676; baseline 0 -25"><span class='ocrx_word' id='word_1_68' title='bbox 753 1581 1038 1653; x_wconf 83' lang='lat' dir='ltr'><strong>defecit?</strong></span> <span class='ocrx_word' id='word_1_69' title='bbox 1082 1584 1248 1652; x_wconf 89' lang='lat' dir='ltr'><strong>Utar</strong></span> <span class='ocrx_word' id='word_1_70' title='bbox 1278 1579 1576 1651; x_wconf 90' lang='lat' dir='ltr'><strong>hocloco</strong></span> <span class='ocrx_word' id='word_1_71' title='bbox 1614 1601 1858 1651; x_wconf 88' lang='lat' dir='ltr'><strong>natura</strong></span> <span class='ocrx_word' id='word_1_72' title='bbox 1888 1580 2098 1676; x_wconf 90' lang='lat' dir='ltr'><strong>ipsius</strong></span> <span class='ocrx_word' id='word_1_73' title='bbox 2129 1581 2248 1650; x_wconf 89' lang='lat' dir='ltr'><strong>rei.</strong></span> <span class='ocrx_word' id='word_1_74' title='bbox 2293 1581 2638 1651; x_wconf 87' lang='lat' dir='ltr'><strong>Palmatus</strong></span> <span class='ocrx_word' id='word_1_75' title='bbox 2670 1608 2821 1652; x_wconf 92' lang='lat' dir='ltr'><strong>san-</strong></span> 
     </span>
     <span class='ocr_line' id='line_1_11' title="bbox 753 1694 2822 1794; baseline -0 -28"><span class='ocrx_word' id='word_1_76' title='bbox 753 1695 960 1792; x_wconf 79' lang='lat' dir='ltr'><strong>guine</strong></span> <span class='ocrx_word' id='word_1_77' title='bbox 990 1696 1206 1793; x_wconf 88' lang='lat' dir='ltr'><strong>paries</strong></span> <span class='ocrx_word' id='word_1_78' title='bbox 1243 1696 1559 1764; x_wconf 89' lang='lat' dir='ltr'><strong>inventus</strong></span> <span class='ocrx_word' id='word_1_79' title='bbox 1584 1694 1676 1764; x_wconf 90' lang='lat' dir='ltr'><strong>sic</strong></span> <span class='ocrx_word' id='word_1_80' title='bbox 1716 1716 1848 1782; x_wconf 86' lang='lat' dir='ltr'><strong>est,</strong></span> <span class='ocrx_word' id='word_1_81' title='bbox 1888 1715 2100 1765; x_wconf 87' lang='lat' dir='ltr'><strong>totam</strong></span> <span class='ocrx_word' id='word_1_82' title='bbox 2134 1721 2426 1766; x_wconf 90' lang='lat' dir='ltr'><strong>manum</strong></span> <span class='ocrx_word' id='word_1_83' title='bbox 2461 1695 2822 1794; x_wconf 75' lang='lat' dir='ltr'><strong>explicuit,</strong></span> 
     </span>
     <span class='ocr_line' id='line_1_12' title="bbox 753 1808 2821 1907; baseline -0.001 -26"><span class='ocrx_word' id='word_1_84' title='bbox 753 1837 993 1881; x_wconf 89' lang='lat' dir='ltr'><strong>omnes</strong></span> <span class='ocrx_word' id='word_1_85' title='bbox 1027 1810 1267 1907; x_wconf 76' lang='lat' dir='ltr'><strong>digitos</strong></span> <span class='ocrx_word' id='word_1_86' title='bbox 1297 1808 1659 1906; x_wconf 80' lang='lat' dir='ltr'><strong>diligenter</strong></span> <span class='ocrx_word' id='word_1_87' title='bbox 1684 1809 2023 1906; x_wconf 83' lang='lat' dir='ltr'><strong>expressit.</strong></span> <span class='ocrx_word' id='word_1_88' title='bbox 2057 1812 2312 1879; x_wconf 90' lang='lat' dir='ltr'><strong>Totum</strong></span> <span class='ocrx_word' id='word_1_89' title='bbox 2351 1837 2508 1907; x_wconf 80' lang='lat' dir='ltr'><strong>ergo</strong></span> <span class='ocrx_word' id='word_1_90' title='bbox 2537 1810 2821 1905; x_wconf 80' lang='lat' dir='ltr'><strong>sangui-</strong></span> 
     </span>
     <span class='ocr_line' id='line_1_13' title="bbox 755 1925 2822 2023; baseline -0.001 -26"><span class='ocrx_word' id='word_1_91' title='bbox 755 1953 916 1997; x_wconf 88' lang='lat' dir='ltr'><strong>nem</strong></span> <span class='ocrx_word' id='word_1_92' title='bbox 950 1947 1380 2023; x_wconf 83' lang='lat' dir='ltr'><strong>consumeret</strong></span> <span class='ocrx_word' id='word_1_93' title='bbox 1409 1926 1585 1995; x_wconf 88' lang='lat' dir='ltr'><strong>intra</strong></span> <span class='ocrx_word' id='word_1_94' title='bbox 1620 1925 1843 2022; x_wconf 89' lang='lat' dir='ltr'><strong>prima</strong></span> <span class='ocrx_word' id='word_1_95' title='bbox 1877 1925 2176 2020; x_wconf 79' lang='lat' dir='ltr'><strong>vestigia.</strong></span> <span class='ocrx_word' id='word_1_96' title='bbox 2213 1929 2400 1996; x_wconf 90' lang='lat' dir='ltr'><strong>Pone</strong></span> <span class='ocrx_word' id='word_1_97' title='bbox 2436 1926 2621 1996; x_wconf 87' lang='lat' dir='ltr'><strong>enim</strong></span> <span class='ocrx_word' id='word_1_98' title='bbox 2663 1951 2822 1995; x_wconf 86' lang='lat' dir='ltr'><strong>ma-</strong></span> 
     </span>
     <span class='ocr_line' id='line_1_14' title="bbox 757 2039 2824 2135; baseline -0.001 -24"><span class='ocrx_word' id='word_1_99' title='bbox 757 2070 931 2112; x_wconf 90' lang='lat' dir='ltr'><strong>num</strong></span> <span class='ocrx_word' id='word_1_100' title='bbox 983 2062 1402 2113; x_wconf 83' lang='lat' dir='ltr'><strong>cruentatam</strong></span> <span class='ocrx_word' id='word_1_101' title='bbox 1441 2060 1644 2135; x_wconf 88' lang='lat' dir='ltr'><strong>atque</strong></span> <span class='ocrx_word' id='word_1_102' title='bbox 1673 2039 1878 2128; x_wconf 86' lang='lat' dir='ltr'><strong>adeo,</strong></span> <span class='ocrx_word' id='word_1_103' title='bbox 1927 2060 2003 2110; x_wconf 90' lang='lat' dir='ltr'><strong>ut</strong></span> <span class='ocrx_word' id='word_1_104' title='bbox 2039 2040 2178 2110; x_wconf 88' lang='lat' dir='ltr'><strong>istis</strong></span> <span class='ocrx_word' id='word_1_105' title='bbox 2216 2041 2427 2111; x_wconf 87' lang='lat' dir='ltr'><strong>etiam</strong></span> <span class='ocrx_word' id='word_1_106' title='bbox 2481 2040 2824 2128; x_wconf 78' lang='lat' dir='ltr'><strong>blandiar,</strong></span> 
     </span>
     <span class='ocr_line' id='line_1_15' title="bbox 756 2152 2817 2251; baseline -0.001 -26"><span class='ocrx_word' id='word_1_107' title='bbox 756 2155 1186 2240; x_wconf 89' lang='lat' dir='ltr'><strong>madentem;</strong></span> <span class='ocrx_word' id='word_1_108' title='bbox 1220 2179 1396 2251; x_wconf 87' lang='lat' dir='ltr'><strong>pone</strong></span> <span class='ocrx_word' id='word_1_109' title='bbox 1426 2177 1821 2222; x_wconf 88' lang='lat' dir='ltr'><strong>mensuram</strong></span> <span class='ocrx_word' id='word_1_110' title='bbox 1860 2152 2152 2240; x_wconf 88' lang='lat' dir='ltr'><strong>itineris,</strong></span> <span class='ocrx_word' id='word_1_111' title='bbox 2189 2154 2484 2251; x_wconf 89' lang='lat' dir='ltr'><strong>spatium</strong></span> <span class='ocrx_word' id='word_1_112' title='bbox 2518 2154 2817 2250; x_wconf 88' lang='lat' dir='ltr'><strong>parietis;</strong></span> 
     </span>
     <span class='ocr_line' id='line_1_16' title="bbox 759 2266 2824 2364; baseline -0.001 -24"><span class='ocrx_word' id='word_1_113' title='bbox 759 2271 879 2340; x_wconf 93' lang='lat' dir='ltr'><strong>diu</strong></span> <span class='ocrx_word' id='word_1_114' title='bbox 914 2270 1101 2340; x_wconf 90' lang='lat' dir='ltr'><strong>enim</strong></span> <span class='ocrx_word' id='word_1_115' title='bbox 1137 2268 1205 2337; x_wconf 90' lang='lat' dir='ltr'><strong>in</strong></span> <span class='ocrx_word' id='word_1_116' title='bbox 1239 2288 1568 2337; x_wconf 84' lang='lat' dir='ltr'><strong>secretam</strong></span> <span class='ocrx_word' id='word_1_117' title='bbox 1605 2266 1851 2338; x_wconf 86' lang='lat' dir='ltr'><strong>domus</strong></span> <span class='ocrx_word' id='word_1_118' title='bbox 1887 2287 2144 2364; x_wconf 80' lang='lat' dir='ltr'><strong>partem</strong></span> <span class='ocrx_word' id='word_1_119' title='bbox 2181 2268 2650 2338; x_wconf 79' lang='lat' dir='ltr'><strong>revertendum</strong></span> <span class='ocrx_word' id='word_1_120' title='bbox 2684 2288 2824 2338; x_wconf 62' lang='lat' dir='ltr'><strong>esta</strong></span> 
     </span>
     <span class='ocr_line' id='line_1_17' title="bbox 759 2382 2822 2480; baseline -0.002 -24"><span class='ocrx_word' id='word_1_121' title='bbox 759 2385 960 2456; x_wconf 85' lang='lat' dir='ltr'><strong>debet</strong></span> <span class='ocrx_word' id='word_1_122' title='bbox 993 2383 1294 2480; x_wconf 82' lang='lat' dir='ltr'><strong>proxima</strong></span> <span class='ocrx_word' id='word_1_123' title='bbox 1323 2408 1474 2479; x_wconf 87' lang='lat' dir='ltr'><strong>pars</strong></span> <span class='ocrx_word' id='word_1_124' title='bbox 1501 2409 1542 2452; x_wconf 89' lang='lat' dir='ltr'><strong>a</strong></span> <span class='ocrx_word' id='word_1_125' title='bbox 1573 2382 1892 2454; x_wconf 89' lang='lat' dir='ltr'><strong>cubiculo</strong></span> <span class='ocrx_word' id='word_1_126' title='bbox 1923 2384 2126 2479; x_wconf 83' lang='lat' dir='ltr'><strong>patris</strong></span> <span class='ocrx_word' id='word_1_127' title='bbox 2155 2383 2408 2454; x_wconf 88' lang='lat' dir='ltr'><strong>habere</strong></span> <span class='ocrx_word' id='word_1_128' title='bbox 2433 2382 2822 2480; x_wconf 86' lang='lat' dir='ltr'><strong>plurimum</strong></span> 
     </span>
     <span class='ocr_line' id='line_1_18' title="bbox 758 2495 2819 2594; baseline 0 -27"><span class='ocrx_word' id='word_1_129' title='bbox 758 2497 1437 2594; x_wconf 79' lang='lat' dir='ltr'><strong>sanguinis,sequens</strong></span> <span class='ocrx_word' id='word_1_130' title='bbox 1454 2495 1709 2580; x_wconf 88' lang='lat' dir='ltr'><strong>minus,</strong></span> <span class='ocrx_word' id='word_1_131' title='bbox 1724 2496 1920 2565; x_wconf 90' lang='lat' dir='ltr'><strong>tertia</strong></span> <span class='ocrx_word' id='word_1_132' title='bbox 1937 2496 2334 2585; x_wconf 89' lang='lat' dir='ltr'><strong>minimum,</strong></span> <span class='ocrx_word' id='word_1_133' title='bbox 2359 2498 2602 2567; x_wconf 87' lang='lat' dir='ltr'><strong>ultima</strong></span> <span class='ocrx_word' id='word_1_134' title='bbox 2618 2496 2819 2567; x_wconf 86' lang='lat' dir='ltr'><strong>nihil.</strong></span> 
     </span>
    </p>

    <p class='ocr_par' dir='ltr' id='par_1_4' title="bbox 762 2608 2830 3972">
     <span class='ocr_line' id='line_1_19' title="bbox 858 2608 2823 2705; baseline 0.001 -26"><span class='ocrx_word' id='word_1_135' title='bbox 858 2612 1010 2680; x_wconf 83' lang='grc' dir='ltr'><strong>ΧΠ.</strong></span> <span class='ocrx_word' id='word_1_136' title='bbox 1040 2613 1217 2681; x_wconf 89' lang='lat' dir='ltr'><strong>Nam</strong></span> <span class='ocrx_word' id='word_1_137' title='bbox 1256 2635 1472 2696; x_wconf 88' lang='lat' dir='ltr'><strong>cruor,</strong></span> <span class='ocrx_word' id='word_1_138' title='bbox 1506 2609 1775 2705; x_wconf 89' lang='lat' dir='ltr'><strong>quoties</strong></span> <span class='ocrx_word' id='word_1_139' title='bbox 1801 2608 2115 2681; x_wconf 88' lang='lat' dir='ltr'><strong>admotus</strong></span> <span class='ocrx_word' id='word_1_140' title='bbox 2142 2631 2267 2698; x_wconf 89' lang='lat' dir='ltr'><strong>est,</strong></span> <span class='ocrx_word' id='word_1_141' title='bbox 2305 2612 2576 2699; x_wconf 84' lang='lat' dir='ltr'><strong>transit,</strong></span> <span class='ocrx_word' id='word_1_142' title='bbox 2603 2632 2719 2680; x_wconf 91' lang='lat' dir='ltr'><strong>aut</strong></span> <span class='ocrx_word' id='word_1_143' title='bbox 2747 2612 2823 2680; x_wconf 81' lang='lat' dir='ltr'><strong>in</strong></span> 
     </span>
     <span class='ocr_line' id='line_1_20' title="bbox 762 2724 2821 2822; baseline 0 -26"><span class='ocrx_word' id='word_1_144' title='bbox 762 2752 977 2796; x_wconf 88' lang='lat' dir='ltr'><strong>manu</strong></span> <span class='ocrx_word' id='word_1_145' title='bbox 1016 2724 1200 2794; x_wconf 90' lang='lat' dir='ltr'><strong>tarde</strong></span> <span class='ocrx_word' id='word_1_146' title='bbox 1237 2724 1559 2820; x_wconf 80' lang='lat' dir='ltr'><strong>reptantis</strong></span> <span class='ocrx_word' id='word_1_147' title='bbox 1595 2725 1853 2795; x_wconf 88' lang='lat' dir='ltr'><strong>arescit.</strong></span> <span class='ocrx_word' id='word_1_148' title='bbox 1897 2726 2047 2795; x_wconf 91' lang='lat' dir='ltr'><strong>Hoc</strong></span> <span class='ocrx_word' id='word_1_149' title='bbox 2091 2726 2260 2822; x_wconf 89' lang='lat' dir='ltr'><strong>quid</strong></span> <span class='ocrx_word' id='word_1_150' title='bbox 2306 2753 2446 2796; x_wconf 89' lang='lat' dir='ltr'><strong>esse</strong></span> <span class='ocrx_word' id='word_1_151' title='bbox 2480 2726 2821 2812; x_wconf 62' lang='lat' dir='ltr'><strong>dicamm,</strong></span> 
     </span>
     <span class='ocr_line' id='line_1_21' title="bbox 765 2837 2826 2937; baseline 0 -27"><span class='ocrx_word' id='word_1_152' title='bbox 765 2839 951 2937; x_wconf 90' lang='lat' dir='ltr'><strong>quod</strong></span> <span class='ocrx_word' id='word_1_153' title='bbox 980 2839 1156 2908; x_wconf 90' lang='lat' dir='ltr'><strong>circa</strong></span> <span class='ocrx_word' id='word_1_154' title='bbox 1188 2837 1588 2908; x_wconf 85' lang='lat' dir='ltr'><strong>cubiculum</strong></span> <span class='ocrx_word' id='word_1_155' title='bbox 1623 2859 1994 2934; x_wconf 86' lang='lat' dir='ltr'><strong>utrumque</strong></span> <span class='ocrx_word' id='word_1_156' title='bbox 2023 2840 2379 2935; x_wconf 76' lang='lat' dir='ltr'><strong>sanguinis</strong></span> <span class='ocrx_word' id='word_1_157' title='bbox 2409 2839 2599 2911; x_wconf 81' lang='lat' dir='ltr'><strong>istius</strong></span> <span class='ocrx_word' id='word_1_158' title='bbox 2633 2841 2826 2911; x_wconf 89' lang='lat' dir='ltr'><strong>vesti-</strong></span> 
     </span>
     <span class='ocr_line' id='line_1_22' title="bbox 767 2952 2824 3053; baseline 0.001 -29"><span class='ocrx_word' id='word_1_159' title='bbox 767 2956 960 3053; x_wconf 78' lang='lat' dir='ltr'><strong>gium</strong></span> <span class='ocrx_word' id='word_1_160' title='bbox 985 2953 1179 3052; x_wconf 85' lang='lat' dir='ltr'><strong>quasi</strong></span> <span class='ocrx_word' id='word_1_161' title='bbox 1209 2952 1481 3051; x_wconf 85' lang='lat' dir='ltr'><strong>incipit?</strong></span> <span class='ocrx_word' id='word_1_162' title='bbox 1511 2952 1675 3024; x_wconf 91' lang='lat' dir='ltr'><strong>hinc</strong></span> <span class='ocrx_word' id='word_1_163' title='bbox 1709 2974 1805 3023; x_wconf 87' lang='lat' dir='ltr'><strong>est</strong></span> <span class='ocrx_word' id='word_1_164' title='bbox 1838 2954 2056 3050; x_wconf 90' lang='lat' dir='ltr'><strong>paries</strong></span> <span class='ocrx_word' id='word_1_165' title='bbox 2087 2956 2464 3052; x_wconf 81' lang='lat' dir='ltr'><strong>palmatus,</strong></span> <span class='ocrx_word' id='word_1_166' title='bbox 2500 2978 2565 3027; x_wconf 88' lang='lat' dir='ltr'><strong>et</strong></span> <span class='ocrx_word' id='word_1_167' title='bbox 2599 2956 2824 3027; x_wconf 83' lang='lat' dir='ltr'><strong>illinc?</strong></span> 
     </span>
     <span class='ocr_line' id='line_1_23' title="bbox 766 3069 2826 3166; baseline 0.002 -25"><span class='ocrx_word' id='word_1_168' title='bbox 766 3070 1139 3159; x_wconf 86' lang='lat' dir='ltr'><strong>Quomodo</strong></span> <span class='ocrx_word' id='word_1_169' title='bbox 1182 3069 1460 3166; x_wconf 90' lang='lat' dir='ltr'><strong>pertulit</strong></span> <span class='ocrx_word' id='word_1_170' title='bbox 1500 3095 1748 3138; x_wconf 87' lang='lat' dir='ltr'><strong>manus</strong></span> <span class='ocrx_word' id='word_1_171' title='bbox 1790 3069 1974 3164; x_wconf 91' lang='lat' dir='ltr'><strong>quod</strong></span> <span class='ocrx_word' id='word_1_172' title='bbox 2019 3070 2481 3166; x_wconf 83' lang='lat' dir='ltr'><strong>relinquebat?</strong></span> <span class='ocrx_word' id='word_1_173' title='bbox 2525 3074 2826 3146; x_wconf 78' lang='lat' dir='ltr'><strong>Noverca</strong></span> 
     </span>
     <span class='ocr_line' id='line_1_24' title="bbox 767 3182 2829 3280; baseline 0.001 -25"><span class='ocrx_word' id='word_1_174' title='bbox 767 3185 978 3273; x_wconf 85' lang='lat' dir='ltr'><strong>istud,</strong></span> <span class='ocrx_word' id='word_1_175' title='bbox 1013 3186 1310 3255; x_wconf 86' lang='lat' dir='ltr'><strong>Noverca</strong></span> <span class='ocrx_word' id='word_1_176' title='bbox 1342 3182 1591 3253; x_wconf 90' lang='lat' dir='ltr'><strong>securis</strong></span> <span class='ocrx_word' id='word_1_177' title='bbox 1625 3183 2010 3280; x_wconf 85' lang='lat' dir='ltr'><strong>composuit</strong></span> <span class='ocrx_word' id='word_1_178' title='bbox 2042 3184 2296 3255; x_wconf 83' lang='lat' dir='ltr'><strong>oculis:</strong></span> <span class='ocrx_word' id='word_1_179' title='bbox 2336 3186 2455 3256; x_wconf 85' lang='lat' dir='ltr'><strong>illa</strong></span> <span class='ocrx_word' id='word_1_180' title='bbox 2490 3187 2829 3258; x_wconf 81' lang='lat' dir='ltr'><strong>miserum</strong></span> 
     </span>
     <span class='ocr_line' id='line_1_25' title="bbox 769 3296 2826 3393; baseline 0 -23"><span class='ocrx_word' id='word_1_181' title='bbox 769 3299 1038 3370; x_wconf 81' lang='lat' dir='ltr'><strong>dextera</strong></span> <span class='ocrx_word' id='word_1_182' title='bbox 1062 3298 1466 3393; x_wconf 75' lang='lat' dir='ltr'><strong>sanguinem</strong></span> <span class='ocrx_word' id='word_1_183' title='bbox 1500 3296 1683 3385; x_wconf 88' lang='lat' dir='ltr'><strong>tulit,</strong></span> <span class='ocrx_word' id='word_1_184' title='bbox 1719 3317 1784 3367; x_wconf 92' lang='lat' dir='ltr'><strong>et</strong></span> <span class='ocrx_word' id='word_1_185' title='bbox 1819 3325 2106 3368; x_wconf 89' lang='lat' dir='ltr'><strong>manum</strong></span> <span class='ocrx_word' id='word_1_186' title='bbox 2136 3300 2429 3370; x_wconf 89' lang='lat' dir='ltr'><strong>subinde</strong></span> <span class='ocrx_word' id='word_1_187' title='bbox 2460 3301 2826 3372; x_wconf 84' lang='lat' dir='ltr'><strong>renovavit.</strong></span> 
     </span>
     <span class='ocr_line' id='line_1_26' title="bbox 766 3410 2825 3512; baseline 0 -28"><span class='ocrx_word' id='word_1_188' title='bbox 766 3413 1116 3484; x_wconf 88' lang='lat' dir='ltr'><strong>Palmatus</strong></span> <span class='ocrx_word' id='word_1_189' title='bbox 1158 3412 1375 3509; x_wconf 86' lang='lat' dir='ltr'><strong>paries</strong></span> <span class='ocrx_word' id='word_1_190' title='bbox 1417 3410 1625 3484; x_wconf 86' lang='lat' dir='ltr'><strong>habet</strong></span> <span class='ocrx_word' id='word_1_191' title='bbox 1666 3413 2083 3503; x_wconf 85' lang='lat' dir='ltr'><strong>distantiam,</strong></span> <span class='ocrx_word' id='word_1_192' title='bbox 2127 3435 2317 3484; x_wconf 78' lang='lat' dir='ltr'><strong>vacat</strong></span> <span class='ocrx_word' id='word_1_193' title='bbox 2351 3415 2616 3512; x_wconf 86' lang='lat' dir='ltr'><strong>aliquid</strong></span> <span class='ocrx_word' id='word_1_194' title='bbox 2663 3415 2825 3503; x_wconf 91' lang='lat' dir='ltr'><strong>loci,</strong></span> 
     </span>
     <span class='ocr_line' id='line_1_27' title="bbox 769 3527 2830 3625; baseline 0.001 -27"><span class='ocrx_word' id='word_1_195' title='bbox 769 3529 1113 3625; x_wconf 76' lang='lat' dir='ltr'><strong>integrum</strong></span> <span class='ocrx_word' id='word_1_196' title='bbox 1145 3527 1402 3624; x_wconf 91' lang='lat' dir='ltr'><strong>ubique</strong></span> <span class='ocrx_word' id='word_1_197' title='bbox 1430 3527 1784 3624; x_wconf 75' lang='lat' dir='ltr'><strong>vestigium</strong></span> <span class='ocrx_word' id='word_1_198' title='bbox 1811 3549 1937 3599; x_wconf 90' lang='lat' dir='ltr'><strong>est:</strong></span> <span class='ocrx_word' id='word_1_199' title='bbox 1967 3531 2203 3600; x_wconf 84' lang='lat' dir='ltr'><strong>Caecus</strong></span> <span class='ocrx_word' id='word_1_200' title='bbox 2231 3556 2478 3600; x_wconf 87' lang='lat' dir='ltr'><strong>manus</strong></span> <span class='ocrx_word' id='word_1_201' title='bbox 2506 3529 2830 3600; x_wconf 80' lang='lat' dir='ltr'><strong>traxisset.</strong></span> 
     </span>
     <span class='ocr_line' id='line_1_28' title="bbox 770 3641 2826 3742; baseline 0.001 -29"><span class='ocrx_word' id='word_1_202' title='bbox 770 3643 1025 3731; x_wconf 86' lang='lat' dir='ltr'><strong>Quaero</strong></span> <span class='ocrx_word' id='word_1_203' title='bbox 1063 3668 1280 3729; x_wconf 91' lang='lat' dir='ltr'><strong>nunc,</strong></span> <span class='ocrx_word' id='word_1_204' title='bbox 1315 3641 1499 3711; x_wconf 91' lang='lat' dir='ltr'><strong>unde</strong></span> <span class='ocrx_word' id='word_1_205' title='bbox 1533 3663 1806 3742; x_wconf 81' lang='lat' dir='ltr'><strong>tantum</strong></span> <span class='ocrx_word' id='word_1_206' title='bbox 1840 3643 2199 3740; x_wconf 71' lang='lat' dir='ltr'><strong>sanguinis</strong></span> <span class='ocrx_word' id='word_1_207' title='bbox 2232 3644 2303 3714; x_wconf 91' lang='lat' dir='ltr'><strong>in</strong></span> <span class='ocrx_word' id='word_1_208' title='bbox 2339 3644 2589 3714; x_wconf 84' lang='lat' dir='ltr'><strong>manu?</strong></span> <span class='ocrx_word' id='word_1_209' title='bbox 2624 3646 2826 3716; x_wconf 87' lang='lat' dir='ltr'><strong>Tunc</strong></span> 
     </span>
     <span class='ocr_line' id='line_1_29' title="bbox 772 3757 2828 3857; baseline 0.001 -29"><span class='ocrx_word' id='word_1_210' title='bbox 772 3759 956 3828; x_wconf 87' lang='lat' dir='ltr'><strong>enim</strong></span> <span class='ocrx_word' id='word_1_211' title='bbox 979 3785 1056 3830; x_wconf 87' lang='lat' dir='ltr'><strong>ex</strong></span> <span class='ocrx_word' id='word_1_212' title='bbox 1072 3758 1261 3829; x_wconf 89' lang='lat' dir='ltr'><strong>omni</strong></span> <span class='ocrx_word' id='word_1_213' title='bbox 1283 3758 1560 3828; x_wconf 85' lang='lat' dir='ltr'><strong>vulnere</strong></span> <span class='ocrx_word' id='word_1_214' title='bbox 1580 3785 1782 3830; x_wconf 89' lang='lat' dir='ltr'><strong>cruor</strong></span> <span class='ocrx_word' id='word_1_215' title='bbox 1800 3760 2082 3857; x_wconf 89' lang='lat' dir='ltr'><strong>profluit</strong></span> <span class='ocrx_word' id='word_1_216' title='bbox 2097 3781 2163 3829; x_wconf 92' lang='lat' dir='ltr'><strong>et</strong></span> <span class='ocrx_word' id='word_1_217' title='bbox 2183 3760 2587 3849; x_wconf 80' lang='lat' dir='ltr'><strong>effunditur,</strong></span> <span class='ocrx_word' id='word_1_218' title='bbox 2605 3757 2828 3856; x_wconf 78' lang='lat' dir='ltr'><strong>quum</strong></span> 
     </span>
     <span class='ocr_line' id='line_1_30' title="bbox 770 3872 2826 3972; baseline 0 -27"><span class='ocrx_word' id='word_1_219' title='bbox 770 3872 930 3945; x_wconf 85' lang='lat' dir='ltr'><strong>ferri</strong></span> <span class='ocrx_word' id='word_1_220' title='bbox 974 3893 1312 3944; x_wconf 89' lang='lat' dir='ltr'><strong>recentem</strong></span> <span class='ocrx_word' id='word_1_221' title='bbox 1350 3873 1532 3943; x_wconf 80' lang='lat' dir='ltr'><strong>viam</strong></span> <span class='ocrx_word' id='word_1_222' title='bbox 1577 3874 1903 3971; x_wconf 85' lang='lat' dir='ltr'><strong>sequitur.</strong></span> <span class='ocrx_word' id='word_1_223' title='bbox 1945 3877 2034 3944; x_wconf 89' lang='lat' dir='ltr'><strong>At</strong></span> <span class='ocrx_word' id='word_1_224' title='bbox 2065 3874 2327 3972; x_wconf 89' lang='lat' dir='ltr'><strong>quoties</strong></span> <span class='ocrx_word' id='word_1_225' title='bbox 2365 3874 2643 3963; x_wconf 90' lang='lat' dir='ltr'><strong>eodem,</strong></span> <span class='ocrx_word' id='word_1_226' title='bbox 2686 3901 2826 3970; x_wconf 90' lang='lat' dir='ltr'><strong>quo</strong></span> 
     </span>
    </p>
   </div>
   <div class='ocr_carea' id='block_1_4' title="bbox 770 4058 2836 4280">
    <p class='ocr_par' dir='ltr' id='par_1_5' title="bbox 770 4058 2836 4280">
     <span class='ocr_line' id='line_1_31' title="bbox 848 4058 2834 4132; baseline 0.001 -22"><span class='ocrx_word' id='word_1_227' title='bbox 848 4076 889 4110; x_wconf 82' lang='grc' dir='ltr'><strong>ι.</strong></span> <span class='ocrx_word' id='word_1_228' title='bbox 921 4058 1173 4110; x_wconf 73' lang='lat' dir='ltr'><strong>Invidiam</strong></span> <span class='ocrx_word' id='word_1_229' title='bbox 1207 4071 1523 4132; x_wconf 70' lang='lat' dir='ltr'><strong>exspectaret.</strong></span> <span class='ocrx_word' id='word_1_230' title='bbox 1562 4060 1758 4111; x_wconf 73' lang='lat' dir='ltr'><strong>Invidia</strong></span> <span class='ocrx_word' id='word_1_231' title='bbox 1838 4061 1998 4124; x_wconf 80' lang='lat' dir='ltr'><strong>Caes.,</strong></span> <span class='ocrx_word' id='word_1_232' title='bbox 2030 4073 2076 4110; x_wconf 80' lang='lat' dir='ltr'><strong>c.</strong></span> <span class='ocrx_word' id='word_1_233' title='bbox 2110 4060 2168 4126; x_wconf 73' lang='grc'><strong>14</strong></span> <span class='ocrx_word' id='word_1_234' title='bbox 2194 4082 2206 4110; x_wconf 74' lang='lat' dir='ltr'><strong><em>z</em></strong></span> <span class='ocrx_word' id='word_1_235' title='bbox 2248 4083 2268 4105; x_wconf 72' lang='grc' dir='ltr'><strong><em>κ</em></strong></span> <span class='ocrx_word' id='word_1_236' title='bbox 2289 4061 2602 4125; x_wconf 82' lang='lat' dir='ltr'><strong>Ostentans‚</strong></span> <span class='ocrx_word' id='word_1_237' title='bbox 2631 4072 2834 4130; x_wconf 58' lang='lat' dir='ltr'><strong>quanta</strong></span> 
     </span>
     <span class='ocr_line' id='line_1_32' title="bbox 770 4136 2836 4214; baseline 0.002 -27"><span class='ocrx_word' id='word_1_238' title='bbox 770 4136 855 4188; x_wconf 87' lang='lat' dir='ltr'><strong>hic</strong></span> <span class='ocrx_word' id='word_1_239' title='bbox 895 4150 973 4188; x_wconf 84' lang='lat' dir='ltr'><strong>est</strong></span> <span class='ocrx_word' id='word_1_240' title='bbox 1022 4137 1268 4214; x_wconf 78' lang='lat' dir='ltr'><strong>infamia,</strong></span> <span class='ocrx_word' id='word_1_241' title='bbox 1310 4138 1444 4189; x_wconf 86' lang='lat' dir='ltr'><strong>mala</strong></span> <span class='ocrx_word' id='word_1_242' title='bbox 1486 4137 1760 4190; x_wconf 81' lang='lat' dir='ltr'><strong>hominum</strong></span> <span class='ocrx_word' id='word_1_243' title='bbox 1842 4161 1864 4182; x_wconf 74' lang='grc' dir='ltr'><strong>α</strong></span> <span class='ocrx_word' id='word_1_244' title='bbox 1886 4156 1978 4188; x_wconf 84' lang='lat' dir='ltr'><strong>eos</strong></span> <span class='ocrx_word' id='word_1_245' title='bbox 2014 4138 2066 4187; x_wconf 84' lang='lat' dir='ltr'><strong>in</strong></span> <span class='ocrx_word' id='word_1_246' title='bbox 2095 4154 2362 4209; x_wconf 80' lang='lat' dir='ltr'><strong>posterum</strong></span> <span class='ocrx_word' id='word_1_247' title='bbox 2383 4157 2413 4190; x_wconf 73' lang='lat' dir='ltr'><strong>a</strong></span> <span class='ocrx_word' id='word_1_248' title='bbox 2435 4137 2589 4210; x_wconf 72' lang='lat' dir='ltr'><strong>plebe</strong></span> <span class='ocrx_word' id='word_1_249' title='bbox 2611 4155 2836 4192; x_wconf 66' lang='lat' dir='ltr'><strong>roman·</strong></span> 
     </span>
     <span class='ocr_line' id='line_1_33' title="bbox 771 4216 2392 4280; baseline -0.006 -13"><span class='ocrx_word' id='word_1_250' title='bbox 771 4216 1104 4280; x_wconf 82' lang='lat' dir='ltr'><strong>existimatio,</strong></span> <span class='ocrx_word' id='word_1_251' title='bbox 1122 4230 1178 4267; x_wconf 89' lang='lat' dir='ltr'><strong>ut</strong></span> <span class='ocrx_word' id='word_1_252' title='bbox 1191 4218 1322 4269; x_wconf 85' lang='lat' dir='ltr'><strong>inter</strong></span> <span class='ocrx_word' id='word_1_253' title='bbox 1336 4216 1525 4268; x_wconf 84' lang='lat' dir='ltr'><strong>multos</strong></span> <span class='ocrx_word' id='word_1_254' title='bbox 1540 4217 1752 4269; x_wconf 80' lang='lat' dir='ltr'><strong>Sueton.</strong></span> <span class='ocrx_word' id='word_1_255' title='bbox 1842 4241 1864 4262; x_wconf 68' lang='lat' dir='ltr'><strong>a</strong></span> <span class='ocrx_word' id='word_1_256' title='bbox 1882 4235 2111 4271; x_wconf 63' lang='lat' dir='ltr'><strong>maneret</strong></span> <span class='ocrx_word' id='word_1_257' title='bbox 2133 4219 2343 4274; x_wconf 53' lang='lat' dir='ltr'><strong>invidia,</strong></span> <span class='ocrx_word' id='word_1_258' title='bbox 2368 4244 2392 4267; x_wconf 65' lang='lat'><strong>‚,</strong></span> 
     </span>
    </p>
   </div>
   <div class='ocr_carea' id='block_1_5' title="bbox 3175 2668 3181 3240">
    <p class='ocr_par' dir='ltr' id='par_1_6' title="bbox 3175 2668 3181 3240">
     <span class='ocr_line' id='line_1_34' title="bbox 3175 2668 3181 3240; baseline 0 0"><span class='ocrx_word' id='word_1_259' title='bbox 3175 2668 3181 3240; x_wconf 95' lang='lat' dir='ltr'><strong> </strong></span> 
     </span>
    </p>
   </div>
  </div>
 </body>
</html>
