3200 5117
544 563 644 625 IN
691 561 1105 626 DECLAM.
1154 562 1245 624 M.
1296 564 1365 624 F.
1414 561 2076 643 QUINTILIANI.
2213 563 2357 626 xxix

297 679 589 770 «Adjecit
633 683 1064 772 quaestionem
1105 682 1318 748 Gallio
1355 684 1661 762 alteram,
1698 708 1780 748 an
1822 684 2111 749 abdicari
2155 686 2360 773 possit

293 786 463 877 ajam
488 789 835 880 adoptatus
855 791 942 857 ob
963 790 1031 856 id
1047 791 1277 855 vitium
1292 841 1310 871 ,
1333 790 1514 881 quod
1537 808 1888 880 antequam
1910 792 2358 882 adoptaretur,

291 920 317 949 ι
337 909 567 960 notum
588 896 713 962 fuit
731 894 1091 986 adoptanti.
1120 899 1264 961 Hoc
1286 915 1509 961 autem
1537 921 1615 961 ex
1645 899 1965 988 aequitatis
1991 914 2175 988 parte
2202 921 2359 988 pen-

288 1025 314 1055 a
334 995 445 1064 det
465 1050 482 1080 ,
531 1017 595 1064 et
645 1004 943 1068 tractatio
990 1003 1195 1090 magis
1246 1019 1344 1067 est
1366 1052 1382 1082 ‚
1428 1025 1628 1091 quam
1674 1005 1967 1092 quaestio.
1993 1033 2020 1062 n
2067 1004 2357 1085 Quaestio

280 1108 737 1172 controversiae
761 1130 911 1195 pars
937 1124 1062 1184 est,
1085 1123 1161 1170 ut
1183 1124 1248 1171 et
1271 1106 1526 1171 divisio.
1554 1106 1742 1201 Idem
1767 1109 2008 1173 Seneca
2037 1110 2357 1195 prooemio

275 1208 385 1273 lib.
416 1213 541 1290 111,
563 1211 645 1277 de
667 1213 967 1276 Albutio:
1003 1242 1029 1269 α
1052 1215 1222 1277 Raro
1248 1202 1449 1277 totam
1474 1216 1984 1279 controversiam
2009 1214 2355 1300 implebat:

283 1343 308 1371 α
330 1337 469 1380 non
497 1340 723 1404 posses
754 1317 975 1381 dicere
1000 1314 1389 1381 divisionem
1414 1340 1586 1395 esse,
1622 1341 1753 1383 non
1784 1342 2009 1408 posses
2034 1318 2358 1383 declama-

281 1447 305 1476 α
330 1422 625 1500 tionem3
674 1439 1009 1512 tamquam
1056 1421 1511 1487 declamationi
1557 1424 1840 1489 multum
1886 1424 2147 1506 deerat,
2200 1442 2358 1488 tam-

276 1554 304 1583 κ
330 1549 535 1615 quam
573 1528 880 1593 divisioni
920 1528 1207 1592 multum
1243 1549 1598 1618 supererat.
1626 1561 1653 1589 n
1701 1532 1903 1597 Paulo
1941 1550 2089 1621 post
2126 1531 2210 1596 de
2249 1553 2357 1594 eo·

270 1631 433 1696 dem
458 1656 472 1695 :
535 1663 562 1692 α
598 1636 752 1698 Erat
803 1651 869 1698 et
921 1633 1084 1699 illud
1132 1635 1201 1698 in
1247 1638 1813 1723 argumentatione
1855 1639 2086 1703 vitium
2110 1687 2126 1714 ‚
2178 1636 2358 1726 quod

279 1738 802 1826 «quaestionem,
842 1762 976 1805 non
1019 1756 1355 1830 tamquam
1398 1759 1652 1829 partem
1696 1746 2197 1822 controversiae,
2243 1743 2358 1807 sed

282 1871 308 1899 κ
328 1859 667 1933 tamquam
696 1847 1210 1910 controversiam
1240 1846 1576 1934 implebat.
1610 1848 1842 1912 Omnis
1869 1850 2144 1937 quaestio
2179 1871 2360 1911 suam

281 1978 307 2006 «ι
329 1949 789 2037 probationem
829 1950 1144 2030 habebat,
1181 1975 1365 2017 suam
1400 1955 1924 2032 excusationem,
1961 1977 2112 2018 suos
2147 1975 2366 2018 exces-

282 2084 306 2114 α
327 2078 439 2121 sus
462 2105 479 2136 ,
531 2080 679 2122 suas
724 2056 1202 2146 indignationes
1224 2108 1242 2136 ,
1292 2057 1626 2147 epilogum
1677 2083 1948 2149 quoque
1996 2083 2208 2124 suum.
2269 2060 2364 2124 lta

283 2189 309 2218 ι
328 2185 531 2228 unam
560 2163 1072 2228 controversiam
1096 2162 1540 2252 proponebat,
1572 2163 1795 2252 plures
1820 2164 2156 2253 implebat.
2187 2161 2364 2247 Quid

283 2297 309 2326 ι
330 2268 571 2355 igitur?
603 2271 814 2334 omnis
850 2272 1125 2360 quaestio
1163 2293 1283 2359 per
1320 2293 1632 2336 numeros
1670 2293 1826 2336 suos
1860 2270 2195 2359 implenda
2228 2294 2362 2334 non

283 2401 309 2429 κ
332 2377 474 2439 est?
502 2391 604 2440 est
635 2375 940 2466 quidem,
977 2374 1093 2440 sed
1130 2393 1465 2466 tamquam
1495 2379 1816 2456 accessio,
1855 2400 1991 2441 non
2028 2381 2363 2466 tamquam

282 2506 307 2534 ἕ
329 2501 611 2546 Summa.
636 2511 663 2540 υ

358 2585 753 2653 Praelocutio
787 2588 1051 2655 Senecae
1075 2607 1450 2670 sermo-est,
1489 2590 1820 2656 interdum
1848 2607 1914 2655 et
1942 2588 2262 2669 sedentis,
2289 2607 2364 2654 ut

272 2713 556 2777 prooem.
580 2694 693 2760 lib.
722 2697 750 2760 1
775 2697 1086 2762 Controv.
1114 2695 1197 2761 de
1223 2699 1451 2763 Porcio
1475 2700 1794 2763 Latrone:
1828 2728 1854 2756 α
1881 2696 1955 2762 ld
1978 2697 2158 2787 quod
2187 2720 2363 2762 nunc

281 2824 309 2853 α
331 2820 371 2861 a
414 2800 602 2865 nullo
638 2802 784 2866 fieri
823 2803 1438 2882 animadvertimus,
1474 2820 1744 2892 semper·
1770 2804 1966 2869 fecit:
2006 2820 2363 2891 antequam

280 2929 306 2959 α
329 2903 558 2970 dicere
579 2907 928 2997 inciperet,
952 2906 1189 2974 sedens
1211 2908 1644 2997 quaestionem
1662 2909 1833 2999 ejm,
1851 2930 2048 2998 quam
2069 2906 2364 2972 dicturus

280 3038 307 3068 a
329 3028 472 3078 erat
496 3014 994 3093 controversiae,
1024 3014 1457 3105 proponebat.
1483 3043 1510 3073 n
1548 3016 1632 3078 Et
1653 3017 1719 3078 in
1746 3014 2069 3103 prooemio
2094 3011 2205 3075 lib.
2231 3013 2360 3075 111:

280 3147 306 3176 a
326 3119 462 3185 Silo
492 3122 851 3210 Pompeius
878 3120 1146 3202 sedens,
1180 3145 1385 3211 quum
1416 3121 1736 3187 facundus
1768 3138 1834 3186 et
1860 3120 2141 3185 disertus
2167 3136 2232 3183 et
2261 3118 2363 3182 lit-

279 3252 306 3281 ·
328 3242 586 3294 teratus
617 3226 992 3309 haberetur,
1027 3230 1080 3294 si
1114 3230 1561 3317 proclamante
1596 3228 1989 3306 dimitteret,
2028 3244 2161 3291 tam
2194 3226 2376 3290 male-

280 3359 306 3388 «
330 3331 785 3415 declamabat,
827 3353 901 3399 ut
940 3335 1167 3400 videar
1207 3358 1343 3400 non
1383 3333 1553 3400 male
1597 3351 1895 3424 optasse,
1942 3356 2148 3422 quum
2192 3331 2362 3396 dixi:

278 3466 306 3493 κ
328 3440 693 3529 Nunquam
730 3465 975 3531 surgas.
1000 3472 1028 3501 n
1066 3441 1252 3507 Idem
1293 3440 1406 3506 lib.
1444 3443 1542 3505 111
1572 3440 1659 3505 de
1695 3441 1958 3505 Albutio
1990 3438 2208 3506 Silone
2235 3440 2362 3501 No·

270 3544 590 3610 vatiensi:
638 3548 1052 3636 «incipiebat
1085 3546 1350 3626 sedem,
1389 3563 1509 3612 etc.
1536 3576 1563 3605 n
1599 3548 1699 3609 De
1734 3568 1867 3635 quo
1907 3561 1974 3610 et
2012 3542 2363 3610 Suetonius

268 3649 511 3717 libello
542 3652 622 3718 de
657 3654 1012 3721 Illustribb.
1039 3653 1377 3721 Rhetorr.:
1412 3681 1438 3711 α
1460 3653 1733 3731 Solitus,
1765 3654 1993 3741 inquit,
2030 3649 2363 3740 proposita

278 3783 305 3814 α
328 3761 782 3826 controversia
802 3759 1041 3827 sedens
1062 3760 1352 3848 incipere
1367 3809 1383 3837 ,
1407 3775 1473 3823 et
1491 3758 1706 3823 calore
1726 3755 1991 3825 demum
2014 3772 2380 3844 provectus

279 3891 306 3921 α
327 3887 739 3956 consurgere
761 3892 841 3934 ac
856 3891 1195 3957 perorare;
1224 3867 1616 3933 declamavit
1642 3882 1863 3931 autem
1887 3886 2129 3953 genere
2153 3862 2362 3940 varic,

276 3998 303 4028 α
328 3972 542 4038 modo
581 3975 928 4061 splendide
964 3993 1163 4064 atque
1194 3972 1545 4049 adornate,
1584 3989 1725 4036 tum
1763 3994 1847 4036 ne
1885 3990 2378 4059 usquequaque-

277 4103 304 4132 «
328 4077 766 4147 scholasticus
819 4082 1322 4154 existimaretur,
1374 4078 1757 4145 circumcise
1806 4100 1882 4142 ac
1934 4074 2197 4144 sordide
2223 4123 2239 4151 ‚
2300 4089 2365 4136 et

275 4201 603 4254 «tantum
638 4187 1179 4256 non'trivialibus
1216 4187 1456 4252 verbis.
1480 4216 1507 4244 n
1558 4186 1663 4252 Sic
1708 4186 1762 4248 is
1799 4185 1986 4250 loeus
2028 4204 2235 4271 quum
2286 4201 2370 4247 ex
