3200 5117
1121 614 1644 681 EXCERPTA.
2296 619 2421 704 437

344 740 587 812 eadem
617 739 726 812 lex
754 738 996 830 errori,
1016 759 1084 813 et
1105 740 1462 813 arti.-P.
1497 738 1689 810 Nihil
1718 737 1939 829 aliter,
1979 766 2192 839 quam
2235 767 2428 812 mor-

342 876 484 927 tem
519 876 710 929 tuam
730 855 1295 929 articulavi.—-D.
1315 855 1548 927 Vultis
1562 855 1733 927 scire
1756 853 2029 955 judices
2050 882 2064 927 :
2092 856 2430 929 accusavit

343 998 458 1044 me
505 997 586 1043 eo
635 994 978 1072 tempore,
1027 999 1166 1102 quo
1213 997 1357 1042 non
1408 990 1721 1070 poteram
1761 970 2130 1043 damnatus
2179 971 2427 1043 occidi.

340 1131 439 1142 --
460 1091 539 1159 Ρ.
567 1091 827 1187 Legem
851 1114 1048 1160 suam
1075 1087 1311 1159 civitas
1336 1087 1426 1159 ob
1453 1087 1719 1160 divitis
1704 1089 2215 1187 impatientiam
2247 1114 2429 1160 exce-

345 1203 677 1276 det?—D.
695 1204 1068 1320 Explicata
1071 1225 1173 1276 est
1193 1203 1367 1302 legis
1391 1204 1652 1275 invidia
1667 1232 1937 1303 ‚quum
1963 1205 2118 1302 quis
2148 1203 2426 1303 patitur,

343 1317 535 1416 quod
568 1339 633 1390 et
662 1319 839 1393 fecit.
859 1363 957 1374 —
980 1299 1068 1391 P.
1094 1318 1228 1391 Cui
1258 1345 1578 1416 unquam
1614 1319 1788 1417 patri
1826 1318 2255 1418 prohibitum
2286 1339 2430 1409 est,

343 1461 469 1533 pro
519 1435 751 1508 liberis
796 1435 1107 1509 mori?—
1113 1439 1228 1509 ·.D
1265 1440 1359 1509 At
1404 1458 1480 1509 tu
1526 1436 1700 1507 mihi
1748 1436 1938 1508 idem
1990 1436 2426 1536 prohibuisti

341 1593 440 1605 —-
472 1552 551 1623 P.
585 1550 835 1624 Nullus
865 1551 1062 1625 dol'or
1096 1573 1316 1624 morte
1349 1552 1573 1652 major
1601 1573 1700 1625 est
1724 1568 1740 1597 ¹
1777 1580 1792 1623 :
1834 1553 2015 1625 hanc
2056 1553 2297 1625 offer0.
2333 1596 2429 1606 —

345 1667 433 1737 D.
471 1668 728 1739 Parum
759 1667 974 1759 dolet,
1010 1668 1304 1767 quisque
1338 1667 1634 1768 patitur,
1669 1668 1994 1766 ignoscit:
2032 1667 2430 1740 innocentia

344 1808 521 1880 opus
562 1803 692 1873 est,
740 1804 817 1854 ut
849 1782 1188 1854 miserum
1220 1781 1416 1854 dolor
1442 1782 1666 1855 faeiat.
1686 1825 1785 1838 -
1806 1784 1888 1855 P.
1936 1781 2005 1853 Si
2038 1782 2224 1879 leges
2258 1808 2431 1853 con-

341 1897 744 1969 temnendoe
783 1918 976 1987 sunt,
1011 1924 1166 1969 eam
1210 1897 1426 1969 simul
1461 1897 1827 1985 auferatis,
1864 1922 2019 1995 quae
2052 1897 2236 1967 male
2275 1923 2431 1967 me·-

340 2010 488 2083 ritis
508 2039 786 2113 poenam
805 2033 1017 2114 parat.
1034 2015 1232 2085 —-D.
1258 2017 1389 2084 Pro
1409 2011 1679 2114 pudori
1700 2013 1795 2083 ἰδ’
1822 2013 2047 2111 legem
2080 2011 2430 2103 nominat,

336 2127 468 2224 qui
527 2130 960 2203 immanitate
1009 2129 1278 2203 sceleris
1332 2130 1560 2229 legem
1625 2127 2003 2202 damnavit.
2046 2171 2144 2184 --
2192 2130 2274 2199 P:
2335 2127 2435 2200 Sit

333 2267 576 2318 autem
611 2245 977 2337 servanda,
1026 2271 1106 2317 ea
1136 2266 1473 2336 servetur,
1527 2266 1609 2316 ut
1647 2272 1904 2317 nocens
1945 2244 2299 2345 puniatur.
2333 2287 2432 2297 --

339 2364 433 2435 D.
475 2362 688 2435 Nulla
715 2389 918 2460 poena
947 2382 1080 2453 est,
1115 2362 1247 2434 nisi
1283 2362 1542 2434 invito:
1584 2361 1933 2433 infinitam
1965 2359 2137 2432 datis
2170 2358 2433 2431 sceleri·

340 2478 476 2550 bus
505 2477 905 2566 audaciam,
938 2479 993 2551 si
1028 2477 1301 2550 nocenti
1333 2503 1554 2578 poenae
1601 2477 2005 2602 praestabitis
2041 2474 2426 2548 arbitrium.

340 2595 547 2664 -P.
592 2591 781 2665 Nihil
829 2593 1130 2693 inimico·
1157 2592 1470 2664 acerbius
1518 2563 1719 2680 {relis3
1777 2619 1989 2692 quam
2044 2589 2300 2694 quod
2281 2615 2433 2689 ipse

335 2708 521 2779 'ferre
560 2734 702 2779 non
738 2708 970 2807 possis.
994 2708 1196 2778 -D.
1230 2707 1442 2805 Atqui
1481 2709 1647 2805 e‘go,
1668 2707 2089 2797 saevissime,
2131 2726 2428 2777 mortem

346 2844 549 2922 opto:
589 2823 823 2896 liberis
853 2847 1079 2897 carere
1110 2851 1251 2895 non
1281 2829 1585 2923 possum.
1612 2867 1710 2877 —-
1672 2823 1813 2894 P.
1849 2825 2088 2920 Egone
2113 2842 2265 2894 tuos
2294 2820 2436 2893 abs-

342 2938 735 3012 tum—D.
781 2940 1003 3029 Audi,
1034 2939 1293 3031 civitas»,
1335 2940 1408 3012 in
1442 2961 1507 3013 te
1533 2940 1816 3012 crimen
1847 2939 2207 3011 transfert:
2258 2939 2427 3029 ‘sciS‚

346 3052 521 3153 quid
557 3053 738 3152 egit?
771 3053 1022 3128 liberos
1046 3056 1134 3127 ad
1165 3075 1497 3146 mortem,
1525 3017 1871 3127 'civitatem
1899 3053 1986 3125 ad
2024 2997 2427 3151 perfidiam:

351 3194 469 3241 me
498 3168 586 3241 ad
620 3169 1088 3268 proditionem
1122 3170 1365 3269 coegit.
1413 3165 1621 3241 Nunc
1668 3168 2100 3268 responden.
2147 3166 2429 3238 nullum

342 3283 612 3356 facinus
644 3285 1008 3385 publicum
1039 3314 1182 3359 esse
1211 3306 1471 3385 potest:
1504 3280 1717 3359 oriine
1745 3305 2126 3358 commune
2158 3309 2430 3381 persua-

341 3398 567 3472 dentis
617 3420 736 3471 est.
773 3444 872 3456 --
911 3403 993 3472 P.
1036 3401 1405 3501 Numquid
1456 3400 1781 3501 peribunt
1831 3385 2284 3472 innocentes?
2329 3441 2427 3453 —-

340 3516 429 3586 D.
465 3514 664 3604 Quid
710 3516 1015 3604 haeretis,
1048 3517 1367 3618 judices?
1401 3516 1754 3614 numquid
1789 3541 1982 3588 meos
2024 3513 2139 3586 lex‘
2176 3513 2427 3612 reperit

341 3637 872 3708 nocentes.-P.
898 3634 1372 3722 Miseremini,
1395 3634 1700 3737 judices,
1723 3633 2149 3734 quicumque
2171 3631 2426 3702 liberos

340 3746 637 3828 habetis.
656 3748 1084 3821 miseremini
1111 3745 1646 3821 meorumae'—D.
1671 3748 1969 3820 Facinus
1998 3767 2118 3836 est,
2131 3744 2422 3847 judices,

340 3864 841 3962 praeteritarum
872 3866 1207 3938 mortium
1236 3865 1577 3936 minorem
1605 3892 1744 3938 esse
1770 3864 2304 3936 miserationem.
2327 3905 2404 3916 —

341 3980 423 4050 P.
477 3981 633 4052 Non
678 3980 914 4071 video,
962 3980 1314 4080 quomodo
1354 3981 1534 4054 obsit
1580 3981 1734 4053 filiis
1778 3981 2021 4052 odium
2064 3979 2296 4079 patris.
2325 4023 2401 4033 -

418 4192 463 4232 1.
489 4174 656 4230 Dolor
672 4189 835 4229 morte
860 4179 1030 4247 major
1047 4186 1133 4228 est.
1161 4178 1334 4230 Burm.
1491 4196 1539 4229 α.
1563 4177 1668 4229 Pro
1683 4175 1911 4246 pudoris.
1930 4177 2095 4245 Lege,
2117 4193 2214 4246 pro
2227 4175 2424 4245 pudor!

342 4268 394 4307 et
422 4270 526 4309 vet.
550 4254 681 4308 God.
708 4259 890 4328 majus.
923 4256 1131 4327 Bipont.
1159 4276 1338 4308 emen·
1418 4259 1460 4309 is
1487 4254 1682 4330 leyem,
1716 4254 1857 4327 quod
1892 4271 1944 4306 et
1980 4256 2270 4327 recepimus
2298 4272 2418 4304 cum

339 4333 607 4389 dationem
631 4338 797 4390 secuti
824 4355 1023 4388 sumus.
1047 4338 1138 4388 En.
1417 4335 1557 4388 Edit.
1583 4336 1790 4406 Bipont.
1818 4334 1910 4386 En.
