3200 5117
730 545 1365 616 DECLAMA‘rlo
1409 545 1506 613 11.
1551 539 1740 614 pao
1781 507 2070 616 cAEco.
2359 550 2436 628 ,ιι

356 670 647 759 sentias,
679 698 849 767 quos
883 671 1204 743 senectus
1238 670 1744 769 languoresque
1771 665 2192 742 dissolvunt?
2221 669 2448 740 homi·

366 785 472 856 nis
505 784 624 883 qui
663 787 843 858 ferro
886 786 1259 875 occiditur,
1302 784 1770 857 tumultuatur
1811 786 2061 876 exitus,
2106 805 2172 857 et
2199 783 2448 855 similis

368 924 467 975 est
492 905 935 1002 repugnanti.
972 903 1170 994 Quid
1195 903 1385 1002 quod
1415 929 1691 975 necesse
1727 924 1853 993 est,
1888 903 2081 977 nulla
2114 929 2297 975 mors
2331 902 2448 974 in·-

368 1017 662 1115 quietior
690 1020 1051 1118 sit‚'quam
1087 1044 1242 1119 quae
1268 1019 1497 1089 statim
1526 1039 1668 1090 tota
1697 1017 1834 1091 est?
1861 1046 2021 1091 nam
2059 1017 2246 1117 quod
2282 1016 2447 1088 dor-

369 1133 597 1205 miens
617 1136 879 1207 occisus
902 1154 1033 1224 est,
1065 1159 1205 1206 non
1233 1154 1360 1223 est,
1389 1133 1576 1232 quod
1599 1134 1693 1205 sic
1713 1134 2086 1223 aestimetis,
2113 1154 2448 1230 tanquam

368 1274 493 1347 per
522 1248 716 1320 illam
750 1249 1059 1346 quietem
1092 1247 1439 1320 transierit
1462 1248 1537 1318 in
1566 1270 1901 1322 mortem:
1935 1249 2019 1321 sit
2044 1247 2308 1345 aliquid
2334 1273 2451 1318 ne·

369 1387 553 1435 cesse
596 1384 695 1433 est
734 1363 915 1432 inter
952 1387 1270 1459 soporem
1305 1382 1736 1460 mortemque
1770 1361 2119 1452 medium,
2154 1389 2282 1433 nec
2319 1387 2451 1460 po-

374 1496 504 1547 test
522 1476 729 1575 jungi
760 1498 954 1547 tanta
982 1475 1364 1565 diversitas,
1398 1502 1620 1574 quum
1664 1477 1752 1548 sit
1790 1503 2077 1549 somnus
2106 1477 2252 1576 ipse
2297 1502 2451 1574 pars

368 1591 547 1662 vitae.
582 1593 740 1662 Non
767 1591 1069 1661 multum
1098 1590 1410 1677 interest,
1439 1581 1745 1688 quietem
1776 1612 2074 1664 nostram
2107 1591 2278 1664 ratio
2299 1591 2453 1662 vitae

372 1726 693 1802 rumpat,
730 1731 820 1775 an
853 1705 1128 1776 mortis:
1165 1704 1526 1780 hominem
1559 1705 1680 1802 qui
1710 1707 2061 1778 dormiens
2087 1706 2452 1794 occiditur,

375 1820 521 1916 ipsa
552 1845 735 1890 mors
758 1819 1019 1891 excitat.
1046 1820 1224 1891 Sane
1249 1846 1393 1890 non
1419 1819 1743 1892 habuerit
1763 1846 2161 1920 supremam
2187 1846 2454 1908 vocem;

372 1931 584 2005 habet
623 1933 865 2032 utique
906 1933 1423 2033 palpitationes,
1458 1934 1670 2006 habet
1709 1957 1971 2023 motus,
2013 1956 2078 2007 et
2113 1934 2456 2034 quidquid

377 2068 558 2119 totus
585 2048 877 2121 lectulus
901 2050 1088 2123 sciat.
1120 2051 1205 2120 Et
1228 2048 1512 2149 quando
1536 2050 1789 2121 mulier
1816 2051 1962 2122 seni
1990 2072 2110 2123 tuo
2137 2050 2459 2122 blandius

378 2162 717 2261 implicita
745 2162 1065 2264 jacuisti?
1105 2164 1359 2236 siccine
1402 2163 1698 2253 dormis,
1737 2189 1891 2259 quae
1923 2163 2133 2235 modo
2169 2162 2459 2233 turbasti

378 2298 598 2370 totam
618 2278 945 2368 domum,
966 2279 1073 2379 cuj
1083 2306 1162 2351 us
1182 2279 1539 2378 privignus
1562 2278 1932 2378 parricida,
1963 2279 2171 2350 miser
2196 2298 2294 2349 est
2314 2304 2462 2349 ma-

380 2392 588 2465 ritus?
620 2420 776 2466 ecce
797 2392 1126 2467 vitalibus
1157 2393 1376 2492 ruptis
1411 2392 1484 2465 in
1513 2392 1870 2491 amplexus
1896 2412 2050 2465 tuos
2073 2390 2461 2463 effunditur

382 2501 615 2602 cruor,
649 2529 715 2580 et
744 2508 1017 2606 fugiens
1044 2535 1167 2609 per
1197 2508 1448 2581 vulnus
1476 2508 1716 2580 anima
1744 2507 1887 2606 agit
1910 2525 2070 2579 ante
2099 2533 2167 2577 se
2196 2503 2464 2576 anheli-

382 2645 531 2713 tus,
559 2625 701 2724 agit
725 2624 962 2697 crebra
995 2624 1325 2724 suspiria:
1365 2651 1452 2696 en
1485 2625 1739 2696 iterum
1773 2621 2002 2722 largus
2029 2622 2144 2694 ille
2179 2620 2462 2719 sanguis

384 2739 565 2812 circa
597 2760 750 2834 tuos
781 2740 1071 2813 duratur
1101 2761 1318 2829 artus3
1352 2740 1706 2838 stringeris
1734 2738 2208 2810 deficientium
2238 2736 2463 2832 rigore

386 2853 866 2925 membrorum
893 2880 908 2924 ε
935 2880 1077 2925 non
1104 2854 1429 2944 moveris,
1456 2881 1598 2927 non
1627 2853 2033 2953 expavesciS,
2059 2850 2177 2924 sed
2202 2849 2464 2921 dormis

378 2994 513 3066 per
550 2989 651 3040 tot
691 2968 1147 3042 diversitates?
1184 2973 1342 3043 Non
1379 2969 1792 3070 relinquitur
1817 2968 1987 3067 quid
2021 2964 2207 3038 aliud
2239 2965 2466 3036 simu-

384 3083 530 3155 lare
566 3085 777 3183 possit
811 3086 1090 3177 mulier,
1134 3085 1247 3159 cui
1292 3111 1561 3158 necesse
1604 3105 1706 3157 est
1735 3084 1935 3187 juxta
1967 3108 2128 3154 eum
2169 3077 2464 3152 inveniri

389 3226 603 3300 quem
637 3201 914 3275 occidit.
1322 3223 1330 3228 “

487 3316 673 3386 XIX.
709 3318 866 3388 Non
901 3339 1029 3406 est,
1060 3317 1361 3417 judices,
1397 3317 1585 3417 quod
1622 3313 2029 3388 incredibile
2063 3309 2346 3411 putetis,
2389 3328 2469 3379 ut

390 3429 551 3527 quis
578 3431 874 3529 perferat
906 3431 1307 3503 dormientis
1339 3430 1859 3503 simulationem
1886 3455 1902 3498 ε
1939 3426 2113 3498 nihil
2146 3444 2245 3496 est
2276 3422 2466 3520 quod

372 3545 657 3625 ⁴facilius
697 3546 1007 3620 humana
1053 3547 1385 3620 calliditas
1430 3546 1640 3646 possit
1682 3545 1963 3617 imitari.
2016 3543 2128 3615 Sic
2173 3538 2467 3638 quidam

390 3659 808 3764 cadaverum
837 3689 1215 3762 expressere
1237 3662 1573 3763 pallorem
1588 3719 1607 3751 ,
1635 3680 1700 3733 et
1723 3679 1954 3732 contra
1975 3657 2254 3731 verbera
2277 3675 2343 3726 et
2364 3679 2471 3760 eir-

392 3774 783 3874 perimenta
834 3777 1133 3850 telorum
1153 3792 1204 3865 ¹,
1252 3776 1582 3848 mortium
1638 3774 1980 3875 pertulere
2033 3770 2466 3872 patientiam.

401 3935 555 3968 annon
568 3914 814 3970 habuerit
827 3937 1336 3990 supremamvocem.
1359 3941 1384 3966 ιι
1468 3917 1610 3980 lere,
1645 3935 1761 3989 quae
1800 3917 1995 3969 mortui
2035 3926 2355 3986 paterentur.
2399 3938 2470 3950 --

471 4014 517 4049 ι.
555 3998 770 4051 Verbera
799 4011 851 4052 et
880 4002 1226 4073 experimenta
1258 4000 1389 4054 telo—
1466 3997 1725 4051 Mortium
1755 4015 1857 4070 pro
1890 4007 2229 4049 mortuorum.
2269 3994 2377 4044 Prae
2414 4008 2471 4045 se

396 4099 529 4132 rum.
555 4078 619 4130 Id
642 4094 748 4147 est,
768 4079 981 4150 gladiis,
1006 4082 1150 4149 telis,
1169 4082 1394 4134 vulneri·
1473 4079 1709 4133 tulerunt
1732 4078 1786 4130 id
1806 4079 1945 4150 pati,
1968 4075 2114 4149 quod
2131 4076 2353 4137 mortni,
2377 4073 2471 4143 qui

392 4159 497 4211 bus
530 4177 695 4231 quum
727 4160 1110 4230 inquireretur,
1134 4174 1308 4214 tamen
1338 4179 1393 4214 se
1471 4160 1602 4212 nihil
1624 4161 1877 4213 sentiunt:
1903 4176 2132 4230 namque
2151 4158 2285 4209 inest
2310 4153 2472 4206 altera

394 4250 635 4290 mortuos
659 4237 965 4292 tinnulavere
979 4275 999 4306 ,
1023 4257 1193 4311 eaque
1214 4250 1395 4311 pertu-
1473 4231 1631 4318 lectio
1651 4229 2005 4302 proelulemnt·
