3200 5117
800 587 881 652 χι]
1342 565 1807 630 EDITORIS
1859 568 2346 632 PRAEFATIO

796 686 964 758 dius,
986 688 1051 747 P.
1076 684 1387 762 Pithoeus,
1414 703 1476 747 et
1496 688 1554 748 J.
1582 686 2047 773 Schultingius,
2069 690 2308 777 quibus
2333 709 2397 752 et
2418 690 2886 757 humaniorum

794 791 1164 857 studiorum
1200 792 1527 854 uberrima
1562 792 1938 879 disciplina,
1981 818 2237 858 necnon
2264 797 2431 884 juris
2468 799 2692 885 scripti
2731 823 2886 864 usus

793 918 859 963 et
886 900 1116 986 peritia
1153 900 1215 960 in
1248 898 1814 961 De‹.lamationum
1841 902 2055 963 iucem
2089 919 2151 963 et
2183 900 2382 964 decus
2418 903 2594 968 felici
2621 905 2887 969 vinculo

792 1006 1086 1091 contigit.
1114 1004 1368 1085 Quibus
1395 1006 1668 1067 accessit
1690 1022 1784 1066 tot
1802 1007 1940 1093 jam
1971 1005 2303 1069 laboribus
2333 1011 2610 1072 exercita
2639 1012 2704 1072 P.
2733 1013 2890 1075 Bur-

794 1114 1013 1175 manni
1050 1135 1318 1174 manus:
1360 1113 1457 1174 vir
1495 1134 1737 1197 nempe
1775 1134 2066 1174 summus
2101 1114 2505 1200 antiquitatis
2542 1114 2889 1202 indagator

789 1238 1280 1282 antecessorum
1309 1216 1485 1304 quod
1516 1236 1580 1279 et
1608 1234 1926 1304 quantum
1952 1218 2235 1305 quisque
2254 1220 2316 1280 in
2341 1242 2694 1283 commune
2716 1244 2885 1306 opus

791 1326 1176 1402 contulerit,
1214 1326 1378 1386 miro
1408 1323 1644 1412 judicii
1683 1325 1987 1387 acumine
2023 1325 2414 1413 perpendit;
2456 1345 2520 1390 et
2564 1328 2699 1390 sive
2743 1329 2886 1393 loca

792 1436 1069 1499 obscura
1096 1451 1159 1496 et
1180 1434 1474 1496 intricata
1503 1435 1848 1519 explanare
1867 1483 1881 1509 ,
1917 1436 2054 1496 sive
2085 1434 2466 1520 interposita
2489 1452 2553 1498 et
2578 1454 2884 1524 corrupta

790 1542 1136 1605 restituere
1170 1542 1443 1603 annixus
1473 1542 1586 1606 sit.
1626 1539 2080 1604 doctissimum
2117 1541 2545 1627 interpretem
2580 1559 2644 1604 et
2683 1543 2880 1607 soler·

790 1650 1115 1718 tissimum
1152 1646 1643 1710 emendatorem
1691 1671 1758 1709 se
1802 1648 2120 1733 precstitit.
2161 1650 2364 1737 Cujus
2406 1651 2603 1734 igitur
2645 1651 2882 1715 eximio

790 1757 1262 1819 commentario
1285 1756 1460 1832 freti,
1491 1755 1693 1842 ipsius
1717 1751 2076 1817 editionem
2101 1755 2666 1819 Declamationum
2683 1808 2698 1834 ,
2725 1780 2878 1820 ann.

799 1888 819 1927 1
839 1886 996 1950 720,
1028 1861 1336 1950 Lugduni
1367 1864 1756 1925 Batavorum
1781 1912 1796 1938 ,
1836 1861 2024 1924 nobis
2051 1859 2554 1938 vindicavimus,
2587 1883 2649 1927 et
2677 1866 2880 1929 nostri

787 1971 1032 2035 laboris
1072 1971 1275 2034 veluti
1325 1967 1677 2057 quamdam
1729 1969 2285 2032 substructionem
2333 1968 2720 2036 habuimus:
2767 1971 2877 2037 ubi

786 2097 1010 2143 tamen
1043 2078 1093 2140 si
1126 2073 1287 2164 quid
1319 2075 1559 2161 passim
1599 2075 1914 2138 omissum
1953 2091 2066 2137 aut
2099 2076 2471 2162 neglectum
2509 2076 2739 2157 fuerit,
2778 2100 2880 2141 re-

789 2185 1160 2270 paravimus
1211 2199 1276 2244 et
1328 2181 1779 2267 reposuimus,
1835 2180 1883 2242 si
1930 2178 2089 2268 quid
2140 2182 2344 2244 errori
2396 2181 2566 2245 forte
2610 2181 2876 2257 datum,

791 2285 1324 2361 emendavimus,
1361 2286 1411 2346 si
1453 2283 1613 2371 quid
1655 2307 2136 2370 supervacuum
2178 2302 2243 2348 et
2280 2286 2645 2362 luxurianS,
2686 2310 2879 2375 parca

786 2417 989 2461 manu
1020 2392 1569 2458 circumcidimus.
1596 2394 1820 2454 'Varias
1853 2393 2049 2478 igitur
2081 2392 2397 2458 lectiones
2434 2418 2566 2458 non
2602 2419 2874 2483 panem,

789 2518 856 2566 et
882 2499 1139 2564 notulas
1165 2497 1479 2587 quasdam
1509 2498 1882 2584 abegimus3
1917 2513 2148 2583 utpote
2172 2520 2318 2586 quae
2348 2499 2561 2562 minus
2587 2500 2877 2586 pretium

790 2624 858 2673 et
898 2606 1134 2683 decus,
1172 2628 1367 2694 quam
1409 2627 1574 2666 onus
1620 2621 1684 2667 et
1729 2601 2281 2689 impedimentum
2319 2623 2556 2667 nostrae
2600 2603 2873 2668 editioni

787 2714 1135 2789 afferrent,
1173 2711 1360 2799 cujus
1385 2709 1687 2773 brevitati
1724 2708 2066 2773 concinnae
2097 2725 2248 2773 ante
2283 2710 2503 2772 omnia
2527 2711 2874 2776 consulen-

789 2819 948 2886 dum
975 2818 1370 2884 censuimus.

872 2930 1113 3015 Magna
1137 2924 1470 3012 diligentia
1498 2924 1863 3010 Bipontinae
1890 2923 2197 2987 editionis
2226 2941 2477 2989 textum
2504 2943 2730 2990 nostro
2759 2948 2872 2990 cu-

785 3037 1071 3108 ravimus
1102 3029 1617 3110 conferendum,
1658 3049 1725 3094 et
1761 3032 2244 3117 praestantiores
2282 3032 2597 3097 lectiones
2637 3051 2873 3097 utcun-

786 3165 917 3232 que
945 3142 1278 3227 elegimus.

876 3249 1225 3332 Excerptas
1253 3242 1662 3333 quindecim,
1692 3244 1826 3322 vel,
1856 3263 1926 3309 ut
1954 3244 2286 3310 Fabricius
2312 3263 2502 3309 vocat
2526 3245 2868 3327 (Biblioth.

784 3355 894 3419 lat.
920 3371 1079 3418 tom.
1114 3355 1208 3430 11,
1243 3375 1386 3438 pag.
1421 3353 1544 3416 325
1566 3402 1581 3429 ‚
1617 3350 1772 3415 edit.
1803 3351 2129 3435 Ernesti),
2162 3369 2525 3418 contractas
2553 3377 2630 3415 ex
2664 3351 2869 3415 unde-

782 3460 1013 3547 viginti
1042 3457 1399 3548 majoribus
1430 3459 1952 3523 Declamatiines
1971 3510 1987 3538 ‚
2016 3483 2055 3523 a
2086 3463 2151 3521 P.
2181 3462 2554 3522 Burmanno
2581 3458 2868 3545 primum

783 3564 990 3630 editas
1010 3614 1025 3642 ‚
1052 3563 1366 3651 peculiari
1390 3562 1609 3627 studio
1632 3565 2078 3642 tractavimus,
2102 3565 2350 3653 quippe
2382 3586 2541 3650 quas
2567 3562 2867 3649 plurimis

780 3678 940 3741 locis
962 3691 1304 3762 corruptas
1331 3691 1397 3736 et
1425 3674 1811 3760 depravatas
1838 3674 2073 3751 editor,
2102 3673 2414 3761 temporis
2444 3673 2667 3759 inopia
2693 3672 2869 3738 labo-

778 3805 965 3861 ranS,
1009 3780 1205 3844 nullis
1254 3782 1389 3844 fere
1438 3783 1728 3867 potuerit
1772 3779 2307 3844 annotationibus
2352 3778 2708 3859 illustrare3
2759 3780 2866 3841 cui

777 3911 934 3953 vero
956 3889 1235 3965 lacunae,
1264 3904 1583 3975 quantum
1611 3910 1731 3975 per
1756 3911 1902 3964 noS‚
1926 3902 1993 3949 et
2015 3885 2351 3951 brevitatis
2371 3887 2624 3952 ratione
2643 3885 2867 3949 habita

774 3993 988 4073 licuit,
1014 3991 1268 4059 mederi
1292 3992 1687 4059 studuimus.

864 4101 1023 4164 Haec
1065 4098 1291 4187 igitur,
1328 4116 1402 4164 ut
1434 4099 1662 4164 titulus
1703 4098 1864 4178 fert,
1900 4097 2247 4189 Excerpta,
2286 4098 2528 4191 quibus
2565 4114 2864 4186 praeeunt

773 4202 1185 4295 undeviginti
1216 4204 1498 4295 majores
1530 4203 2089 4289 Declamationes‚
2115 4206 2184 4271 in
2209 4204 2499 4296 primum
2523 4200 2859 4269 Declama-
