3200 5117
1190 557 1280 618 M.
1332 552 1582 617 FABII
1631 551 2278 634 QUINTILIANI

677 706 959 753 causam
998 678 1390 777 planctibus
1424 702 1667 774 agam:
1718 675 1883 747 flere
1930 674 2123 746 euim
2169 697 2348 746 certe
2400 700 2521 772 per
2561 674 2789 772 legem

680 798 840 869 licet
862 811 877 840 ¹
905 794 1201 894 :alioqui
1238 793 1362 864 diu
1395 792 1726 865 laudare²
1757 819 1900 863 non
1935 791 2229 890 expedit.
2263 791 2650 887 Diligenter
2679 792 2791 862 de·

679 913 966 986 sendere
1002 910 1431 984 contrarium
1469 930 1569 982 est
1600 909 1853 981 actioni
1894 929 2177 979 nostrae:
2228 929 2305 978 ut
2337 908 2793 1005 impetremus

680 1031 928 1118 funuS,
956 1054 1355 1100 moramur:
1391 1024 1567 1098 dum
1597 1052 1724 1097 nos
1748 1024 2139 1123 litigamus,
2173 1023 2348 1095 dum
2380 1024 2558 1094 circa
2590 1022 2795 1094 cada-

682 1176 798 1219 ver
828 1166 1143 1218 nostrum
1177 1145 1325 1217 orbi
1359 1144 1698 1230 rixamur,
1736 1142 1910 1214 dum
1945 1143 2175 1240 agitur
2208 1168 2410 1213 causa
2441 1141 2789 1224 defuncti,

679 1264 849 1334 dum
884 1261 1197 1361 sepulcro
1231 1261 1382 1358 lege
1418 1256 1952 1359 praescribitur3‚
1987 1257 2161 1328 dum
2193 1257 2447 1328 dantur
2478 1256 2794 1353 legitima

681 1379 1077 1452 dicentibus
1109 1400 1459 1476 tempora,
1498 1375 1830 1475 putrescit
1874 1375 2155 1445 interim
2200 1397 2486 1471 corpus,
2523 1399 2649 1445 nec
2685 1394 2793 1444 to-

681 1517 833 1566 tum
874 1496 944 1565 in
977 1495 1152 1565 sicco
1179 1495 1364 1592 jacet
1392 1521 1405 1563 :
1440 1491 1725 1564 cadaver
1755 1492 1844 1562 ab
1876 1491 2158 1562 incursu
2190 1490 2423 1561 avium
2455 1489 2792 1560 ferarum-

681 1638 819 1708 que
846 1632 1120 1682 tantum
1156 1609 1643 1680 miserantium
1672 1635 1926 1680 corona
1958 1608 2290 1679 custodit:
2316 1626 2795 1678 convenerunt

682 1724 892 1796 etiam
946 1724 1151 1795 alieni
1209 1745 1564 1824 parentes;
1620 1744 1801 1794 totus
1850 1723 1920 1793 in
1959 1721 2432 1821 spectaculum
2491 1721 2793 1820 populus

683 1838 947 1909 effusus
984 1859 1114 1924 est,
1143 1859 1209 1908 et
1244 1838 1479 1937 ignoto
1515 1864 1797 1936 quoque
1829 1837 2100 1936 corpori
2144 1836 2423 1935 publica
2454 1836 2795 1907 humani-

682 1973 781 2022 tas
817 1952 1013 2050 quasi
1052 1952 1395 2049 quasdam
1441 1952 1602 2023 fecit
1641 1953 2018 2050 exsequias.
2064 1952 2344 2023 Deflent
2377 1978 2622 2023 omnes
2658 1951 2793 2021 ho-

682 2066 942 2154 mines,
968 2065 1240 2137 dolent:
1273 2066 1740 2164 plurimorum
1775 2088 2015 2137 tamen
2049 2066 2163 2137 illa
2194 2094 2322 2138 vox
2348 2088 2485 2154 est3
2524 2066 2793 2166 juvenis

685 2181 1075 2279 insepultus
1095 2181 1317 2281 jacet:
1352 2182 1564 2253 miser
1598 2209 1727 2253 nec
1764 2204 2037 2281 patrem
2074 2182 2285 2254 habet
2317 2182 2631 2273 fortasse,
2663 2209 2789 2253 nec

683 2316 1025 2382 matrem;
1074 2295 1214 2393 jam
1252 2293 1563 2365 hominis
1617 2295 1918 2393 figuram
1968 2294 2307 2367 vetustas-'⁴
2364 2322 2561 2393 paeue
2614 2323 2787 2366 con-

678 2408 1007 2506 sumpsit:
1027 2407 1179 2507 jam
1202 2409 1389 2479 lenta
1410 2409 1604 2481 tabes
1623 2409 1649 2452 ⁵
1670 2411 1742 2481 in
1772 2432 2026 2483 terram
2053 2411 2341 2482 defluxit
2362 2410 2540 2510 :jam
2574 2410 2795 2482 soluta

683 2546 837 2596 cute
874 2552 1022 2596 ossa
1053 2524 1437 2597 nudantur.
1472 2526 1885 2616 Quamlibet
1918 2528 2271 2599 duraveris
2305 2525 2617 2617 animo⁶‚
2652 2554 2792 2599 non

683 2640 897 2710 ferres
921 2660 1157 2710 tamen
1186 2638 1346 2729 ista,
1383 2640 1438 2711 si
1463 2640 1767 2730 videres;
1803 2642 1923 2713 sed
1952 2641 2192 2714 audire
2223 2664 2401 2714 certe
2438 2663 2648 2742 potes.
2673 2642 2793 2715 Ille

692 559 810 622 132

766 2849 782 2883 ι
798 2873 808 2883 .
827 2833 971 2885 Flere
985 2831 1119 2885 licet.
1132 2832 1354 2887 Ovidius
1371 2836 1537 2906 Epist.
1551 2836 1700 2902 VIII,

685 2915 748 2966 61
776 2938 786 2964 :
823 2938 843 2960 ιι
866 2913 1013 2966 Flere
1043 2913 1165 2965 licet
1193 2927 1367 2979 certe,
1393 2915 1569 2966 flendo
1595 2916 1701 2967 dif-

693 3019 714 3040 «
735 2992 1008 3045 fundimus
1037 2995 1183 3044 iram.
1208 3017 1230 3038 n
1261 2993 1411 3044 Ferre
1436 2995 1576 3046 enim
1601 2993 1700 3046 ha-

686 3076 775 3127 bet
800 3077 887 3127 hic
909 3074 1108 3147 Gryph.
1131 3077 1331 3127 vitiose.
1362 3077 1530 3127 Bmm.

762 3174 808 3206 α.
843 3155 949 3205 Diu
982 3154 1212 3205 laudare.
1242 3156 1525 3206 Ascensius
1557 3157 1701 3225 capit

688 3257 789 3309 pro
807 3234 1071 3287 adducere
1089 3236 1415 3298 testimonia,
1433 3248 1523 3286 aut
1538 3234 1699 3286 verba

690 3317 852 3385 legis,
885 3313 965 3364 vel
1003 3315 1098 3364 viri
1140 3313 1364 3382 alicujus
1410 3312 1702 3365 authentici

692 3398 1007 3459 sententias»,
1033 3415 1099 3446 ne
1124 3409 1333 3466 tempus
1359 3394 1618 3447 absumat.

764 3479 815 3529 3.
858 3478 991 3548 Lege
1028 3477 1387 3547 praescrt'bt‘tur.
1427 3477 1579 3548 Capit
1621 3476 1698 3527 CI.

693 3554 1078 3624 Schultingius,
1095 3567 1153 3605 ut
1174 3553 1317 3625 apud
1334 3556 1479 3606 Jctos
1492 3594 1507 3619 ‚
1525 3553 1706 3607 adver·

694 3653 783 3688 sus
831 3631 1133 3703 sepulcrum
1179 3635 1492 3703 exceptione
1539 3637 1705 3685 utitur

692 3726 875 3765 mater.
901 3713 967 3762 Ut
993 3711 1083 3761 lib.
1109 3711 1203 3776 111,
1228 3713 1275 3778 s.
1310 3727 1360 3772 t,
1387 3713 1446 3762 ff.
1474 3710 1539 3763 de
1570 3716 1703 3764 Prae-

692 3795 851 3850 varic.

768 3875 817 3941 4.
844 3875 1095 3928 Vetustas.
1114 3874 1236 3924 Non
1258 3887 1459 3926 tantum
1483 3874 1549 3925 ad
1569 3875 1702 3926 mul-

696 3972 874 4009 torum
902 3973 1165 4006 annorum
1197 3955 1593 4008 diuturnitatem
1629 3977 1704 4009 re·

698 4036 851 4108 spicit
871 4032 976 4084 hoc
990 4052 1107 4085 voc.
1132 4032 1224 4086 sed
1244 4032 1311 4085 ad
1332 4034 1534 4106 aliquot
1560 4055 1706 4087 meu-

699 4116 867 4182 sium,
905 4111 1109 4164 dierum
1144 4116 1373 4184 spatium
1409 4115 1705 4167 secundum

690 4193 751 4245 id
799 4195 888 4245 cui
932 4188 1196 4262 adjectum
1238 4207 1346 4257 est;
1382 4206 1442 4244 ut
1482 4193 1704 4246 Ovidius

691 4271 917 4334 dixerit,
945 4274 1056 4322 Art.
1081 4273 1182 4339 m,
1207 4293 1280 4325 vs.
1313 4290 1409 4343 77:
1443 4298 1464 4322 ιι
1485 4274 1706 4327 Exuitur

1787 2862 1808 2883 ιι
1831 2856 1950 2888 cum
1963 2836 2102 2908 pelle
2115 2852 2344 2891 vetustas
2361 2838 2676 2908 anguibus·
2697 2841 2788 2890 Eu.

1855 2917 1903 2970 5.
1931 2917 2094 2967 lenta
2121 2919 2270 2969 tabes.
2297 2918 2477 2968 Malim
2514 2918 2658 2970 lenta
2687 2917 2797 2968 tabe

1783 2999 1838 3048 in
1868 3008 2056 3048 terram
2076 2998 2324 3075 defluxit,-
2346 3013 2403 3051 ut
2424 3012 2475 3051 et
2496 3002 2795 3069 conjecerat

1781 3078 1857 3130 CI.
1900 3077 2159 3130 Almelov.
2201 3081 2274 3132 sic
2308 3079 2546 3132 Declam.
2581 3082 2696 3145 XV,
2731 3081 2791 3147 4:

1789 3181 1810 3201 ιι
1831 3156 2024 3208 Fluens
2072 3157 2194 3210 tabe
2241 3178 2436 3230 corpus
2457 3182 2470 3220 3
2492 3184 2513 3207 ιι
2558 3173 2610 3211 et
2652 3159 2795 3231 apud

1781 3234 1935 3287 ovid.
1962 3238 2176 3287 Metam.
2207 3238 2320 3302 XV,
2349 3237 2476 3291 156:
2512 3264 2533 3285 ιι
2556 3240 2797 3310 Corpora

1788 3341 1809 3363 ιι
1832 3319 1939 3369 sive
1971 3336 2130 3388 rogus
2160 3319 2401 3386 flamma,
2431 3340 2522 3372 seu
2557 3321 2679 3372 tabe
2707 3339 2796 3371 ve-

1789 3423 1810 3443 ιι
1833 3412 1998 3451 tustas
2016 3398 2322 3452 Abstulerit.
2343 3424 2363 3446 a
2385 3401 2450 3451 Et
2464 3403 2661 3453 Lucan.
2679 3403 2796 3467 VII,

1785 3481 1913 3549 809:
1938 3481 2212 3533 “Tabesne
2229 3482 2484 3534 cadavera
2506 3482 2692 3548 solvat,
2714 3485 2794 3533 An

1791 3583 1812 3604 ιι
1836 3577 2025 3629 rogus,
2051 3558 2196 3611 haud
2223 3562 2403 3612 refert.
2427 3583 2449 3606 ιι

1856 3643 1907 3692 6.
1920 3641 2200 3694 Dttraveris
2214 3642 2410 3693 animo.
2423 3645 2507 3693 An
2524 3642 2799 3694 animum?

1787 3718 1933 3788 quod
1971 3722 2228 3772 usitatius.
2267 3722 2452 3772 Horat.
2487 3722 2596 3773 Sat.
2632 3722 2687 3786 1,
2726 3719 2793 3786 4:

1791 3825 1812 3845 ιι
1834 3800 1996 3852 Simul
2023 3821 2084 3853 ac
2113 3800 2375 3853 duraverit
2410 3816 2533 3852 aetas
2559 3802 2796 3854 Membra

1790 3905 1811 3927 ιι
1828 3884 2169 3955 animumque
2183 3898 2348 3935 tuum.
2361 3906 2382 3928 κ
2401 3883 2584 3936 Senec.
2597 3883 2694 3954 Ep.
2710 3884 2792 3951 57:

1789 3986 1811 4009 ιι
1833 3962 1934 4015 Sed
1953 3966 2064 4033 jam
2090 3984 2174 4017 me
2193 3967 2267 4017 sic
2290 3964 2358 4016 ad
2378 3966 2557 4018 omnia
2579 3965 2679 4018 ista
2700 3962 2797 4014 du·

1791 4068 1814 4091 ιι
1834 4047 1961 4096 ravi.
1984 4071 2004 4091 ιι
2048 4043 2161 4099 Lib.
2203 4047 2373 4098 XVIII
2392 4084 2408 4110 ‚
2448 4045 2492 4117 §.
2537 4063 2556 4098 ι
2575 4083 2592 4111 ,
2631 4045 2693 4096 ff.
2729 4044 2797 4097 de

1785 4125 2014 4190 Quaest.:
2047 4149 2069 4171 ιι
2090 4127 2142 4178 Si
2172 4126 2226 4177 in
2258 4126 2532 4177 tormentis
2560 4125 2795 4176 animum

1793 4225 1815 4247 ιι
1835 4220 2138 4274 corpusque
2164 4202 2448 4257 duraverit.
2473 4227 2493 4250 ιι
2524 4204 2590 4255 Et
2610 4203 2680 4253 ita
2704 4200 2794 4252 alii

1786 4282 1995 4349 passim.
