3200 5117
804 525 928 590 28ss
1303 524 1394 585 M.
1445 521 1689 584 FABu
1736 520 2370 602 Qum'rtmffit

895 646 1145 716 xxm.
1176 646 1276 713 lta
1303 641 1546 740 plane:
1581 641 1819 712 infelix
1840 656 1855 684 ¹
1888 643 2240 740 navigator
2262 671 2332 714 es
2349 702 2368 732 ,
2396 665 2463 714 et
2485 643 2684 745 cujus
2704 643 2882 716 votis

797 787 978 833 aurae
1010 786 1150 832 non
1179 755 1676 854 respondeant?
1700 756 2061 828 Nescimus
2090 778 2155 828 te
2180 758 2396 856 duplo
2423 760 2677 834 melius
2699 761 2881 831 navi-

797 904 1010 976 gasse,
1024 899 1238 971 quam
1255 871 1799 970 speraveramus?
1815 873 2163 944 nescimus
2178 873 2471 972 singulis
2486 876 2877 952 commeati-

795 991 924 1062 bus
941 991 1106 1062 bina
1124 989 1370 1059 itinera
1389 985 1735 1058 confecta?
1750 988 2100 1057 nescimus
2122 987 2193 1058 in
2214 1014 2353 1058 una
2368 989 2708 1088 legatione
2722 1018 2876 1064 ven-

797 1128 896 1178 tos
925 1128 1165 1204 quater
1190 1101 1570 1176 secundos?
1597 1122 1698 1172 sat
1726 1123 1869 1173 erat
1896 1103 2100 1173 verbo
2132 1130 2414 1201 negare,
2445 1105 2635 1202 quod
2664 1106 2872 1177 verbo

793 1220 1107 1318 ponitur:
1137 1245 1408 1291 remove
1439 1217 1622 1289 hanc
1646 1243 1841 1315 spem
1865 1217 2224 1290 eludendae
2252 1219 2616 1292 mendacio
2645 1221 2871 1293 civita-

792 1337 898 1412 tis.
917 1336 1080 1426 Quo
1095 1335 1354 1407 damno
1374 1335 1621 1432 probas
1647 1333 2165 1432 tempestatem?
2191 1336 2360 1433 quid
2386 1334 2870 1407 amisisti?fru·

792 1435 1109 1522 mentum
1153 1472 1327 1521 certe
1367 1465 1588 1520 totum
1629 1449 1813 1520 venit
1851 1450 1925 1519 in
1957 1473 2273 1549 portum,
2309 1477 2434 1523 nec
2470 1450 2863 1523 ²laborasti:

789 1591 1223 1663 quamquam
1242 1562 1545 1635 nimium
1564 1583 1847 1636 onustas
1864 1589 2067 1635 naves
2083 1564 2507 1636 simulaveris
2524 1622 2544 1654 ,
2567 1564 2861 1663 duplum

787 1681 1031 1752 afferre
1056 1700 1403 1778 poterant:
1438 1705 1580 1749 non
1605 1677 1881 1750 vexata³
1918 1700 2377 1768 armamenta,
2415 1680 2865 1778 turbatosque

785 1795 1020 1881 funes,
1042 1813 1164 1864 aut
1191 1792 1425 1864 scissos
1447 1792 1759 1864 velorum
1786 1794 1978 1864 sinus
2002 1793 2347 1890 quereris:
2380 1793 2605 1865 classis
2625 1793 2864 1865 statim

785 1909 975 1999 exiit,
1007 1930 1073 1980 et
1098 1908 1285 2006 quod
1322 1934 1663 2006 magnum
1693 1907 1973 2005 integrae
2002 1908 2281 2006 signum
2311 1929 2441 1998 est,
2471 1909 2603 1979 cito
2631 1907 2859 1979 rediit..

782 2027 992 2095 Porro
1017 2044 1376 2121 tempestas
1404 2024 1476 2094 in
1505 2049 1729 2094 unum
1756 2023 2004 2120 agebat
2026 2022 2587 2121 angulum,nihil
2615 2043 2862 2124 potue—

784 2161 941 2211 runt
956 2140 1308 2238 obliquata
1321 2125 1474 2210 vela
1490 2135 1878 2211 deflectere:
1899 2167 2039 2210 non
2059 2160 2279 2244 potes
2264 2140 2444 2211 ultra
2457 2139 2855 2239 procedere,

779 2255 943 2327 citra
971 2256 1267 2354 applica:
1302 2257 1532 2351 effuge
1563 2275 1897 2352 raptores,
1922 2256 2152 2353 effuge
2175 2282 2316 2326 non
2338 2256 2769 2328 dimissuros.
2797 2256 2855 2327 si

779 2370 970 2442 aliud
999 2371 1143 2442 fieri
1176 2398 1315 2442 non
1338 2393 1589 2469 potest,
1622 2398 1784 2442 cum
1815 2392 2229 2503 tempestate
2238 2372 2550 2461 decide4,
2578 2347 2856 2446 naufra-

776 2486 891 2583 gio
909 2488 981 2558 in
1007 2487 1353 2557 desertum
1373 2486 1571 2557 litus
1555 2487 1886 2586 impinge.
1918 2488 2111 2579 Quid
2132 2488 2368 2560 evitata
2386 2487 2718 2587 procella
2700 2513 2858 2588 pro-

775 2600 962 2672 dest?
1005 2600 1174 2697 quid
1213 2598 1551 2673 subducta
1593 2604 1901 2674 nubibus
1937 2604 2178 2675 nimiis
2225 2602 2496 2675 classis?
2535 2603 2613 2675 in
2651 2623 2851 2702 portu

776 2716 1221 2814 naufragium
1245 2717 1567 2806 fecimuS,
1599 2739 1669 2789 et
1706 2719 2144 2790 frumentum
2179 2718 2269 2790 ad
2298 2743 2585 2790 ancoras
2620 2716 2853 2816 perdi—

772 2830 1029 2902 dimus.
1057 2833 1202 2930 Ego
1227 2859 1421 2920 vero,
1451 2832 1717 2931 inquit,
1745 2834 1978 2920 attuli,
2018 2855 2086 2905 et
2115 2834 2404 2933 quidem
2431 2833 2725 2932 duplum
2758 2860 2772 2903 :
2806 2860 2850 2904 o

772 2971 898 3018 nos
926 2943 1191 3018 felices!
1228 2973 1634 3044 rumpamus
1662 2948 2009 3019 saturitate
2043 2948 2454 3046 praecordia,
2488 2970 2849 3046 pascamur

770 3061 843 3131 in
902 3061 1319 3159 praeteritum
1343 3119 1363 3150 ,
1417 3083 1482 3132 et
1540 3062 1801 3133 famem
1856 3061 2188 3133 cruditate
2239 3087 2625 3160 pensemus,
2678 3062 2845 3130 Fru-

769 3195 1086 3245 mentum
1135 3173 1485 3245 adtulisti:
1533 3173 1747 3272 quid?
1788 3176 1975 3271 quod
2022 3176 2376 3247 medicina
2410 3194 2842 3248 mortuorum

842 3389 886 3424 1.
912 3372 996 3424 Ita
1015 3371 1181 3442 plane
1198 3410 1213 3436 ,
1241 3371 1447 3443 infelix.
1472 3372 1626 3423 Voss.
1653 3390 1760 3423 sec.
1850 3374 2088 3441 *Quanta
2105 3371 2314 3424 laboras
2330 3375 2381 3423 in
2394 3368 2844 3442 Charybdi-Vide

763 3452 1035 3523 distinguit
1074 3451 1145 3502 ita
1173 3451 1379 3524 plane:
1415 3451 1605 3522 infelix
1640 3470 1759 3503 nav.
1844 3449 1911 3501 ad
1935 3452 2146 3501 Petron.
2173 3469 2291 3522 cap.
2317 3449 2472 3501 CXV.
2504 3451 2671 3500 B'mm.

762 3550 828 3582 es.
858 3531 1108 3584 Francius
1131 3528 1368 3594 volebat,
1393 3531 1466 3580 ita
1497 3548 1635 3581 sane.
1664 3533 1762 3581 Pa·
1912 3529 1963 3581 3.
1987 3529 2202 3583 Vexata.
2233 3528 2509 3598 Proprium
2529 3526 2597 3577 de
2621 3535 2845 3598 tempes-

763 3626 876 3660 rum
921 3609 1170 3659 interesse
1210 3620 1341 3677 puto
1374 3629 1385 3657 :
1432 3607 1523 3660 sed
1567 3626 1762 3677 sequor
1843 3608 2037 3661 tatibus
2075 3610 2319 3672 verbum3
2360 3607 2549 3680 quod‘
2535 3627 2588 3659 ιιι
2626 3607 2841 3678 Virgilio

762 3700 936 3738 tamen
963 3685 1207 3736 Vossiaui
1240 3684 1436 3736 codicis
1463 3684 1760 3738 distinctio·
1842 3689 2239 3761 reprehendisse
2264 3688 2523 3762 quosdam
2551 3688 2752 3741 Gellius
2770 3689 2842 3754 ll,

761 3785 913 3832 nem,
937 3776 1017 3816 est
1039 3764 1176 3813 enim
1202 3764 1381 3814 ironiae
1404 3764 1614 3834 elegans
1642 3767 1757 3818 for·
1836 3769 1870 3820 6
1885 3807 1901 3834 ‚
1923 3781 1974 3819 et
1994 3769 2231 3820 Macrob.
2256 3771 2327 3833 11,
2351 3768 2413 3831 6,
2436 3780 2643 3818 notant.
2664 3765 2767 3819 Sed
2787 3779 2841 3820 ct

761 3847 920 3913 mula,
932 3861 1034 3917 qua
1048 3856 1101 3895 et
1114 3841 1499 3900 declamatione
1514 3849 1757 3918 sequenti
1837 3848 1948 3918 ipse
1972 3860 2040 3898 at.
2070 3848 2346 3912 Horatius,
2374 3844 2462 3897 od.
2489 3847 2569 3909 11,
2597 3863 2662 3914 9:
2694 3867 2716 3891 α
2734 3848 2839 3897 Aut

758 3926 839 3979 bis
864 3928 937 3977 ita
965 3924 1142 3975 utitur.
1842 3951 1863 3973 a
1883 3945 2025 3979 mare
2066 3929 2311 3999 Caspium
2343 3938 2535 3978 vexant
2560 3923 2839 3996 inaequales

830 4021 878 4056 ει.
927 3999 1223 4054 laborasti.
1215 4022 1227 4033 ·
1272 4019 1605 4073 quanquam,
1655 4018 1754 4056 etc.
1842 4005 2143 4077 «procellae.
2165 4031 2187 4055 ι
2217 4008 2409 4058 Bonis..

756 4084 1006 4137 laborm
1026 4080 1239 4151 proprie
1263 4078 1332 4130 de
1360 4073 1487 4146 illis,
1512 4082 1606 4151 qui
1629 4094 1756 4132 tem·
1907 4088 1955 4154 4.
1980 4087 2185 4139 Decide.
2202 4085 2335 4137 Vide
2361 4103 2475 4155 quoe
2499 4082 2661 4135 modo
2683 4095 2838 4137 nota·

754 4162 1044 4239 pestatibus
1062 4161 1230 4212 vexati
1250 4161 1374 4212 etin
1397 4159 1527 4214 locis
1547 4163 1759 4233 pericu·
1835 4167 2030 4233 vimus,
2078 4178 2129 4218 et
2180 4165 2449 4236 aptissime
2493 4162 2723 4213 omnium
2764 4176 2833 4213 ex

755 4244 878 4299 losis
909 4251 1198 4297 versantur.
1233 4241 1414 4293 Horat.
1453 4237 1541 4293 od.
1568 4244 1619 4312 1,
1656 4257 1750 4311 27:
1835 4241 2103 4295 Juvenalis
2128 4243 2234 4296 Sat.
2267 4243 2345 4309 n,
2370 4243 2455 4296 33.
2482 4241 2646 4294 Bum-
