3200 5117
713 577 843 642 282
1219 575 1309 636 M.
1358 574 1605 636 FABII
1655 570 2289 654 QUINTILIANI

716 699 910 771 nulla
934 696 1217 769 celebris
1231 697 1463 769 civitas
1490 696 1831 769 invisitata
1853 695 2211 767 transitur:
2242 691 2572 783 mentior,
2589 693 2797 765 etiam

717 815 805 886 ad
833 814 1206 886 esurientes
1233 814 1555 912 applicas.
1590 813 1771 884 Dein
1800 812 1853 883 si
1884 837 2097 910 quam
2128 809 2393 880 timoris
2429 822 2444 851 ¹
2467 808 2795 908 injuriam

720 931 1019 1027 quereris
1037 988 1055 1020 ,
1082 957 1224 1001 non
1251 932 1469 1002 feram
1495 950 1559 1000 te
1586 950 1976 1000 morantem
2003 955 2017 998 :
2045 925 2398 1025 quomodo
2424 924 2583 995 satis
2606 950 2799 996 accu-

721 1046 884 1116 sabo
914 1045 1376 1117 vendentem?
1400 1045 1692 1143 Spiritus
1716 1063 1983 1115 nostros
2014 1040 2404 1114 transcribis
2426 1054 2478 1127 ²,
2504 1038 2796 1110 salutem

723 1153 1024 1233 nostram
1061 1163 1379 1260 exponis:
1405 1187 1559 1260 quae
1584 1162 1707 1234 diu
1735 1158 2236 1231 inaestimabilis
2265 1156 2430 1242 fuit,
2458 1155 2799 1228 innocen·-

722 1277 890 1348 tiam
924 1278 1277 1376 publicam
1303 1277 1580 1348 vendis:
1614 1277 2052 1347 frumentum
2083 1298 2227 1345 non
2253 1270 2615 1365 naufragio
2641 1295 2798 1367 per-

722 1391 1031 1464 didimus
1046 1451 1063 1481 ,
1083 1421 1225 1465 non
1245 1393 1600 1465 latrocinio
1619 1420 1633 1462 ε
1657 1392 1845 1463 lucro
1863 1391 2193 1491 perimus.
2209 1391 2617 1482 Tempestas
2632 1411 2803 1481 quo·

723 1534 857 1605 que
905 1509 1217 1606 aliquam
1261 1538 1509 1583 navem
1556 1512 1630 1582 in
1674 1511 1991 1583 medium
2034 1509 2195 1582 litus
2238 1506 2686 1603 impingeret,
2739 1521 2804 1575 et

723 1646 802 1691 ex
831 1623 1042 1695 classe
1087 1652 1458 1698 numerosa
1492 1654 1736 1702 omnes
1772 1625 2021 1698 fluctus
2064 1622 2518 1719 exhausisset:
2564 1617 2802 1718 periit,

726 1738 927 1835 periit
949 1739 1384 1812 frumentum
1403 1799 1421 1829 ,
1449 1742 1611 1837 quia
1641 1742 1871 1812 classis
1898 1742 2090 1811 venit
2116 1741 2189 1809 in
2216 1760 2514 1837 portum.
2550 1738 2648 1806 Ita
2676 1759 2805 1805 nos

722 1851 961 1923 alienae
986 1853 1235 1925 civitati
1263 1856 1570 1950 legatum
1590 1856 1940 1943 misimus»,
1968 1875 2034 1924 et
2045 1853 2206 1924 vilia
2220 1879 2299 1923 ac
2324 1853 2561 1924 devota
2581 1848 2806 1945 capita

723 1966 1110 2046 vicinorum
1134 1966 1396 2040 deliciis
1417 1967 1758 2038 morimur
1778 1995 1793 2038 :
1813 1965 2011 2037 nobis
2032 1966 2206 2037 nihil
2219 1966 2369 2065 jam
2388 1962 2651 2037 residui
2673 1961 2803 2059 spi·

726 2079 893 2150 ritus
926 2104 1264 2180 superest,
1295 2105 1421 2153 nos
1456 2081 1529 2152 in
1560 2102 1930 2178 conspectu
1965 2080 2206 2152 mortis
2236 2101 2530 2166 stamus,
2562 2104 2687 2148 nos
2709 2075 2805 2148 le-

725 2214 966 2291 gatum
994 2198 1566 2294 frumentumque
1587 2218 1900 2269 nostrum
1921 2223 2034 2267 ore
2051 2218 2282 2295 aperto
2300 2215 2767 2294 exspectamus
2782 2250 2800 2278 ,

728 2308 955 2386 classis
1000 2334 1230 2384 nostra
1274 2334 1623 2384 vecturam
1666 2311 1824 2382 facit
1841 2369 1860 2401 ,
1914 2334 1977 2382 et
2021 2311 2401 2383 vicinarum
2452 2308 2800 2380 civitatum

730 2425 958 2521 copias
991 2427 1384 2497 reconducit
1405 2427 1455 2498 3.
1490 2430 1695 2524 Paene
1728 2453 1768 2497 a
1797 2446 2162 2524 conspectu
2199 2445 2431 2504 nostro
2458 2424 2612 2494 vela
2639 2447 2805 2494 con-

808 2627 852 2659 1.
901 2608 959 2660 Si
1010 2630 1165 2681 quam
1217 2612 1412 2663 timoris
1457 2613 1724 2684 injuriam.

730 2692 914 2741 Forte:
955 2713 977 2736 α
1003 2692 1081 2756 Si,
1116 2711 1276 2763 quam
1306 2707 1362 2744 tu
1395 2696 1547 2746 maris
1585 2693 1727 2764 inju-

736 2792 757 2816 α
778 2773 907 2822 riam
935 2774 1193 2843 quereris,
1219 2793 1330 2827 non
1355 2774 1518 2827 feram
1545 2790 1595 2827 te
1618 2794 1728 2827 mo-

737 2870 758 2892 «
780 2863 1012 2915 tantem,
1040 2854 1337 2923 quomodo,
1370 2868 1469 2906 etc.
1493 2877 1514 2900 n
1549 2854 1600 2905 Si
1629 2874 1725 2924 ego

735 2949 844 2981 non
869 2930 1062 2984 desisto
1089 2953 1118 2985 a
1143 2948 1193 2986 te
1217 2935 1542 2987 criminando
1563 2955 1727 3006 prop-

734 3013 1065 3078 terffmoram,
1096 3030 1255 3083 quam
1285 3027 1342 3065 tu
1370 3015 1422 3065 in
1456 3013 1728 3065 turbatum

731 3103 1041 3163 tempestate
1073 3115 1216 3149 mare
1241 3098 1489 3161 confers,
1528 3108 1727 3165 quanto

732 3172 894 3239 magis
927 3174 1187 3224 accusabo
1218 3188 1268 3225 te
1299 3174 1639 3238 vendentem,
1662 3172 1732 3225 ad

734 3253 876 3322 quod
893 3253 1034 3305 nulla
1054 3268 1336 3326 tempestas
1359 3268 1410 3307 te
1429 3257 1620 3325 coegit,
1640 3255 1729 3306 sed

737 3330 953 3383 aviditas
980 3331 1146 3386 lucri?
1169 3335 1222 3386 si
1246 3336 1383 3387 enim
1407 3336 1728 3406 tempestatis

737 3427 870 3464 esset
890 3414 1065 3485 culpa,
1081 3413 1256 3488 aliqua
1271 3418 1416 3468 navis
1436 3417 1593 3467 etiam
1607 3434 1731 3467 nau-

735 3491 902 3558 fragio
935 3494 987 3543 in
1022 3494 1144 3547 litus
1174 3498 1339 3566 ejecta
1377 3508 1537 3559 esset,
1576 3509 1627 3546 et
1657 3493 1731 3546 le-

734 3582 902 3620 vasset
940 3572 1201 3642 inopiam,
1242 3591 1384 3624 nunc
1422 3591 1577 3624 omne
1613 3573 1728 3623 fru-

736 3663 970 3701 mentum
1020 3654 1202 3723 periit,
1248 3656 1370 3723 quia
1418 3667 1474 3704 tu
1515 3667 1728 3725 portum

737 3727 917 3778 alienoe
953 3730 1171 3783 civitatis
1205 3733 1430 3783 tenuisti.
1468 3733 1649 3784 Posset
1677 3745 1729 3785 et

737 3806 865 3879 legi,
910 3812 1118 3863 tumoris
1154 3814 1420 3883 injuriam.
1451 3815 1521 3865 Ut
1560 3824 1733 3865 tumor

735 3906 842 3956 pro-
860 3888 1132 3959 superbia‚
1161 3903 1215 3942 et
1241 3889 1363 3943 inde
1390 3906 1519 3944 nato
1542 3892 1733 3946 tumul·

739 3985 793 4020 tu
804 4007 822 4034 .,
847 3983 899 4020 et
917 3973 991 4023 ira
1008 3973 1228 4025 civitatis
1243 4012 1259 4038 ,
1276 3992 1381 4044 qua
1397 3973 1464 4026 ad
1477 3974 1731 4045 diripien-

737 4048 864 4103 dum
893 4051 1212 4107 frumentum
1247 4056 1441 4120 fertur,
1470 4056 1728 4125 capiatur.

740 4130 818 4182 lta
872 4130 1011 4183 bella
1055 4144 1277 4198 tumere,
1330 4147 1430 4186 etc.
1482 4132 1734 4185 dicuntur

739 4207 882 4279 :opud
912 4210 1184 4285 Ovidium,
1212 4212 1326 4265 Val.
1361 4212 1640 4276 Flaccum,
1682 4224 1734 4264 et

739 4288 1115 4360 Claudianum,
1144 4291 1213 4343 ad
1237 4310 1372 4364 quos
1395 4290 1459 4344 de
1482 4310 1547 4343 eo
1568 4289 1739 4344 verbo

1808 2614 1995 2683 saepius
2033 2614 2306 2676 Heinsius,
2341 2612 2432 2681 qui
2471 2622 2522 2662 et
2547 2593 2803 2662 ’tumorem

1807 2711 1904 2762 pro
1926 2692 2001 2742 ira
2016 2691 2143 2762 poni
2161 2689 2341 2741 docuit
2356 2683 2424 2740 ad
2440 2686 2625 2739 Claud.
2642 2686 2802 2758 Epist.

1806 2773 1855 2834 1,
1880 2787 1907 2839 7
1928 2791 1941 2831 ;
1967 2769 2059 2820 ubi
2085 2771 2243 2821 etiam
2271 2769 2427 2820 timor
2452 2780 2575 2818 ante
2598 2764 2804 2836 legeba-

1808 2864 1908 2902 tur.
1936 2853 2103 2902 Burin.

1880 2949 1927 2982 2.
1946 2930 2169 3002 Spiritus
2183 2937 2374 2981 nostros
2390 2926 2688 2980 transcribis.
2707 2925 2802 2975 Ex·

1804 3011 1969 3083 plicat
1983 3011 2176 3064 Badius
2192 3030 2255 3062 ex
2270 3010 2362 3062 illo
2377 3007 2600 3078 virgilii,
2614 3003 2800 3058 AEneid

1809 3094 1874 3154 V,
1901 3091 2032 3160 750:
2077 3113 2099 3134 «
2119 3088 2498 3142 Transcribunt
2532 3085 2648 3135 urbi
2687 3102 2801 3134 ma-

1818 3193 1838 3215 «
1860 3183 1981 3221 trcs.
2008 3193 2028 3214 n
2068 3169 2170 3220 Ubi
2199 3168 2265 3219 dc
2291 3166 2489 3219 colonis
2522 3157 2624 3214 dici
2652 3174 2803 3214 notat

1812 3251 2022 3302 Servius
2048 3272 2061 3300 t
2101 3249 2166 3301 de
2197 3269 2303 3321 quo
2330 3248 2449 3301 vide
2470 3247 2699 3299 Gronov.
2735 3241 2805 3295 a'd

1808 3332 1990 3383 Senec.
2021 3330 2232 3402 Thyest.
2286 3331 2365 3381 13.
2405 3327 2513 3381 Sed
2546 3327 2739 3380 rectius
2775 3343 2805 3377 a

1808 3409 2030 3481 pecunia
2043 3448 2060 3475 ,
2078 3428 2192 3480 quae
2212 3407 2596 3470 transcribitur,
2616 3401 2806 3457 deduci

1809 3487 1937 3539 mihi
1949 3487 2183 3549 videtur-t
2201 3500 2259 3539 ut
2280 3487 2484 3538 Servius
2501 3483 2569 3537 ad
2583 3482 2673 3535 illa
2688 3484 2805 3533 Vir-

1806 3570 1895 3640 gil.
1922 3572 2038 3627 AEn.
2056 3572 2178 3634 vn,
2203 3568 2337 3635 422:
2369 3590 2390 3613 ιι
2411 3568 2479 3618 Et
2498 3580 2591 3639 tua
2612 3561 2808 3618 Darda·

1813 3674 1834 3698 οι
1860 3654 1958 3703 niis
1987 3650 2264 3703 transcribi
2298 3660 2506 3719 sceptra
2529 3645 2750 3698 colonis.
2778 3668 2799 3688 ι

1807 3731 1938 3782 Vide
1964 3730 2210 3790 Savaron.
2241 3728 2309 3780 ad
2332 3726 2510 3779 Sidon.
2532 3725 2706 3776 Car-m.
2731 3722 2776 3773 ll
2789 3759 2805 3789 ,

1810 3810 1938 3874 463;
1957 3822 2008 3859 et
2024 3810 2249 3860 Brisson.
2272 3806 2372 3858 lex.
2390 3806 2421 3855 J
2426 3801 2559 3854 urid.
2581 3802 2636 3853 in
2652 3813 2807 3852 trans-

1809 3890 2015 3942 cribere.

1881 3973 1932 4024 3.
1972 3969 2305 4023 Reconducit.
2345 3968 2590 4036 Ignotum
2608 3963 2809 4017 lexico·

1809 4048 2024 4120 graphis
2048 4047 2266 4100 verbum
2283 4084 2300 4112 ,
2336 4063 2448 4097 non
2475 4043 2596 4096 ideo
2635 4055 2807 4095 tamen

1811 4119 2176 4180 damnandum
2205 4139 2427 4189 temere,
2464 4122 2698 4194 quamvis
2726 4119 2806 4174 la·

1812 4222 1925 4262 tere
1976 4207 2177 4280 aliquid
2230 4205 2422 4260 ulceris
2474 4217 2671 4275 putem.
2722 4200 2808 4252 An

1811 4290 1977 4362 pretio.
2019 4288 2101 4340 val
2146 4286 2375 4342 mercede
2414 4283 2690 4338 conducit?
2728 4283 2809 4334 Ita
