3200 5117
335 932 491 954 “m

913 938 1828 963 ssmmmm
1835 942 2410 965 mmm

682 1137 1135 1217 GEMINI
1204 1141 2059 1220 LANGUENTES.

1037 1421 1700 1484 ARGUMENTUM.

335 1590 613 1650 Consulti
644 1589 864 1651 medici
892 1589 1181 1651 dixerunt
1204 1591 1489 1653 eumdem
1512 1613 1638 1653 esse
1663 1592 2047 1675 languorem.
2077 1595 2408 1679 Desperan-

411 1685 576 1745 tibus
621 1686 905 1768 reliquis,
946 1687 1230 1770 promisit
1268 1708 1463 1763 unus,
1510 1709 1572 1747 se
1613 1687 1874 1748 alterum
1914 1705 2269 1750 sanaturum
2292 1737 2310 1768 ,
2355 1693 2404 1752 si

412 1780 660 1843 alterius
695 1783 906 1843 vitalia
945 1784 1312 1866 inspexisset.
1349 1785 1575 1846 Sanato
1607 1806 1738 1845 uno
1773 1798 2088 1846 accusatur
2122 1801 2295 1870 pater
2325 1788 2403 1848 ab

414 1900 599 1941 uxore
622 1881 801 1942 malae
828 1881 1227 1942 tractationis.
1265 1880 1439 1960 (Vid.
1462 1882 1739 1943 Declam.
1761 1884 1946 1961 VIII.)

424 2123 680 2197 Mater.
722 2123 1096 2216 Quamvis,
1130 2122 1438 2225 judices,
1488 2124 1873 2225 plurimum
1920 2124 2404 2199 infelicissimae

331 2237 563 2310 matris
592 2237 989 2311 adversitas¹
1024 2238 1480 2310 miserationis
1513 2239 1894 2330 abstulerit,
1926 2239 2114 2338 quod
2139 2265 2218 2310 ex
2246 2239 2407 2311 duo-

329 2351 458 2425 bus
480 2350 732 2443 liberis,
749 2352 900 2452 pari
930 2353 1402 2453 desperatione
1422 2352 1934 2451 languentibuS,
1965 2354 2137 2427 alter
2161 2353 2404 2443 evasit3

328 2487 394 2538 et
407 2466 747 2567 plerisque
763 2467 1150 2539 maximum
1167 2466 1470 2540 dolorem
1486 2467 1713 2567 prima
1726 2470 1948 2540 fronte
1960 2467 2407 2541 tractantibus

327 2582 641 2654 videatur
681 2583 966 2655 aviditas
1000 2583 1449 2681 gaudiorum,
1496 2579 1815 2678 utmodo
1847 2585 1934 2656 ad
1970 2585 2176 2658 totius
2212 2583 2404 2656 orbi-

329 2695 483 2767 tatis
521 2695 794 2768 redacta
826 2697 1263 2795 patientiam,
1303 2696 1452 2796 jam
1482 2723 1626 2768 non
1660 2698 1746 2769 sit
1771 2698 1978 2770 unius
2007 2699 2223 2771 salute
2254 2724 2407 2770 con·

329 2830 518 2880 tenta
530 2840 549 2898 ;
571 2835 714 2881 non
733 2835 1101 2908 possumus
1119 2830 1387 2881 tantum
1412 2810 1774 2882 affectibus
1792 2812 2044 2883 nostris
2062 2812 2244 2884 hanc
2271 2810 2405 2911 pri-

328 2950 517 2996 mam
541 2923 931 2996 tristissimae
954 2923 1355 2997 calamitatis
1374 2924 1688 3022 alligare²
1715 2951 2133 3015 mensuram,
2157 2952 2308 3024 quae
2323 2952 2403 2997 ex

323 3042 471 3140 ipsa
489 3039 717 3112 solatii
737 3040 843 3112 sui
863 3039 1294 3112 condictione
1316 3040 1698 3112 descendit:
1731 3040 1955 3111 filium
1977 3041 2203 3139 itaque
2224 3066 2264 3112 a
2285 3067 2405 3139 pa-

322 3178 422 3228 tre
442 3176 513 3228 et
539 3155 844 3245 medice,
870 3182 1079 3254 quem
1112 3154 1464 3244 commisi,
1491 3154 1786 3253 requiro.
1810 3198 1905 3208 —
1924 3157 2148 3226 Pater.
2174 3153 2399 3244 Licet,

324 3291 548 3368 patres
575 3270 967 3369 conscripti,
993 3270 1247 3342 doloris
1271 3270 1620 3366 quantitas
1653 3269 2047 3341 absolutum
2082 3295 2195 3341 me
2225 3285 2401 3341 recte

320 3383 603 3471 fecerat,
634 3383 991 3480 magisque
1031 3382 1509 3482 plangendum
1533 3440 1552 3474 ,
1591 3410 1804 3479 quam
1841 3381 2401 3482 respondendum

324 3519 497 3587 erat;
533 3524 621 3569 ne
640 3496 809 3596 quid
828 3517 1062 3569 tamen
1082 3498 1189 3569 vel
1211 3498 1666 3598 negligenter,
1695 3498 1805 3571 vel
1834 3498 2143 3569 humane
2170 3516 2400 3570 actum

321 3613 602 3714 putetis,
635 3613 1081 3712 impatientiae
1115 3613 1437 3685 muliebri
1471 3642 1623 3687 mos
1656 3614 1967 3712 agendus
1997 3633 2094 3685 est
2129 3638 2144 3684 ε
2190 3612 2398 3723 idque
2478 3611 2485 3616 ’

321 3728 630 3827 primum
653 3727 911 3817 audiat,
932 3728 1120 3827 quod
1145 3728 1637 3801 communium
1661 3728 2037 3800 liberorum
2060 3726 2394 3798 rationem

319 3844 446 3915 sibi
476 3869 617 3913 non
654 3839 893 3915 debeo.
919 3886 1016 3898 --
1041 3845 1146 3914 M.
1176 3843 1351 3933 Quae
1385 3843 1540 3943 plus
1573 3841 1828 3943 praebet
1858 3842 2107 3914 animae
2140 3861 2208 3913 et
2233 3867 2397 3913 san-

320 3956 583 4057 guinis,
631 3957 967 4057 particeps
1001 3957 1125 4029 erit
1165 3979 1442 4031 tantum
1485 3957 1787 4030 doloris?
1815 4000 1913 4012 -
1942 3960 2023 4028 P.
2074 3957 2169 4027 Ut
2215 3980 2395 4025 unus

319 4092 701 4162 sanaretur,
743 4073 912 4145 alter
954 4072 1228 4146 interiit.
1263 4076 1485 4146 -M.
1533 4076 1632 4146 Ut
1674 4099 1855 4144 unus
1896 4070 2152 4159 evasit,
2200 4069 2291 4142 ita
2330 4089 2398 4142 et

394 4297 438 4332 1.
467 4277 774 4331 Advenitas.
804 4277 1195 4344 Declam.VIII,
1222 4278 1312 4329 ad·
1465 4298 1514 4333 2.
1538 4277 1791 4351 Alliqare.
1815 4274 2090 4347 Alleqare,
2122 4275 2176 4324 in
2205 4270 2393 4323 Decla-

320 4360 481 4414 verst's.
497 4356 870 4415 —Absmleric
892 4357 1185 4413 Abstulen‘s.
1202 4359 1310 4412 MS.
1392 4358 1654 4422 motione,
1682 4369 1740 4408 ut
1763 4367 1817 4408 et
1841 4352 2154 4407 conditione.
