3200 5117
763 557 881 623 160
1248 552 1340 615 M.
1391 549 1640 613 FABII
1687 548 2320 631 QUINTILIANl

752 681 881 752 sim
897 737 915 767 ,
939 676 1241 749 misereri
1259 673 1476 746 velitis
1499 671 1797 770 corporis
1817 671 1985 741 mei:
2012 669 2356 741 crudelius
2378 691 2444 741 et
2469 669 2824 767 indignius

752 815 850 865 est
863 819 1075 892 quam
1095 787 1419 886 torqueri,
1438 812 1577 857 non
1596 785 1961 882 impetrare
1978 804 2343 855 tormenta.
2364 787 2478 855 Est
2501 784 2823 854 adverso-

751 933 908 977 rum
930 931 1249 975 meorum
1266 924 1331 973 et
1346 901 1469 971 ista
1486 898 1771 984 novitas,
1788 897 1974 996 quod
1994 924 2265 970 necesse
2281 898 2544 968 habetis
2558 924 2636 968 ea
2649 897 2820 967 mihi

750 1020 1017 1092 ratione
1043 1042 1428 1088 succurrere
1447 1070 1467 1103 ,
1497 1039 1636 1111 qua
1664 1012 1970 1083 odissetis
1996 1012 2246 1083 alium:
2281 1039 2410 1084 nec
2432 1011 2820 1109 quidquam

751 1156 849 1204 est
869 1133 1152 1203 homine
1174 1127 1543 1213 infeliciuS,
1566 1152 1690 1224 pro
1712 1153 1851 1224 quo
1872 1142 2237 1197 tormenta¹
2264 1149 2451 1198 sunt.
2470 1129 2821 1196 Percusso·

749 1274 894 1318 rem
939 1274 978 1315 a
1016 1272 1128 1315 me
1172 1243 1293 1313 filii
1333 1242 1469 1312 mei
1505 1241 1728 1309 visum
1764 1266 1906 1309 esse
1946 1241 2330 1310 contendo:
2378 1240 2646 1310 facinus
2688 1259 2814 1327 est,

746 1360 878 1431 hoc
901 1387 1019 1429 vos
1046 1383 1185 1428 non
1212 1353 1757 1452 deprehendere,
1786 1353 1843 1423 si
1868 1354 2311 1426 mendacium
2340 1375 2477 1426 est:
2510 1353 2778 1425 facinus
2797 1409 2815 1439 ,

746 1476 877 1546 hoc
902 1501 1012 1545 me
1038 1500 1174 1542 non
1198 1469 1484 1568 probare
1501 1525 1517 1553 ‚
1542 1468 1595 1537 si
1617 1493 1858 1537 verum
1882 1489 2003 1539 est.
2027 1469 2239 1557 Quod
2257 1469 2341 1539 ad
2361 1496 2473 1540 me
2493 1469 2812 1567 quidem,

732 1588 1036 1690 judices,
1067 1584 1390 1684 pertinet,
1427 1582 1734 1653 orbitatis
1768 1609 1939 1653 meae
1966 1605 2196 1681 repeto
2221 1585 2650 1681 praesentiam
2670 1598 2722 1670 ²,
2752 1604 2818 1654 et

744 1723 1019 1774 noctem
1063 1701 1253 1771 illam
1287 1724 1517 1768 rursus
1552 1719 1711 1767 ante
1747 1698 1979 1769 oculos
2009 1726 2198 1770 meos
2227 1699 2668 1796 cogitationes
2702 1725 2813 1770 re-

739 1838 1049 1914 ponunt:
1072 1813 1222 1914 jam
1250 1812 1426 1883 mihi
1451 1811 1684 1880 videor
1709 1810 1871 1881 etin
1897 1813 2254 1883 tormentis
2274 1840 2413 1884 esse
2438 1814 2807 1883 confessus.

739 1932 1034 2021 Filium,
1056 1931 1368 2029 judiceS,
1410 1928 1621 1997 habui
1657 1927 1833 1997 sicut
1874 1928 2071 1999 erecti
2107 1956 2183 1998 ac
2215 1929 2529 2000 sublimis
2563 1928 2810 2012 animi,

739 2046 834 2117 ita
866 2046 986 2142 qui
1019 2045 1337 2113 nondum
1369 2067 1525 2110 suos
1559 2040 1838 2110 haberet
1870 2040 2227 2131 inimicos,
2263 2064 2570 2141 et-quem
2601 2069 2809 2113 nemo

736 2161 963 2231 adhuc
983 2218 1001 2248 ,
1028 2160 1156 2229 nisi
1190 2184 1392 2229 cansa
1417 2177 1690 2226 tantum
1722 2158 1854 2226 mei
1882 2157 2171 2247 doloriS,
2201 2161 2560 2231 occideret.
2595 2160 2661 2230 Ο
2686 2187 2809 2257 pa-

739 2297 1013 2345 rentum
1052 2274 1303 2344 misera
1337 2270 1673 2355 conditiO,
1706 2297 1922 2367 quam
1957 2273 2146 2343 novis
2181 2273 2662 2371 inusitatisque
2696 2299 2806 2371 pa·

736 2408 962 2458 temus
1013 2384 1315 2456 insidiis!
1372 2410 1495 2453 nos
1541 2410 2018 2479 exasperamus
2049 2444 2067 2474 ,
2120 2413 2242 2458 nos
2289 2387 2803 2470 ³offendimus,

735 2504 1001 2574 inimici
1033 2523 1264 2573 tamen
1310 2501 1556 2571 liberos
1598 2522 1860 2571 nostros
1894 2505 2213 2574 oderunt.
2259 2503 2437 2594 Quis
2481 2506 2612 2576 hoc
2645 2530 2806 2575 um·

735 2647 945 2717 quam
965 2676 984 2709 ,
1007 2618 1310 2716 judices,
1346 2616 1773 2686 simultatum
1802 2616 2138 2689 timuisset
2162 2619 2520 2717 ingenium
2541 2675 2560 2707 ,
2589 2641 2669 2692 ut
2690 2646 2805 2691 eo·-

735 2733 897 2805 dem
933 2732 1177 2829 aliquis
1212 2733 1618 2830 excogitaret
1650 2731 1888 2801 animo
1922 2754 1984 2804 et
2020 2733 2207 2832 quod
2244 2735 2491 2832 parcit,
2522 2755 2588 2806 et
2616 2734 2798 2834 quod

731 2846 1015 2918 occidit?
1040 2846 1374 2943 Reliqua,
1392 2845 1695 2944 judiceS,
1726 2871 1864 2915 non
1903 2847 2122 2918 debeo
2157 2848 2286 2920 nisi
2322 2848 2395 2919 in
2431 2850 2799 2947 quaestione

733 2988 1022 3032 narrare.
1063 2960 1319 3032 Felices
1354 2960 1504 3030 illos
1539 2960 1613 3029 in
1658 2960 1794 3030 mei
1829 2963 2337 3058 comparatione
2372 2985 2631 3061 patres,
2680 2963 2796 3059 qui

726 3078 1003 3176 periisse
1028 3077 1277 3149 liberos
1309 3104 1467 3148 suos
1500 3076 1761 3147 nuntiis
1786 3077 2108 3150 credunt:
2145 3108 2271 3175 ego
2303 3108 2460 3152 sum
2488 3081 2801 3153 inaudita

727 3192 1071 3263 malorum
1104 3192 1397 3262 novitate
1434 3217 1823 3289 percussus,
1850 3193 2048 3293 cujus
2078 3194 2319 3265 unicus
2346 3195 2498 3268 ideo
2529 3216 2796 3269 tantum

726 3306 988 3378 occisus
1021 3329 1155 3394 est,
1192 3328 1265 3377 ut
1294 3306 1621 3401 viderem.

815 3424 930 3493 111.
950 3421 1526 3494 Revertebamur4
1543 3443 1742 3494 nocte
1765 3424 2040 3521 pariter,
2058 3427 2233 3499 sicut
2252 3429 2488 3500 omnia
2510 3456 2633 3500 nos
2648 3428 2795 3500 vitae

800 3624 840 3657 t.
862 3608 963 3658 Pro
978 3627 1081 3678 quo
1102 3621 1368 3665 tormenta.
1387 3615 1720 3687 Lege,quam
1808 3634 1829 3655 α
1849 3610 2060 3664 Orbitas
2098 3615 2298 3683 ingesta
2339 3616 2520 3671 imore
2558 3618 2739 3687 patris.
2767 3639 2789 3661 ι

720 3706 814 3756 pro
843 3708 945 3760 quo
976 3702 1009 3740 t.
1043 3693 1323 3761 isjnfelix,
1355 3697 1477 3764 quia
1505 3715 1720 3749 nec-‘mse
1801 3688 2014 3742 5011013·-

721 3781 797 3818 est
818 3769 1009 3837 injuria
1029 3767 1103 3820 illi
1123 3769 1237 3831 fiat3
1257 3776 1570 3843 caeteroquin
1590 3794 1718 3827 con·
1869 3774 1919 3824 3·
1941 3772 2050 3825 Νος
2067 3774 2395 3845 offendimus.
2424 3776 2679 3828 Absolute
2702 3797 2794 3849 po-

722 3862 797 3901 tra
824 3848 1052 3919 aliquem
1076 3864 1368 3920 torquetur.
1396 3854 1612 3907 Senum.
1799 3854 1984 3919 situm,
2011 3855 2153 3925 quod
2181 3855 2368 3908 durum
2398 3861 2550 3909 nimis
2570 3859 2790 3911 videtur.

698 3932 707 3943 ⁰
796 3949 842 3982 2.
863 3930 1103 3981 Orbitatis
1113 3931 1591 3999 praesentiamfuit
1607 3933 1714 3999 illa,
1797 3934 2138 4008 Subintellige
2162 3938 2426 4002 homines,
2456 3943 2529 3991 ita
2560 3954 2615 3991 ut
2637 3941 2790 4000 nobis

720 4011 932 4084 quaudo
970 4009 1131 4061 filium
1170 4009 1296 4062 vidit
1333 4013 1596 4065 occisum:
1638 4018 1713 4068 ita
1796 4016 2152 4070 inimicitiam.
2180 4020 2270 4070 En.

718 4094 949 4145 Declam.
994 4092 1244 4161 pra-ced:
1296 4114 1316 4138 ιι
1337 4092 1493 4145 Aliud
1534 4101 1710 4165 egenti
1861 4089 2336 4156 4.Reve1·lebamur.
2364 4091 2455 4142 uis
2480 4091 2660 4160 incipit
2680 4088 2786 4140 haec

722 4194 743 4216 ι.
764 4173 899 4241 patri
932 4169 1105 4222 subito
1140 4169 1207 4220 ad
1238 4168 1360 4221 litus
1393 4172 1588 4226 orbitas
1620 4195 1710 4247 ap-
1790 4171 2043 4221 orationis
2084 4188 2205 4240 pars
2242 4188 2400 4238 quam
2441 4172 2789 4224 narrau'onem

722 4270 744 4292 ιι
764 4250 914 4320 pulsa
949 4261 1038 4299 est.
1067 4273 1087 4294 n
1118 4249 1297 4300 Senec.
1325 4250 1531 4321 Thyest.
1574 4255 1702 4307 283:
1794 4248 2260 4319 rhetciresuvocanr.
2295 4252 2382 4299 Ῐζυ.
