3200 5117
674 569 1090 635 DECLAM.
1136 568 1215 632 V.
1265 567 1544 633 AEGER
1590 568 2202 635 REDEMPTUS.
2361 573 2476 639 103

398 696 577 768 tium
611 693 776 767 licet
808 694 1168 792 exiguum,
1211 719 1643 792 parvumque
1665 749 1685 781 ,
1729 691 1903 764 dum
1934 715 2156 766 totum
2185 722 2200 766 :
2225 693 2477 792 fingite

396 809 782 909 quamlibet
798 808 1081 882 divitem
1101 864 1120 898 ,
1141 808 1530 906 quamlibet
1555 834 1934 906 pauperem
1952 829 2248 907 patrem,
2269 835 2481 881 nemo

395 1043 567 1141 quit.
594 1044 938 1114 Utrumne
972 1040 1204 1138 igitur,
1236 1039 1510 1139 judices
1530 1094 1550 1128 ‚
1584 1065 1797 1110 nemo
1831 1027 2233 1112 mortalium
2273 1039 2482 1112 habet

393 1158 689 1256 pretium
721 1156 1042 1256 plurium
1065 1154 1477 1227 liberorum¹
1512 1152 1651 1225 ?an
1672 1154 1966 1254 piraticae
1991 1155 2275 1228 feritatis
2302 1155 2485 1254 inge-

394 1275 597 1345 nium
631 1293 764 1361 est,
801 1273 875 1343 in
902 1272 1331 1369 captivorum
1364 1271 1710 1344 taxatione
1737 1272 1916 1345 solos
1940 1272 2268 1345 aestimare
2294 1272 2480 1354 redi,-

393 1386 706 1460 mentes?
746 1388 864 1458 Dii
912 1385 1375 1461 immortales!
1427 1413 1641 1486 quam
1684 1415 2006 1487 arrogans
2050 1415 2164 1460 me
2212 1388 2482 1487 pirata,

393 1533 611 1604 quam
632 1505 969 1605 superbus
989 1503 1290 1603 excepit!
1324 1530 1571 1602 parum
1590 1559 1609 1592 ‚
1636 1504 1900 1603 inquit,
1921 1503 2208 1577 attulisti
2240 1528 2478 1591 senex,

392 1621 677 1718 languet
723 1620 916 1692 alter.
961 1619 1158 1709 Quid
1194 1647 1322 1719 ego
1364 1648 1403 1691 a
1440 1620 1569 1692 diis
1616 1619 2159 1718 hominibusque
2204 1619 2476 1707 merui,

393 1734 583 1832 quod
625 1733 802 1805 mihi
837 1759 980 1806 non
1016 1733 1405 1806 redditurus
1447 1756 1862 1832 utrumque,
1900 1761 2042 1805 non
2074 1734 2219 1831 ipse
2248 1732 2480 1831 potius

393 1850 640 1948 elegit?
670 1875 918 1940 saevus,
959 1871 1027 1921 et
1060 1850 1355 1922 humani
1391 1849 1645 1922 doloris
1677 1850 1954 1938 artifex,
1985 1849 2255 1947 negavit
2289 1875 2332 1918 a
2363 1875 2477 1919 me

392 1965 567 2036 duos
601 1983 794 2062 posse
828 1963 1110 2035 redimi:
1144 1964 1398 2036 deinde
1424 1986 1502 2036 ut
1532 1963 1666 2037 hoc
1694 1965 1952 2037 tristius
1969 2021 1989 2053 ,
2017 1985 2095 2036 ut
2123 1961 2479 2035 difficilius

392 2097 598 2168 esset,
631 2079 1066 2150 redditurum
1104 2104 1173 2150 se
1218 2079 1426 2168 dixit,
1469 2100 1711 2150 utrum
1757 2079 2184 2151 maluissem.
2219 2077 2475 2164 Vides,

383 2193 656 2293 juvenis
679 2249 698 2282 ,
731 2213 1078 2292 quantum
1105 2192 1345 2289 pietati
1379 2219 1548 2265 meae
1582 2194 2063 2266 testimonium
2099 2190 2480 2264 reddiderit

392 2307 539 2406 ipsa
562 2306 962 2380 crudelitas:
990 2306 1296 2378 conditio
1320 2332 1464 2377 non
1490 2308 1775 2405 ponitur
1796 2308 1929 2379 nisi
1957 2307 2130 2381 duos
2153 2306 2477 2404 redemp-

392 2442 570 2493 turo.
613 2421 1072 2521 Exspectatis,
1099 2442 1361 2494 certum
1387 2420 1613 2493 habeo
1634 2476 1654 2510 ‚
1687 2422 1994 2522 judices,
2018 2442 2097 2494 ut
2132 2422 2208 2492 in
2238 2422 2477 2493 tristis-

389 2535 577 2607 simae
631 2535 1049 2608 necessitatis
1103 2535 1364 2634 positus
1418 2535 1713 2634 abrupto
1735 2593 1756 2622 ,
1810 2535 1900 2612 ad
1955 2559 2214 2635 aegrum
2255 2534 2478 2608 conti·

393 2675 537 2722 nuo
569 2651 1099 2751 properaverim.
1134 2650 1317 2740 Quis
1349 2677 1494 2722 non
1536 2671 1733 2750 putet
1763 2651 2000 2723 audita
2035 2652 2471 2740 conditione,

393 2766 673 2840 vincula
713 2793 829 2839 me
870 2766 1103 2839 statim
1146 2766 1521 2848 detraxisse,
1550 2765 1953 2864 languenti?
1993 2767 2270 2839 oderitis
2315 2767 2477 2839 licet

391 2884 893 2960 confessionem
918 2909 1174 2971 meam,
1200 2882 1604 2955 deliberavi:
1631 2882 1878 2969 tenuit,
1903 2881 2087 2953 inter
2109 2881 2261 2954 illos
2285 2883 2479 2954 inex-

390 2996 747 3094 plicabiles
774 2998 1029 3071 doloris
1049 3019 1244 3070 aestus
1261 3054 1281 3088 ,
1304 3023 1643 3098 perquam
1668 2996 1959 3095 longum
1984 2997 2205 3095 pietas
2227 2998 2480 3070 misera

392 3113 801 3185 consilium:
832 3135 899 3186 et
929 3113 1119 3212 quod
1149 3141 1520 3212 nunquam
1548 3114 1708 3186 satis
1742 3111 2068 3184 manibus
2095 3112 2260 3201 filii,
2291 3139 2480 3183 nun-

390 3251 605 3324 quam
628 3226 791 3298 satis
806 3228 1150 3300 excusabo
1174 3228 1612 3302 conscientiae
1635 3253 1806 3300 meae
1825 3284 1844 3317 ,
1871 3253 2016 3299 non
2037 3226 2270 3312 statim
2295 3226 2476 3299 mihi

393 3340 507 3414 ille
540 3342 871 3414 deficiens
900 3344 1151 3416 unicus
1170 3359 1199 3389 ²
1228 3345 1385 3417 fuis

503 3462 590 3529 V.
640 3446 1055 3532 Dissimules
1094 3461 1293 3551 licet,
1350 3460 1639 3550 orbitas,
1675 3441 1824 3558 ego·
1861 3460 2036 3531 mihi
2087 3459 2480 3559 plurimum

389 3574 626 3647 videor
656 3574 988 3674 adjecisse
1021 3576 1343 3675 languori
1380 3575 1834 3649 cunctationis
1860 3603 2056 3649 mora
2087 3573 2154 3664 ³3
2182 3597 2247 3648 et
2268 3576 2483 3649 sensit

468 3723 804 3777 1.Plurium
851 3726 1145 3779 liberorum.
1188 3725 1395 3778 Scilicet
1472 3738 1524 3778 et
1548 3744 1767 3778 moram.
1795 3728 1945 3778 Mora
1971 3743 2162 3796 nempe
2187 3725 2254 3777 ad
2278 3738 2486 3795 tempo-

391 3819 553 3873 quam
575 3821 708 3874 ego,
732 3806 824 3877 qui
848 3818 1055 3858 tantum
1079 3806 1235 3859 unius
1263 3804 1397 3860 redi-
1471 3805 1544 3857 ris
1564 3805 1791 3875 spatium
1811 3818 2020 3856 tantum
2039 3805 2252 3874 respicit
2272 3822 2334 3855 ex
2350 3822 2478 3874 qua·

386 3878 571 3933 mendi
594 3884 823 3953 pretium
844 3883 1127 3937 corradere
1150 3886 1321 3955 potui.
1472 3885 1600 3937 libet
1625 3904 1815 3949 causa3
1845 3888 2081 3938 cunctari
2101 3904 2226 3937 vero
2250 3904 2351 3975 pro
2376 3885 2480 3936 du-

462 3979 510 4014 2.
526 3963 667 4014 Mihi
684 3965 862 4017 urticas
874 3965 1011 4036 fuit.
1029 3965 1197 4018 Plaut.
1217 3967 1391 4020 Casin.
1474 3964 1637 4016 ὀίεαι-ο
1659 3976 1709 4015 et
1734 3962 2014 4017 deliberare
2042 3966 2289 4035 portitat-3
2319 3964 2391 4016 ita
2420 3977 2478 4014 ut

386 4041 444 4105 1,
474 4058 555 4106 ιι,
588 4041 685 4111 47·
674 4082 685 4092 .
727 4042 888 4093 «Tibi
919 4042 1005 4095 ille
1039 4044 1225 4096 unicus
1256 4045 1389 4109 fuit,
1468 4045 1624 4098 Auct.
1657 4044 1783 4097 Bell.
1815 4043 2072 4097 Alexand.
2102 4043 2322 4106 dixerit,
2356 4063 2474 4116 cap.

393 4141 418 4164 ιι
436 4118 568 4171 mihi
589 4122 747 4173 etiam
770 4123 928 4174 unico
947 4122 1112 4190 magis
1132 4124 1338 4190 unicus.
1363 4146 1384 4170 n
1478 4144 1496 4178 1
1514 4145 1531 4179 ι
1557 4149 1567 4177 2
1607 4150 1628 4172 ιι
1651 4128 1839 4198 Neque
1865 4145 1991 4178 vero
2022 4127 2074 4177 in
2104 4125 2349 4196 gerendis
2380 4145 2476 4178 ne-

460 4201 512 4252 3.
527 4202 879 4254 Cunctationis
892 4219 1052 4254 mora.
1066 4204 1206 4255 Inest
1225 4201 1392 4274 quod·
1476 4231 1497 4253 ιι
1519 4203 1674 4277 gotiis
1695 4209 1965 4259 cunctatio
1988 4206 2095 4258 ulla
2115 4222 2204 4259 aut
2227 4223 2376 4258 mora
2400 4206 2479 4256 in·

388 4278 510 4334 dam
536 4280 814 4338 discrimen
838 4287 975 4337 inter
996 4287 1391 4339 cunctationem
1475 4307 1499 4335 ιι
1518 4288 1807 4342 ferebatur.
1830 4314 1852 4336 ιι
1881 4287 2000 4340 vid.
2023 4288 2165 4341 Nou.
2188 4285 2400 4339 Marcel.
2424 4298 2476 4339 et
