3200 5117
736 529 1371 598 DECLAMATlo
1417 531 1469 594 1.
1516 530 1702 596 PRO
1745 531 2034 601 cAEco.
2345 557 2425 624 19

344 657 487 732 lere
508 654 538 729 ἲ
561 655 891 738 Occisum
926 679 1071 727 esse
1103 652 1436 726 miserum
1469 679 1713 726 senem
1740 681 1962 754 quum
1995 678 2071 730 tu
2103 657 2430 753 volueris,

345 771 627 866 'scimus
986 787 993 794 ’
1869 831 1878 842 .

445 887 635 957 XIV.
677 881 1056 975 Quomodo
1089 902 1361 972 tamen,
1406 879 1665 980 inquit,
1707 880 1973 978 gladius
2013 886 2324 983 pervenit
2359 887 2432 964 iu

346 1027 582 1080 meam
616 1019 1049 1098 potestatum
1079 997 1200 1095 qui
1232 997 1524 1095 privigni
1550 996 1723 1069 fuit?
1745 999 2141 1091 Haeremus,
2171 1001 2282 1074 hic
2310 1003 2434 1076 dif-

350 1116 544 1188 ficilis
564 1113 1064 1215 expugnandus
1084 1134 1188 1185 est
1203 1112 1606 1204 locus.Quis
1626 1111 1857 1185 credet
1875 1114 2071 1205 mihi,
2092 1116 2146 1188 si
2165 1116 2429 1191 dixero:

350 1229 685 1328 Gladium
704 1254 922 1300 caecus
940 1226 1055 1299 ille
1070 1225 1396 1325 perdidit,
1405 1247 1738 1325 perpetua
1752 1249 1955 1300 nocte
1972 1231 2219 1303 clausae
2240 1258 2433 1329 genae

346 1372 494 1418 nou
517 1339 1032 1418 custodierunt?
1052 1342 1343 1442 Fingere
1363 1342 1704 1413 nimirum
1724 1343 1812 1415 ad
1833 1365 2108 1444 tempus
2127 1347 2435 1440 videbor,

348 1484 425 1535 et
466 1488 617 1534 rem
658 1459 961 1532 nimium
1008 1458 1455 1536 manifestam
1499 1458 1945 1558 impudenter
1985 1463 2435 1563 complorare.

344 1577 629 1650 Scilicet
648 1602 921 1674 semper
944 1573 1053 1645 isti
1082 1573 1391 1673 apposita
1415 1574 1660 1676 capulo
1688 1602 1971 1666 manus,
1999 1599 2065 1650 et
2091 1578 2337 1651 diebus
2360 1606 2440 1652 ac

347 1690 679 1768 noctibus
708 1714 911 1764 curae.
936 1688 1114 1760 Nolo
1134 1709 1492 1787 tamquam
1519 1688 1761 1760 callido
1790 1691 2101 1788 glorieris
2125 1692 2440 1791 iugenio,

351 1831 500 1878 non
546 1804 872 1903 decepisti
926 1825 1193 1876 trucem
1241 1803 1746 1902 horridumque
1791 1804 2127 1878 latronem
2154 1834 2170 1882 ς
2225 1809 2443 1882 nostri

354 1920 481 1992 tibi
526 1919 952 2004 occasionem
987 1918 1341 2018 praebuere
1377 1944 1642 1990 mores:
1690 1946 1855 1991 nam
1895 1922 2084 2020 quod
2121 1950 2262 1995 uno
2303 1924 2445 1998 ictu

354 2033 611 2107 occisus
644 2054 747 2105 est
773 2059 1011 2123 senex,
1053 2032 1141 2103 ad
1172 2052 1235 2105 te
1261 2031 1556 2131 suspicio
1580 2032 1801 2131 magis
1829 2034 2117 2131 respicit.
2143 2038 2252 2108 Tu
2280 2063 2447 2136 prae-

351 2175 589 2247 parare
607 2174 854 2247 corpus
875 2145 1049 2220 illud
1068 2145 1158 2217 ad
1181 2146 1358 2218 ictus
1380 2167 1601 2244 potes,
1624 2145 1798 2218 dum
1817 2147 2061 2221 videris
2081 2151 2403 2249 amplecti
2424 2180 2441 2224 ε

350 2260 712 2357 ιηῦ1εωάει
735 2288 950 2333 manu
976 2265 1378 2360 praetentare
1406 2280 1680 2358 pectus,
1723 2259 1846 2332 ubi
1879 2262 2152 2336 assiduo
2173 2265 2443 2340 visceris

354 2375 560 2475 pulsu
582 2390 597 2419 ¹
638 2403 779 2447 non
807 2375 1113 2473 quiescat
1138 2374 1405 2464 anima,
1440 2374 1559 2448 ubi
1584 2374 1820 2446 statim
1851 2403 2038 2449 mors
2063 2379 2182 2470 sit,
2207 2380 2329 2452 ubi
2355 2380 2440 2456 de

354 2494 594 2594 spiritu
633 2493 1027 2591 sanguinis²
1067 2492 1283 2564 ictum
1327 2490 1675 2590 explorare
1717 2514 1875 2565 aute
1919 2516 1990 2567 et
2033 2521 2441 2595 cognoscere

352 2608 549 2681 licet:
586 2628 805 2708 potest
827 2628 896 2679 et
922 2634 1064 2679 uno
1088 2604 1226 2679 ictu
1264 2606 1518 2678 mulier
1547 2607 1873 2710 occidere.

454 2725 608 2795 XV.
641 2722 865 2795 Venio
899 2749 1089 2807 nuuc
1121 2722 1210 2794 ad
1243 2721 1531 2820 vestigia
1565 2722 1841 2820 parietis
1876 2728 2245 2814 cruentati,
2277 2728 2440 2830 qui-

350 2839 490 2914 bus
521 2860 586 2912 te
625 2838 785 2910 satis
818 2837 1241 2936 abundeque
1279 2837 1681 2937 pressimus,
1730 2838 1905 2909 dum
1933 2841 2441 2916 adolescentem

352 2951 838 3030 defendimus:
877 2951 1023 3023 haec
1060 2972 1225 3026 suut
1266 2972 1500 3024 tamen
1544 2977 1699 3050 quae
1733 2973 1968 3025 contra
2001 2975 2068 3026 te
2105 2978 2441 3032 reservata

352 3069 795 3159 sunt.Quum
816 3066 1105 3140 maritus
1124 3087 1281 3138 tuus
1296 3066 1370 3146 in
1386 3065 1714 3139 cubiculo
1734 3067 2115 3140 occiderem
2124 3070 2445 3159 r‚sciebas

354 3182 634 3255 nullum
667 3181 792 3254 tibi
822 3181 1138 3254 relictum
1168 3180 1661 3281 patrocinium,
1709 3181 1838 3254 nisi
1868 3181 2134 3279 aliquid
2197 3186 2456 3259 caecitat

355 3298 583 3370 simile
612 3299 913 3371 fecisses:
942 3297 1237 3396 ideoque
1265 3296 1679 3394 sanguinem
1709 3296 1780 3368 in
1811 3295 2009 3370 illam
2033 3317 2304 3399 partem
2341 3303 2444 3374 in-

357 3414 636 3505 duxisti,
674 3415 747 3488 in
780 3435 998 3514 quam
1039 3414 1253 3513 quaeri
1294 3412 1608 3503 volebas,
1650 3435 1726 3486 ut
1758 3436 2027 3514 postero
2064 3417 2173 3490 die
2210 3419 2445 3492 omnis

357 3529 611 3601 invidia
641 3528 995 3628 sanguinis
1015 3549 1212 3599 notas
1232 3548 1297 3599 et
1315 3528 1590 3626 vestigia
1614 3551 1988 3627 proeparata
2012 3554 2435 3628 sequeretur.

354 3643 665 3718 Infamas
715 3647 1029 3733 Caecum,
1078 3642 1442 3716 consilium
1499 3670 1578 3715 ex
1628 3643 2015 3720 calamitate
2065 3647 2436 3746 sumpsisti.

354 3759 632 3831 Sciebas
651 3758 852 3833 illum
872 3785 1016 3830 non
1037 3758 1264 3849 aliter,
1298 3758 1353 3830 si
1378 3758 1518 3829 dux
1536 3758 1924 3852 defecisset,
1956 3760 2220 3859 ingredi
2241 3788 2439 3860 posse

434 4008 482 4043 1.
502 3990 720 4046 Assiduo
740 3990 1124 4064 nixa-ispum.
1158 3992 1361 4063 Nempe
1438 3993 1654 4061 ‚signare
1697 3990 1952 4046 videntur
1983 3990 2212 4043 vividum
2257 3993 2446 4064 spiritu.

356 4071 647 4141 irrequieto
692 4068 865 4122 cordis
911 4083 1059 4122 motu
1081 4107 1099 4135 ‚
1148 4088 1365 4122 manum
1444 4088 1538 4124 seu
1581 4089 1702 4123 aere
1747 4071 2086 4142 sanguinem,
2122 4089 2244 4122 cum
2286 4070 2442 4122 rutilo

362 4150 570 4221 pectori
595 4146 861 4200 admotam
883 4148 1145 4220 pulsante.
1169 4149 1261 4198 Eu.
1445 4147 1627 4203 colore
1663 4167 1758 4221 per
1792 4149 2055 4208 lesionem
2087 4149 2259 4202 cordis
2290 4149 2446 4204 emis-

439 4247 489 4280 η.
513 4230 596 4281 De
616 4228 801 4300 spiritu
825 4229 1105 4304 sanquinis.
1131 4229 1251 4282 Hoec
1276 4225 1370 4280 de·
1449 4246 1580 4280 sum.
1608 4229 1699 4279 En.

2152 4331 2199 4376 2,-
