3200 5117
18 3762 33 3807 vu
18 3643 29 3689 ¹-
18 3526 30 3567 υ-
18 3406 30 3450 v—
18 3292 31 3334 Ἶ-
20 3268 21 3271 „
18 3172 30 3216 -

18 4112 40 4387 ετκτῆ-νι
18 3997 36 4042 -υ-

573 572 780 638 DEC.
818 569 1094 637 xvlll.
1136 567 1527 635 INFAMIS
1561 570 1658 633 [N
1695 565 2135 647 MATREM,
2162 569 2215 631 1.
2307 567 2431 654 391-

350 694 529 784 deri,
579 692 903 798 consilio,
947 691 1272 791 gravitate
1305 692 1634 764 lacerasti.
1671 694 1877 763 Potes
1917 711 2138 762 tacere
2161 688 2195 760 Ρ-
2235 713 2444 787 super

348 809 636 883 vulnera
668 810 895 895 unici,
927 836 1136 908 super
1163 829 1436 881 exustos
1474 829 1665 880 artus
1697 807 2119 879 metuendus
2149 805 2397 879 assistis
2419 859 2439 894 ,

353 947 421 998 et
442 954 681 1001 causas
704 947 1049 1026 quaerente
1075 948 1324 1016 matre,
1350 947 1700 1024 quaerente
1730 925 2026 1024 populo,
2055 924 2187 996 hoc
2206 924 2442 995 solum

353 1041 562 1134 dicis,
605 1042 872 1116 occidi?
908 1061 1230 1114 contenta
1268 1067 1412 1113 esse
1446 1041 1652 1114 debet
1684 1038 1989 1112 incerto?
2028 1038 2441 1137 lutet-rogari

353 1183 547 1229 nunc
576 1178 668 1247 te,
693 1157 964 1244 marite,
985 1156 1203 1228 credis
1227 1182 1269 1228 a
1286 1176 1507 1228 matre
1527 1154 1718 1229 sola?
1741 1181 1975 1228 causas
1996 1154 2239 1228 mortis
2258 1153 2445 1226 illius

358 1270 647 1370 reposcit
678 1270 1070 1343 sollicitudo
1100 1271 1372 1369 generis
1397 1270 1694 1343 humani
1724 1297 1738 1341 :
1779 1290 1958 1342 stant
1989 1270 2166 1341 circa
2193 1268 2446 1341 liberos

352 1386 629 1458 attoniti
652 1408 994 1486 parentes3
1019 1386 1258 1460 horret
1271 1386 1569 1459 invicem
1589 1412 1663 1458 se
1685 1387 1927 1458 caritas
1946 1388 2247 1458 fraterna
2266 1409 2446 1457 com·

357 1500 602 1600 plecti;
642 1522 846 1600 rupta
882 1524 989 1573 est
1019 1501 1140 1574 illa
1172 1503 1573 1574 osculorum
1609 1501 1790 1574 inter
1822 1525 2088 1574 soceros
2122 1523 2448 1600 generos-

358 1642 496 1714 que
545 1616 980 1715 simplicitas.
1027 1618 1419 1717 Quousque
1452 1643 1578 1690 nos
1611 1641 1778 1689 cum
1810 1616 2062 1690 silentii
2093 1615 2194 1687 tui
2228 1614 2450 1687 inter-

360 1732 739 1830 pretatione
773 1733 1188 1807 committis?
1224 1734 1281 1806 si
1317 1733 1498 1805 nihil
1533 1735 1801 1806 factum
1828 1754 1960 1825 est,
1985 1733 2177 1830 quod
2198 1730 2453 1803 debeat

358 1846 763 1919 erubescere
808 1868 1206 1947 temporum
1250 1848 1514 1946 pudor,
1563 1845 1737 1945 quid
1762 1846 1911 1919 sibi
1956 1847 2203 1920 volunt
2236 1844 2450 1917 verba

362 1962 662 2050 media¹,
706 1963 1081 2062 suspensa?
1127 1964 1182 2035 si
1227 1965 1422 2036 nefas
1463 1963 1880 2064 prodigiosis
1924 1962 2155 2034 simile
2195 1959 2453 2033 fabulis

360 2076 876 2176 deprehendisti
899 2134 920 2166 ,
969 2079 1326 2169 miserere,
1364 2106 1452 2152 ne
1486 2080 1576 2150 sis
1610 2105 1757 2150 una
1789 2099 2010 2150 morte
2044 2094 2450 2149 contentus:

363 2193 698 2265 incestam
733 2194 1001 2293 gravius
1034 2194 1260 2267 odisse
1288 2194 1532 2284 debes,
1569 2194 1759 2292 quod
1784 2211 1851 2266 et
1873 2193 2160 2266 venitin
2188 2192 2457 2278 forum,

362 2307 554 2405 quod
585 2308 951 2382 audaciam
985 2309 1383 2380 innocentis
1415 2307 1767 2399 imitatur,
1803 2329 1871 2381 et
1901 2307 2154 2381 tacenti
2181 2306 2458 2378 videtur

363 2422 580 2494 irasci.
610 2422 859 2513 Quum
894 2424 1122 2496 filium
1154 2444 1430 2534 propter
1462 2447 1821 2496 rumorem
1849 2423 2151 2512 torseris,
2182 2441 2461 2521 propter

365 2555 710 2607 tormenta
756 2537 1132 2627 occideris,
1181 2564 1325 2610 non
1384 2559 1486 2611 est
1528 2538 1762 2611 media
1807 2563 1913 2610 res
1940 2596 1959 2629 ,
2008 2558 2089 2610 ut
2126 2557 2463 2608 neutrum

369 2645 668 2722 sciamus
697 2677 721 2722 z.
748 2669 968 2721 mater
1008 2651 1333 2747 quidem,
1373 2645 1683 2751 judices,
1726 2649 2300 2724 innocentissima
2331 2651 2467 2722 hoc

369 2761 789 2859 complorat,
825 2762 960 2834 hoc
997 2765 1174 2836 ferre
1216 2787 1358 2835 non
1393 2785 1655 2862 potest,
1692 2765 1884 2864 quod
1921 2766 2097 2837 nihil
2130 2765 2467 2865 parricida

370 2875 759 2975 respondet.

466 2992 657 3064 XVI.
711 2991 849 3064 Sed
892 2992 1094 3064 nobis
1124 2991 1399 3064 videtur
1423 2991 1722 3091 jamjam
1759 3015 1903 3064 esse
1936 2992 2283 3065 dicturus:
2318 3017 2465 3065 non

370 3104 546 3177 fallit
567 3129 696 3178 nos
714 3160 734 3194 ,
762 3105 1065 3178 nefande
1083 3159 1101 3194 ‚
1137 3105 1619 3204 quid<ca2ptes,‘
1643 3106 1775 3177 hoc
1804 3106 1995 3205 quod
2028 3131 2238 3204 supra
2265 3106 2469 3178 silen-

372 3219 551 3290 tium
605 3219 818 3292 trahis
863 3218 1002 3292 alta
1050 3218 1344 3319 suspiria
1373 3274 1393 3308 ‚
1450 3220 1643 3318 quod
1691 3220 2173 3319 prorumpenti
2220 3219 2469 3291 videris

376 3333 874 3406 exclamatione
908 3334 1235 3426 deficere,
1271 3334 1638 3408 mendacio
1664 3356 1950 3435 paratur
1980 3335 2375 3424 auctorita,
2400 3356 2472 3408 et

377 3448 451 3519 in
481 3447 698 3520 fidem
722 3469 1062 3547 erupturae
1083 3450 1268 3522 vocis
1287 3452 1612 3539 affertur,
1641 3471 1723 3522 ut
1752 3450 1951 3523 fateri
1982 3448 2280 3522 videaris
2304 3450 2472 3521 invi·

380 3581 526 3633 tus:
568 3562 679 3634 dic
723 3582 1002 3652 tamen,
1035 3591 1161 3663 par
1189 3579 1299 3636 'est
1328 3563 1493 3637 huic
1535 3566 1635 3637 rei
1668 3565 1912 3640 matris
1948 3565 2343 3665 integritas,
2398 3586 2474 3637 ut

381 3677 774 3749 mentiaris?
801 3680 869 3751 Ο
902 3700 1172 3780 quanto
1204 3706 1396 3752 nunc
1431 3680 1669 3754 dolore
1712 3681 2086 3781 torqueris,
2121 3680 2313 3781 quod
2359 3681 2474 3754 in-

380 3806 681 3863 stantem
702 3820 844 3865 non
866 3813 1054 3893 potes
1078 3794 1315 3894 aliqua
1337 3795 1509 3866 truci
1531 3796 2075 3895 proclamatione
2098 3794 2471 3868 discutere:

460 3973 502 4012 ι.
521 3959 791 4013 Mediam
811 3975 909 4030 est,
927 3962 1307 4029 indifferentia,
1327 3978 1386 4016 ut
1466 3963 1607 4016 mula
1630 3963 1780 4036 quasi
1793 3963 1963 4030 dicta,
1988 3983 2017 4017 e
2035 3961 2211 4017 medio
2232 3978 2473 4035 sumpta,

380 4032 565 4112 paxillo
594 4052 747 4112 post:
779 4062 801 4086 α
820 4041 943 4093 Non
968 4054 1048 4093 est
1074 4041 1244 4094 media
1264 4060 1347 4094 res
1369 4064 1381 4093 :
1468 4045 1660 4117 quibus
1680 4045 1932 4098 molestos
1955 4047 2368 4118 interrogatores
2396 4043 2476 4095 di-

388 4143 411 4167 «
432 4120 664 4173 medium
723 4139 1056 4194 responsum.
1090 4146 1111 4169 n
1164 4124 1384 4176 Senum.
1465 4121 1832 4189 mittimu53de
1851 4147 1955 4199 qua
1973 4124 2473 4198 significationevid.

383 4203 612 4253 Possunt
645 4213 698 4253 et
715 4201 898 4254 ‘media
927 4203 1078 4255 verba
1106 4201 1211 4255 dici
1239 4199 1389 4257 dimi-
1469 4203 1537 4258 ad
1561 4206 1716 4259 Ovid.
1740 4209 1852 4259 Art.
1878 4207 1995 4259 Am.
2019 4208 2095 4271 11,
2124 4203 2248 4277 507,
2272 4204 2473 4272 vol.'11‚

384 4282 552 4350 diam,
583 4283 666 4336 vel
702 4285 862 4337 etiam
883 4284 1120 4357 vulgaria
1137 4323 1153 4353 ,
1189 4303 1250 4338 ex
1284 4283 1390 4337 for-
1467 4307 1589 4361 paff-
1616 4289 1720 4344 318
1746 4302 1885 4342 nost.
1913 4288 1999 4341 ed.
2023 4290 2116 4342 Eu.
