3200 5117
695 525 963 591 DECL.
1012 525 1133 589 VI.
1182 514 1656 591 CORPORIS
1699 525 2189 593 PROJECTI.
2365 533 2480 620 157

413 649 642 721 dixero
658 705 678 738 ,
704 648 978 721 Vellem
1004 647 1235 720 oculos
1258 674 1402 720 non
1424 647 1714 720 habere:
1748 646 1920 748 quid
1939 676 2128 722 nunc
2146 652 2486 750 amplius?

336 861 347 870 ἱ
412 764 501 836 ad
532 784 598 836 te
631 790 800 836 uxor
830 789 1062 864 preces
1094 781 1487 834 convertam
1520 762 1774 853 irritas,
1807 763 1987 835 male
2019 787 2302 839 tentatas
2324 767 2376 837 ¹?
2407 789 2482 840 tu

411 904 571 949 vero
603 904 844 976 perge,
877 897 944 949 et
965 878 1151 949 bono
1175 896 1294 948 tuo
1330 896 1558 948 utere:
1594 876 1871 948 felicem
1899 898 2000 968 te,
2029 880 2218 977 quod
2249 881 2322 953 in
2356 882 2484 954 hac

410 992 689 1064 fortuna
715 1012 834 1063 tua
862 990 1201 1063 irasceris:
1235 988 1322 1061 ad
1350 988 1475 1061 hos
1508 989 2061 1088 confugiendum
2091 1006 2255 1064 est2.

506 1106 759 1177 XXIV.
783 1108 912 1178 Per
926 1129 1335 1176 communes
1351 1129 1544 1175 casus
1557 1159 1576 1193 ,
1594 1129 1717 1202 per
1730 1102 2190 1177 calamitatem
2211 1134 2444 1179 meam
2461 1168 2478 1199 ,

412 1205 753 1294 humanae'
771 1220 1169 1292 calamitatis
1202 1218 1582 1317 exemplar,
1614 1219 1713 1291 ita
1745 1246 1860 1292 vos
1893 1223 2218 1323 conjuges
2249 1245 2481 1296 vestrae

411 1355 685 1424 ament,
717 1360 860 1406 non
889 1333 983 1404 sic
1010 1331 1432 1420 desiderent,
1463 1332 1554 1402 ita
1585 1330 1716 1404 hoc
1751 1334 2066 1406 orbitatis
2108 1362 2276 1408 meae
2310 1338 2479 1410 ulti-

413 1474 613 1519 mum
658 1446 1052 1544 exemplum
1094 1445 1222 1533 sit,
1260 1444 1356 1515 ita
1395 1444 1585 1517 vobis
1626 1443 1884 1518 habere
1926 1468 2068 1519 tam
2109 1450 2258 1547 pios
2301 1452 2481 1523 filios

413 1588 558 1634 non
606 1583 878 1633 necesse
936 1581 1053 1648 sit,
1108 1585 1573 1631 miseremini:
1624 1560 1682 1631 si
1733 1562 2069 1636 vicarium
2126 1566 2438 1665 accipitis
2459 1624 2480 1658 ,

413 1704 526 1749 me
558 1673 889 1778 projicite.
924 1678 1082 1749 Non
1118 1674 1471 1747 invidiosae
1507 1702 1739 1774 preces
1784 1679 2482 1769 sunt‚'nihilominus

412 1790 678 1889 impero
698 1787 758 1861 3:
794 1814 936 1860 non
966 1788 1123 1859 laeta
1145 1787 1553 1859 sententiam
1581 1795 1874 1860 vestram
1896 1813 2217 1888 sequetur
2244 1817 2481 1891 gratu-

410 1904 603 1993 latio,
637 1930 780 1976 non
821 1901 911 1974 ad
941 1902 1203 2000 templa
1233 1901 1572 1993 deducar,
1602 1901 1723 1974 sed
1751 1903 1840 1975 ad
1876 1905 2229 2004 sepulcra:
2273 1909 2481 1981 etiam

412 2046 632 2116 quum
656 2018 903 2108 vicero,
926 2017 1243 2089 flendum
1271 2037 1403 2089 est:
1432 2016 1485 2088 si
1504 2042 1663 2089 vero
1676 2017 2048 2107 vincimur,
2074 2020 2189 2092 ibo
2218 2021 2292 2118 in
2319 2021 2482 2096 litus

411 2133 653 2204 miser:
682 2131 1071 2231 planctibus
1095 2157 1245 2203 aves
1269 2131 1547 2229 abigam
1567 2189 1586 2220 ,
1612 2151 1735 2202 aut
1762 2158 1874 2203 me
1899 2135 2166 2231 corpori
2188 2135 2312 2207 filii
2338 2138 2477 2208 mei

312 2253 323 2278 “
410 2247 594 2319 velut
621 2246 975 2319 tumulum
1008 2246 1410 2343 imponam:
1429 2245 1982 2346 jacebimusduo
2010 2247 2352 2348 insepulta
2380 2279 2479 2322 ca-

412 2363 693 2435 davera:
724 2389 839 2433 me
858 2361 1015 2433 feris
1040 2359 1358 2459 objiciam
1374 2414 1397 2448 ,
1418 2380 1542 2432 aut
1563 2359 1743 2432 circa
1769 2360 2203 2459 singulorum
2232 2362 2481 2436 domus

410 2477 496 2547 ad
527 2502 759 2575 genua
798 2474 1362 2573 praetereuntium
1407 2473 1558 2544 ibo:
1598 2494 1666 2545 et
1716 2494 1989 2572 recepto
2021 2474 2175 2580 jam
2213 2477 2481 2550 miseris

410 2617 601 2662 more
616 2590 901 2688 supplex
913 2645 933 2678 ,
954 2614 1097 2659 non
1120 2587 1304 2659 cibos
1323 2607 1554 2686 petam
1572 2643 1592 2675 ,
1609 2613 1750 2657 non
1766 2587 2012 2685 stipem
2032 2615 2045 2658 :
2068 2589 2483 2662 mendicabo

408 2725 659 2776 terram
674 2762 694 2796 ,
717 2725 783 2776 et
804 2703 1077 2775 collatas
1093 2702 1569 2774 miserantium
1592 2728 1808 2773 manu
1829 2702 2095 2799 glebas,
2120 2724 2268 2794 aut,
2290 2703 2480 2803 quod

409 2819 774 2911 certelicet,
797 2819 1024 2890 filium
1046 2819 1120 2890 in
1142 2844 1331 2890 mare
1353 2817 1709 2918 projiciam
1731 2816 1908 2918 :jam
1929 2818 2238 2889 crudeles
2257 2845 2478 2917 aquae,

410 2957 479 3010 et
504 2937 688 3010 venti
709 2936 892 3008 male
916 2935 1233 3027 secundi,
1253 2934 1463 3006 reddo
1486 2933 1678 3005 vobis
1696 2952 1998 3005 vestrum
2019 2933 2437 3006 beneficium
2460 2962 2474 3004 :

407 3053 574 3124 ferte
607 3079 746 3150 quo
775 3051 971 3141 libet,
1002 3051 1162 3124 licet
1190 3050 1277 3122 ad
1303 3051 1630 3122 barbaros
1651 3108 1670 3139 ,
1704 3048 1865 3120 licet
1896 3047 1984 3118 ad
2016 3041 2239 3119 hostes
2258 3105 2278 3137 ,
2321 3049 2481 3121 licet

410 3167 498 3237 ad
533 3167 815 3267 piratas:
848 3168 1126 3240 fortasse
1149 3167 1394 3266 aliquis
1412 3166 1691 3268 jubebit
1717 3163 2018 3264 sepeliri,
2050 3184 2260 3254 certe,
2289 3164 2478 3264 quod

407 3282 649 3372 sciam,
676 3309 883 3355 nemo
905 3282 1315 3381 prohibebit.

483 3419 531 3477 ιζ
552 3424 697 3476 Male
719 3435 953 3479 tentatas.
976 3426 1050 3477 Et
1070 3426 1208 3477 male
1231 3437 1400 3477 tenta-
1478 3423 1646 3496 liquet
1681 3441 1788 3495 quo
1827 3425 2108 3477 referamus
2148 3421 2252 3476 lios.
2285 3426 2477 3475 Nonne

407 3511 497 3555 tas.
520 3502 665 3554 Leid.
690 3522 770 3574 pr.
794 3505 876 3556 Sic
895 3503 1034 3555 male
1053 3514 1303 3556 tentatum
1323 3523 1401 3556 ve·
1477 3518 1743 3576 praestaret
1768 3503 1886 3569 lias,
1912 3504 2107 3556 scilicet
2123 3504 2327 3575 preces?
2346 3500 2460 3554 En.'

405 3598 539 3632 neno
557 3582 791 3651 spiritum
809 3581 936 3634 dixit
952 3581 1092 3634 Flor.
1115 3582 1213 3648 111,
1238 3581 1286 3634 5.
1309 3584 1403 3649 Et,
1552 3586 1606 3637 3.
1650 3585 2014 3638 Nihilominus
2058 3585 2269 3658 impero.
2307 3584 2478 3636 Velim

407 3657 553 3731 quod
589 3658 711 3711 huie
751 3659 872 3712 loco
914 3659 1362 3713 accommodatius
1381 3697 1398 3726 ‚
1484 3664 1716 3737 impetro.
1735 3666 1859 3718 Non
1885 3679 1963 3717 est
1986 3666 2203 3718 nimium
2229 3664 2372 3736 quod
2396 3684 2477 3717 ro-

406 3751 654 3791 reoeiirare
681 3757 812 3812 soepe
838 3759 1045 3812 preces,
1077 3740 1236 3794 ovid.
1269 3743 1396 3794 Met.
1478 3764 1577 3816 go:
1614 3749 1714 3799 nisi
1751 3749 1890 3799 enim
1923 3765 2019 3800 vos
2050 3744 2272 3811 dabitis,
2303 3759 2474 3797 tamen

406 3819 543 3887 XIV,
569 3820 703 3885 382;
736 3835 789 3874 et
812 3832 1006 3874 tentare
1030 3822 1150 3875 deos
1167 3860 1184 3888 ,
1213 3825 1397 3874 Horat.
1480 3843 1579 3896 ego
1597 3825 1725 3878 mihi
1738 3825 1905 3878 dabo:
1929 3844 2052 3878 mox
2067 3827 2203 3879 enim
2220 3826 2320 3875 ait:
2350 3825 2474 3878 «Me

404 3900 506 3953 Od.
534 3903 635 3967 111,
667 3903 764 3968 23,
794 3903 884 3955 ubi
906 3904 1147 3955 Tor-rent.
1171 3905 1337 3958 Briau.
1485 3926 1508 3950 a
1528 3905 1738 3975 corpori
1771 3903 1865 3955 filii
1900 3905 2003 3955 inei
2037 3903 2179 3954 velut
2215 3900 2474 3953 tumulum

477 3996 525 4034 a.
568 3980 654 4032 Ad
685 3980 783 4034 laos
816 3980 1239 4053 eonfiaqieudum.
1277 3984 1400 4034 Non
1486 3983 1812 4055 «imponam.
1837 4005 1859 4028 ιο
1885 3982 2048 4033 Gnox.
