<?xml version="1.0" encoding="UTF-8"?>
<!DOCTYPE html PUBLIC "-//W3C//DTD XHTML 1.0 Transitional//EN"
    "http://www.w3.org/TR/xhtml1/DTD/xhtml1-transitional.dtd">
<html xmlns="http://www.w3.org/1999/xhtml" xml:lang="en" lang="en">
 <head>
  <title>
</title>
<meta http-equiv="Content-Type" content="text/html;charset=utf-8" />
  <meta name='ocr-system' content='tesseract 3.04.00' />
  <meta name='ocr-capabilities' content='ocr_page ocr_carea ocr_par ocr_line ocrx_word'/>
</head>
<body>
  <div class='ocr_page' id='page_1' title='image "./deinstitutioneo01flacgoog_0439.png"; bbox 0 0 3200 5117; ppageno 0'>
   <div class='ocr_carea' id='block_1_1' title="bbox 18 3078 34 3697">
    <p class='ocr_par' dir='ltr' id='par_1_1' title="bbox 18 3078 34 3697">
     <span class='ocr_line' id='line_1_1' title="bbox 18 3078 34 3697; textangle 90"><span class='ocrx_word' id='word_1_1' title='bbox 21 3656 34 3697; x_wconf 60' lang='grc' dir='ltr'><strong>-ς-</strong></span> <span class='ocrx_word' id='word_1_2' title='bbox 22 3631 25 3638; x_wconf 85' lang='grc'>-</span> <span class='ocrx_word' id='word_1_3' title='bbox 21 3534 30 3579; x_wconf 66' lang='lat'><strong>‹-</strong></span> <span class='ocrx_word' id='word_1_4' title='bbox 20 3420 31 3463; x_wconf 63' lang='lat'><strong>..-</strong></span> <span class='ocrx_word' id='word_1_5' title='bbox 20 3308 23 3347; x_wconf 77' lang='lat'><strong>-</strong></span> <span class='ocrx_word' id='word_1_6' title='bbox 18 3195 28 3214; x_wconf 64' lang='lat' dir='ltr'><strong>r</strong></span> <span class='ocrx_word' id='word_1_7' title='bbox 18 3078 28 3098; x_wconf 68' lang='lat' dir='ltr'><strong>nr</strong></span> 
     </span>
    </p>
   </div>
   <div class='ocr_carea' id='block_1_2' title="bbox 21 3828 37 4097">
    <p class='ocr_par' dir='ltr' id='par_1_2' title="bbox 21 3828 37 4097">
     <span class='ocr_line' id='line_1_2' title="bbox 21 3828 37 4097; textangle 90"><span class='ocrx_word' id='word_1_8' title='bbox 21 3828 37 4097; x_wconf 53' lang='grc' dir='ltr'><em>“ὴ“-</em></span> 
     </span>
    </p>
   </div>
   <div class='ocr_carea' id='block_1_3' title="bbox 560 573 2457 663">
    <p class='ocr_par' dir='ltr' id='par_1_3' title="bbox 560 573 2457 663">
     <span class='ocr_line' id='line_1_3' title="bbox 560 573 2457 663; baseline -0.004 -16"><span class='ocrx_word' id='word_1_9' title='bbox 560 583 767 648; x_wconf 88' lang='lat' dir='ltr'><strong>DEC.</strong></span> <span class='ocrx_word' id='word_1_10' title='bbox 814 582 1006 647; x_wconf 87' lang='lat' dir='ltr'>XIX.</span> <span class='ocrx_word' id='word_1_11' title='bbox 1058 578 1452 645; x_wconf 85' lang='lat' dir='ltr'><strong>INFAMIS</strong></span> <span class='ocrx_word' id='word_1_12' title='bbox 1500 579 1596 642; x_wconf 85' lang='lat' dir='ltr'><strong>IN</strong></span> <span class='ocrx_word' id='word_1_13' title='bbox 1648 577 2092 656; x_wconf 79' lang='lat' dir='ltr'>MATREM,</span> <span class='ocrx_word' id='word_1_14' title='bbox 2142 577 2237 641; x_wconf 85' lang='grc' dir='ltr'><strong>ΙΙ.</strong></span> <span class='ocrx_word' id='word_1_15' title='bbox 2333 573 2457 663; x_wconf 82' lang='lat'><strong>395</strong></span> 
     </span>
    </p>
   </div>
   <div class='ocr_carea' id='block_1_4' title="bbox 368 702 2468 1586">
    <p class='ocr_par' dir='ltr' id='par_1_4' title="bbox 368 702 2468 1586">
     <span class='ocr_line' id='line_1_4' title="bbox 371 702 2462 802; baseline -0.003 -24"><span class='ocrx_word' id='word_1_16' title='bbox 371 725 509 778; x_wconf 86' lang='lat' dir='ltr'><strong>tate</strong></span> <span class='ocrx_word' id='word_1_17' title='bbox 534 707 891 779; x_wconf 85' lang='lat' dir='ltr'>conticuit:</span> <span class='ocrx_word' id='word_1_18' title='bbox 914 734 1059 779; x_wconf 92' lang='lat' dir='ltr'><strong>non</strong></span> <span class='ocrx_word' id='word_1_19' title='bbox 1083 706 1308 778; x_wconf 87' lang='lat' dir='ltr'><strong>habeo</strong></span> <span class='ocrx_word' id='word_1_20' title='bbox 1337 702 1852 794; x_wconf 76' lang='lat' dir='ltr'><strong>affectum‚=nisi</strong></span> <span class='ocrx_word' id='word_1_21' title='bbox 1875 729 2016 802; x_wconf 92' lang='lat' dir='ltr'><strong>quo</strong></span> <span class='ocrx_word' id='word_1_22' title='bbox 2040 721 2292 774; x_wconf 89' lang='lat' dir='ltr'><strong>cuncta</strong></span> <span class='ocrx_word' id='word_1_23' title='bbox 2312 720 2462 772; x_wconf 89' lang='lat' dir='ltr'><strong>tan·</strong></span> 
     </span>
     <span class='ocr_line' id='line_1_5' title="bbox 368 816 2463 921; baseline -0.003 -28"><span class='ocrx_word' id='word_1_24' title='bbox 368 844 522 896; x_wconf 89' lang='lat' dir='ltr'><strong>tum</strong></span> <span class='ocrx_word' id='word_1_25' title='bbox 557 823 808 921; x_wconf 83' lang='lat' dir='ltr'><strong>patiar,</strong></span> <span class='ocrx_word' id='word_1_26' title='bbox 855 822 1177 910; x_wconf 81' lang='lat' dir='ltr'><strong>audiam,</strong></span> <span class='ocrx_word' id='word_1_27' title='bbox 1225 823 1447 894; x_wconf 84' lang='lat' dir='ltr'><strong>feram</strong></span> <span class='ocrx_word' id='word_1_28' title='bbox 1487 850 1501 892; x_wconf 73' lang='grc' dir='ltr'>ε</span> <span class='ocrx_word' id='word_1_29' title='bbox 1554 841 1939 917; x_wconf 89' lang='lat' dir='ltr'><strong>utrumque</strong></span> <span class='ocrx_word' id='word_1_30' title='bbox 1985 819 2069 890; x_wconf 91' lang='lat' dir='ltr'><strong>de</strong></span> <span class='ocrx_word' id='word_1_31' title='bbox 2114 817 2259 889; x_wconf 88' lang='lat' dir='ltr'><strong>filio</strong></span> <span class='ocrx_word' id='word_1_32' title='bbox 2310 816 2463 888; x_wconf 86' lang='lat' dir='ltr'><strong>fieri</strong></span> 
     </span>
     <span class='ocr_line' id='line_1_6' title="bbox 370 933 2465 1038; baseline -0.003 -28"><span class='ocrx_word' id='word_1_33' title='bbox 370 966 514 1011; x_wconf 92' lang='lat' dir='ltr'><strong>non</strong></span> <span class='ocrx_word' id='word_1_34' title='bbox 561 960 820 1038; x_wconf 86' lang='lat' dir='ltr'><strong>potest,</strong></span> <span class='ocrx_word' id='word_1_35' title='bbox 865 960 943 1012; x_wconf 91' lang='lat' dir='ltr'><strong>ut</strong></span> <span class='ocrx_word' id='word_1_36' title='bbox 988 961 1054 1011; x_wconf 92' lang='lat' dir='ltr'><strong>et</strong></span> <span class='ocrx_word' id='word_1_37' title='bbox 1099 937 1507 1028; x_wconf 86' lang='lat' dir='ltr'><strong>occiderim,</strong></span> <span class='ocrx_word' id='word_1_38' title='bbox 1561 957 1630 1009; x_wconf 91' lang='lat' dir='ltr'><strong>et</strong></span> <span class='ocrx_word' id='word_1_39' title='bbox 1673 938 1916 1026; x_wconf 86' lang='lat' dir='ltr'><strong>fatear,</strong></span> <span class='ocrx_word' id='word_1_40' title='bbox 1964 963 2088 1008; x_wconf 90' lang='lat' dir='ltr'><strong>cur</strong></span> <span class='ocrx_word' id='word_1_41' title='bbox 2132 933 2465 1006; x_wconf 87' lang='lat' dir='ltr'><strong>meruerit</strong></span> 
     </span>
     <span class='ocr_line' id='line_1_7' title="bbox 369 1048 2467 1153; baseline -0.003 -29"><span class='ocrx_word' id='word_1_42' title='bbox 369 1052 611 1125; x_wconf 91' lang='lat' dir='ltr'><strong>occidi.</strong></span> <span class='ocrx_word' id='word_1_43' title='bbox 657 1053 1132 1151; x_wconf 83' lang='lat' dir='ltr'><strong>Quapropter,</strong></span> <span class='ocrx_word' id='word_1_44' title='bbox 1174 1051 1478 1153; x_wconf 86' lang='lat' dir='ltr'><strong>judices,</strong></span> <span class='ocrx_word' id='word_1_45' title='bbox 1518 1049 1676 1123; x_wconf 87' lang='lat' dir='ltr'><strong>satis</strong></span> <span class='ocrx_word' id='word_1_46' title='bbox 1717 1049 2081 1138; x_wconf 84' lang='lat' dir='ltr'><strong>admirari,</strong></span> <span class='ocrx_word' id='word_1_47' title='bbox 2113 1048 2279 1121; x_wconf 84' lang='lat' dir='ltr'><strong>satis</strong></span> <span class='ocrx_word' id='word_1_48' title='bbox 2320 1067 2467 1118; x_wconf 85' lang='lat' dir='ltr'><strong>stu-</strong></span> 
     </span>
     <span class='ocr_line' id='line_1_8' title="bbox 368 1163 2464 1267; baseline -0.004 -28"><span class='ocrx_word' id='word_1_49' title='bbox 368 1194 532 1267; x_wconf 85' lang='lat' dir='ltr'>pere</span> <span class='ocrx_word' id='word_1_50' title='bbox 556 1195 700 1239; x_wconf 90' lang='lat' dir='ltr'><strong>non</strong></span> <span class='ocrx_word' id='word_1_51' title='bbox 730 1194 1050 1266; x_wconf 86' lang='lat' dir='ltr'><strong>possum,</strong></span> <span class='ocrx_word' id='word_1_52' title='bbox 1082 1167 1273 1264; x_wconf 90' lang='lat' dir='ltr'><strong>quod</strong></span> <span class='ocrx_word' id='word_1_53' title='bbox 1303 1166 1591 1256; x_wconf 86' lang='lat' dir='ltr'><strong>mulier,</strong></span> <span class='ocrx_word' id='word_1_54' title='bbox 1624 1165 1824 1267; x_wconf 72' lang='lat' dir='ltr'><strong>cujus</strong></span> <span class='ocrx_word' id='word_1_55' title='bbox 1857 1184 2099 1264; x_wconf 85' lang='lat' dir='ltr'><strong>praeter</strong></span> <span class='ocrx_word' id='word_1_56' title='bbox 2122 1163 2464 1262; x_wconf 82' lang='lat' dir='ltr'>optimam</span> 
     </span>
     <span class='ocr_line' id='line_1_9' title="bbox 371 1278 2468 1381; baseline -0.002 -28"><span class='ocrx_word' id='word_1_57' title='bbox 371 1308 535 1353; x_wconf 88' lang='lat' dir='ltr'><strong>sane</strong></span> <span class='ocrx_word' id='word_1_58' title='bbox 577 1282 1107 1371; x_wconf 83' lang='lat' dir='ltr'><strong>conscientiam,</strong></span> <span class='ocrx_word' id='word_1_59' title='bbox 1142 1308 1338 1354; x_wconf 84' lang='lat' dir='ltr'><strong>sexus</strong></span> <span class='ocrx_word' id='word_1_60' title='bbox 1375 1308 1657 1381; x_wconf 90' lang='lat' dir='ltr'><strong>quoque</strong></span> <span class='ocrx_word' id='word_1_61' title='bbox 1695 1278 2263 1381; x_wconf 89' lang='lat' dir='ltr'><strong>majorem.malis</strong></span> <span class='ocrx_word' id='word_1_62' title='bbox 2303 1303 2468 1350; x_wconf 80' lang='lat' dir='ltr'><strong>nos·</strong></span> 
     </span>
     <span class='ocr_line' id='line_1_10' title="bbox 368 1394 2468 1498; baseline -0.002 -31"><span class='ocrx_word' id='word_1_63' title='bbox 368 1396 486 1468; x_wconf 88' lang='lat' dir='ltr'><strong>tris</strong></span> <span class='ocrx_word' id='word_1_64' title='bbox 514 1397 859 1494; x_wconf 88' lang='lat' dir='ltr'><strong>pudorem</strong></span> <span class='ocrx_word' id='word_1_65' title='bbox 888 1418 1200 1498; x_wconf 65' lang='lat' dir='ltr'><strong>praestare</strong></span> <span class='ocrx_word' id='word_1_66' title='bbox 1226 1398 1553 1486; x_wconf 87' lang='lat' dir='ltr'><strong>debebat,</strong></span> <span class='ocrx_word' id='word_1_67' title='bbox 1587 1417 1807 1468; x_wconf 86' lang='lat' dir='ltr'><strong>tacere</strong></span> <span class='ocrx_word' id='word_1_68' title='bbox 1839 1422 1983 1468; x_wconf 92' lang='lat' dir='ltr'><strong>non</strong></span> <span class='ocrx_word' id='word_1_69' title='bbox 2013 1415 2235 1494; x_wconf 88' lang='lat' dir='ltr'><strong>potest</strong></span> <span class='ocrx_word' id='word_1_70' title='bbox 2259 1394 2468 1465; x_wconf 89' lang='lat' dir='ltr'><strong>silen-</strong></span> 
     </span>
     <span class='ocr_line' id='line_1_11' title="bbox 373 1532 857 1586; baseline 0.006 -3"><span class='ocrx_word' id='word_1_71' title='bbox 373 1532 555 1584; x_wconf 76' lang='lat' dir='ltr'><strong>tium</strong></span> <span class='ocrx_word' id='word_1_72' title='bbox 589 1540 857 1586; x_wconf 89' lang='lat' dir='ltr'><strong>meum.</strong></span> 
     </span>
    </p>
   </div>
   <div class='ocr_carea' id='block_1_5' title="bbox 467 1626 2466 1730">
    <p class='ocr_par' dir='ltr' id='par_1_5' title="bbox 467 1626 2466 1730">
     <span class='ocr_line' id='line_1_12' title="bbox 467 1626 2466 1730; baseline -0.001 -30"><span class='ocrx_word' id='word_1_73' title='bbox 467 1632 558 1702; x_wconf 84' lang='lat' dir='ltr'><strong>ll.</strong></span> <span class='ocrx_word' id='word_1_74' title='bbox 591 1632 785 1702; x_wconf 88' lang='lat' dir='ltr'><strong>Novo</strong></span> <span class='ocrx_word' id='word_1_75' title='bbox 810 1630 984 1730; x_wconf 88' lang='lat' dir='ltr'><strong>quin</strong></span> <span class='ocrx_word' id='word_1_76' title='bbox 1012 1632 1236 1714; x_wconf 85' lang='lat' dir='ltr'><strong>immo</strong></span> <span class='ocrx_word' id='word_1_77' title='bbox 1261 1631 1723 1729; x_wconf 86' lang='lat' dir='ltr'><strong>fabulosoque</strong></span> <span class='ocrx_word' id='word_1_78' title='bbox 1754 1653 1989 1700; x_wconf 89' lang='lat' dir='ltr'><strong>secum</strong></span> <span class='ocrx_word' id='word_1_79' title='bbox 2017 1626 2466 1726; x_wconf 75' lang='lat' dir='ltr'><strong>impatientia:</strong></span> 
     </span>
    </p>
   </div>
   <div class='ocr_carea' id='block_1_6' title="bbox 317 1731 2465 1856">
    <p class='ocr_par' dir='ltr' id='par_1_6' title="bbox 317 1731 2465 1856">
     <span class='ocr_line' id='line_1_13' title="bbox 317 1731 2465 1856; baseline -0.001 -42"><span class='ocrx_word' id='word_1_80' title='bbox 317 1785 326 1794; x_wconf 36' lang='grc' dir='ltr'><em>ι</em></span> <span class='ocrx_word' id='word_1_81' title='bbox 372 1770 621 1841; x_wconf 77' lang='lat' dir='ltr'><strong>genere</strong></span> <span class='ocrx_word' id='word_1_82' title='bbox 664 1745 974 1820; x_wconf 80' lang='lat' dir='ltr'><strong>dissentit</strong></span> <span class='ocrx_word' id='word_1_83' title='bbox 1010 1774 1025 1818; x_wconf 77' lang='grc' dir='ltr'><em>τ</em></span> <span class='ocrx_word' id='word_1_84' title='bbox 1063 1746 1380 1844; x_wconf 86' lang='lat' dir='ltr'><strong>queritur</strong></span> <span class='ocrx_word' id='word_1_85' title='bbox 1419 1746 1506 1817; x_wconf 92' lang='lat' dir='ltr'><strong>de</strong></span> <span class='ocrx_word' id='word_1_86' title='bbox 1542 1744 1839 1856; x_wconf 66' lang='lat' dir='ltr'><strong>populo,</strong></span> <span class='ocrx_word' id='word_1_87' title='bbox 1875 1731 2064 1840; x_wconf 86' lang='lat' dir='ltr'><strong>quod</strong></span> <span class='ocrx_word' id='word_1_88' title='bbox 2099 1743 2465 1841; x_wconf 84' lang='lat' dir='ltr'><strong>loquatur3</strong></span> 
     </span>
    </p>
   </div>
   <div class='ocr_carea' id='block_1_7' title="bbox 368 1856 2483 3918">
    <p class='ocr_par' dir='ltr' id='par_1_7' title="bbox 368 1856 2483 3918">
     <span class='ocr_line' id='line_1_14' title="bbox 372 1856 2467 1958; baseline -0.001 -29"><span class='ocrx_word' id='word_1_89' title='bbox 372 1858 458 1930; x_wconf 92' lang='lat' dir='ltr'><strong>de</strong></span> <span class='ocrx_word' id='word_1_90' title='bbox 482 1879 700 1957; x_wconf 85' lang='lat' dir='ltr'><strong>patre,</strong></span> <span class='ocrx_word' id='word_1_91' title='bbox 726 1861 916 1958; x_wconf 90' lang='lat' dir='ltr'><strong>quod</strong></span> <span class='ocrx_word' id='word_1_92' title='bbox 949 1882 1194 1935; x_wconf 86' lang='lat' dir='ltr'><strong>taceat:</strong></span> <span class='ocrx_word' id='word_1_93' title='bbox 1227 1888 1358 1932; x_wconf 89' lang='lat' dir='ltr'><strong>nec</strong></span> <span class='ocrx_word' id='word_1_94' title='bbox 1393 1879 1721 1931; x_wconf 88' lang='lat' dir='ltr'><strong>contenta</strong></span> <span class='ocrx_word' id='word_1_95' title='bbox 1745 1856 2173 1929; x_wconf 85' lang='lat' dir='ltr'><strong>confessione</strong></span> <span class='ocrx_word' id='word_1_96' title='bbox 2203 1856 2467 1945; x_wconf 86' lang='lat' dir='ltr'><strong>mariti,</strong></span> 
     </span>
     <span class='ocr_line' id='line_1_15' title="bbox 369 1971 2469 2066; baseline -0.001 -22"><span class='ocrx_word' id='word_1_97' title='bbox 369 1973 548 2045; x_wconf 82' lang='lat' dir='ltr'><strong>nihil</strong></span> <span class='ocrx_word' id='word_1_98' title='bbox 581 2001 652 2046; x_wconf 90' lang='lat' dir='ltr'><strong>se</strong></span> <span class='ocrx_word' id='word_1_99' title='bbox 694 1974 1170 2066; x_wconf 87' lang='lat' dir='ltr'><strong>dissimulare,</strong></span> <span class='ocrx_word' id='word_1_100' title='bbox 1212 1975 1392 2047; x_wconf 88' lang='lat' dir='ltr'><strong>nihil</strong></span> <span class='ocrx_word' id='word_1_101' title='bbox 1424 1975 1597 2046; x_wconf 88' lang='lat' dir='ltr'><strong>scire</strong></span> <span class='ocrx_word' id='word_1_102' title='bbox 1638 1993 1868 2046; x_wconf 86' lang='lat' dir='ltr'><strong>reatus</strong></span> <span class='ocrx_word' id='word_1_103' title='bbox 1897 1971 2295 2044; x_wconf 83' lang='lat' dir='ltr'><strong>auctoritate</strong></span> <span class='ocrx_word' id='word_1_104' title='bbox 2328 1991 2469 2042; x_wconf 85' lang='lat' dir='ltr'><strong>tes-</strong></span> 
     </span>
     <span class='ocr_line' id='line_1_16' title="bbox 370 2086 2471 2179; baseline -0 -19"><span class='ocrx_word' id='word_1_105' title='bbox 370 2090 606 2179; x_wconf 87' lang='lat' dir='ltr'><strong>tantis,</strong></span> <span class='ocrx_word' id='word_1_106' title='bbox 644 2090 912 2163; x_wconf 88' lang='lat' dir='ltr'><strong>mavult</strong></span> <span class='ocrx_word' id='word_1_107' title='bbox 942 2090 1029 2163; x_wconf 92' lang='lat' dir='ltr'><strong>de</strong></span> <span class='ocrx_word' id='word_1_108' title='bbox 1059 2090 1334 2163; x_wconf 88' lang='lat' dir='ltr'><strong>silentio</strong></span> <span class='ocrx_word' id='word_1_109' title='bbox 1380 2116 1539 2162; x_wconf 88' lang='lat' dir='ltr'><strong>meo</strong></span> <span class='ocrx_word' id='word_1_110' title='bbox 1569 2091 1796 2162; x_wconf 85' lang='lat' dir='ltr'><strong>facere</strong></span> <span class='ocrx_word' id='word_1_111' title='bbox 1837 2108 2178 2161; x_wconf 84' lang='lat' dir='ltr'><strong>secretum</strong></span> <span class='ocrx_word' id='word_1_112' title='bbox 2210 2086 2471 2159; x_wconf 86' lang='lat' dir='ltr'><strong>orbita-</strong></span> 
     </span>
     <span class='ocr_line' id='line_1_17' title="bbox 368 2201 2471 2302; baseline -0.001 -28"><span class='ocrx_word' id='word_1_113' title='bbox 368 2203 520 2275; x_wconf 90' lang='lat' dir='ltr'><strong>tis¹.</strong></span> <span class='ocrx_word' id='word_1_114' title='bbox 564 2205 764 2276; x_wconf 86' lang='lat' dir='ltr'><strong>Istud</strong></span> <span class='ocrx_word' id='word_1_115' title='bbox 803 2206 1110 2277; x_wconf 90' lang='lat' dir='ltr'><strong>amentia</strong></span> <span class='ocrx_word' id='word_1_116' title='bbox 1137 2206 1264 2295; x_wconf 83' lang='lat' dir='ltr'><strong>sit,</strong></span> <span class='ocrx_word' id='word_1_117' title='bbox 1302 2232 1393 2276; x_wconf 91' lang='lat' dir='ltr'><strong>an</strong></span> <span class='ocrx_word' id='word_1_118' title='bbox 1427 2205 1825 2277; x_wconf 85' lang='lat' dir='ltr'><strong>innocentia</strong></span> <span class='ocrx_word' id='word_1_119' title='bbox 1853 2261 1871 2293; x_wconf 88' lang='lat'>,</span> <span class='ocrx_word' id='word_1_120' title='bbox 1917 2201 2224 2302; x_wconf 88' lang='lat' dir='ltr'><strong>perditus</strong></span> <span class='ocrx_word' id='word_1_121' title='bbox 2272 2201 2471 2274; x_wconf 89' lang='lat' dir='ltr'><strong>dolor</strong></span> 
     </span>
     <span class='ocr_line' id='line_1_18' title="bbox 369 2317 2471 2418; baseline 0 -30"><span class='ocrx_word' id='word_1_122' title='bbox 369 2317 666 2390; x_wconf 85' lang='lat' dir='ltr'><strong>viderit:</strong></span> <span class='ocrx_word' id='word_1_123' title='bbox 733 2319 950 2418; x_wconf 87' lang='lat' dir='ltr'><strong>ipsius</strong></span> <span class='ocrx_word' id='word_1_124' title='bbox 996 2320 1277 2392; x_wconf 83' lang='lat' dir='ltr'><strong>animus</strong></span> <span class='ocrx_word' id='word_1_125' title='bbox 1324 2340 1548 2418; x_wconf 82' lang='lat' dir='ltr'><strong>potest</strong></span> <span class='ocrx_word' id='word_1_126' title='bbox 1600 2320 1771 2390; x_wconf 89' lang='lat' dir='ltr'><strong>scire</strong></span> <span class='ocrx_word' id='word_1_127' title='bbox 1818 2319 1989 2417; x_wconf 90' lang='lat' dir='ltr'><strong>quid</strong></span> <span class='ocrx_word' id='word_1_128' title='bbox 2038 2317 2223 2389; x_wconf 84' lang='lat' dir='ltr'><strong>filius</strong></span> <span class='ocrx_word' id='word_1_129' title='bbox 2272 2343 2471 2389; x_wconf 85' lang='lat' dir='ltr'><strong>meus</strong></span> 
     </span>
     <span class='ocr_line' id='line_1_19' title="bbox 374 2429 2476 2534; baseline 0 -33"><span class='ocrx_word' id='word_1_130' title='bbox 374 2430 647 2520; x_wconf 85' lang='lat' dir='ltr'><strong>dixerit,</strong></span> <span class='ocrx_word' id='word_1_131' title='bbox 685 2459 842 2534; x_wconf 81' lang='lat' dir='ltr'><strong>quae</strong></span> <span class='ocrx_word' id='word_1_132' title='bbox 870 2439 985 2505; x_wconf 87' lang='lat' dir='ltr'><strong>&#39;me</strong></span> <span class='ocrx_word' id='word_1_133' title='bbox 1017 2454 1213 2533; x_wconf 87' lang='lat' dir='ltr'><strong>putat</strong></span> <span class='ocrx_word' id='word_1_134' title='bbox 1238 2433 1527 2520; x_wconf 86' lang='lat' dir='ltr'><strong>hahere,</strong></span> <span class='ocrx_word' id='word_1_135' title='bbox 1559 2432 1751 2532; x_wconf 90' lang='lat' dir='ltr'><strong>quod</strong></span> <span class='ocrx_word' id='word_1_136' title='bbox 1781 2431 2035 2503; x_wconf 86' lang='lat' dir='ltr'><strong>dicam.</strong></span> <span class='ocrx_word' id='word_1_137' title='bbox 2068 2430 2314 2502; x_wconf 87' lang='lat' dir='ltr'><strong>Fidem</strong></span> <span class='ocrx_word' id='word_1_138' title='bbox 2349 2429 2476 2529; x_wconf 78' lang='lat' dir='ltr'>igi-</span> 
     </span>
     <span class='ocr_line' id='line_1_20' title="bbox 375 2548 2476 2647; baseline 0.001 -31"><span class='ocrx_word' id='word_1_139' title='bbox 375 2566 491 2617; x_wconf 90' lang='lat' dir='ltr'><strong>tur</strong></span> <span class='ocrx_word' id='word_1_140' title='bbox 521 2568 846 2637; x_wconf 82' lang='lat' dir='ltr'><strong>vestram,</strong></span> <span class='ocrx_word' id='word_1_141' title='bbox 877 2548 1183 2647; x_wconf 75' lang='lat' dir='ltr'><strong>judiceS‚</strong></span> <span class='ocrx_word' id='word_1_142' title='bbox 1230 2576 1317 2622; x_wconf 91' lang='lat' dir='ltr'><strong>ne</strong></span> <span class='ocrx_word' id='word_1_143' title='bbox 1350 2577 1468 2621; x_wconf 84' lang='lat' dir='ltr'><strong>vos</strong></span> <span class='ocrx_word' id='word_1_144' title='bbox 1497 2548 1809 2621; x_wconf 83' lang='lat' dir='ltr'><strong>orbitatis</strong></span> <span class='ocrx_word' id='word_1_145' title='bbox 1838 2548 2278 2620; x_wconf 81' lang='lat' dir='ltr'><strong>miseratione</strong></span> <span class='ocrx_word' id='word_1_146' title='bbox 2300 2573 2476 2618; x_wconf 84' lang='lat' dir='ltr'><strong>con-</strong></span> 
     </span>
     <span class='ocr_line' id='line_1_21' title="bbox 375 2659 2470 2752; baseline 0.002 -23"><span class='ocrx_word' id='word_1_147' title='bbox 375 2659 631 2740; x_wconf 81' lang='lat' dir='ltr'><strong>fundat</strong></span> <span class='ocrx_word' id='word_1_148' title='bbox 657 2661 802 2733; x_wconf 87' lang='lat' dir='ltr'><strong>sola</strong></span> <span class='ocrx_word' id='word_1_149' title='bbox 825 2682 1044 2733; x_wconf 88' lang='lat' dir='ltr'><strong>mater</strong></span> <span class='ocrx_word' id='word_1_150' title='bbox 1060 2720 1078 2752; x_wconf 85' lang='lat'>‚</span> <span class='ocrx_word' id='word_1_151' title='bbox 1103 2690 1276 2736; x_wconf 89' lang='lat' dir='ltr'><strong>neve</strong></span> <span class='ocrx_word' id='word_1_152' title='bbox 1304 2665 1620 2734; x_wconf 76' lang='lat' dir='ltr'><strong>maximae</strong></span> <span class='ocrx_word' id='word_1_153' title='bbox 1646 2664 2053 2735; x_wconf 80' lang='lat' dir='ltr'><strong>calamitatis</strong></span> <span class='ocrx_word' id='word_1_154' title='bbox 2075 2659 2175 2734; x_wconf 89' lang='lat' dir='ltr'><strong>ibi</strong></span> <span class='ocrx_word' id='word_1_155' title='bbox 2198 2682 2470 2734; x_wconf 86' lang='lat' dir='ltr'><strong>tantum</strong></span> 
     </span>
     <span class='ocr_line' id='line_1_22' title="bbox 379 2775 2475 2878; baseline 0.002 -32"><span class='ocrx_word' id='word_1_156' title='bbox 379 2775 630 2873; x_wconf 89' lang='lat' dir='ltr'><strong>putetis</strong></span> <span class='ocrx_word' id='word_1_157' title='bbox 660 2777 984 2849; x_wconf 81' lang='lat' dir='ltr'><strong>resedisse</strong></span> <span class='ocrx_word' id='word_1_158' title='bbox 1003 2803 1284 2850; x_wconf 85' lang='lat' dir='ltr'><strong>sensum</strong></span> <span class='ocrx_word' id='word_1_159' title='bbox 1301 2835 1319 2866; x_wconf 85' lang='lat'>,</span> <span class='ocrx_word' id='word_1_160' title='bbox 1349 2777 1539 2850; x_wconf 91' lang='lat' dir='ltr'><strong>unde</strong></span> <span class='ocrx_word' id='word_1_161' title='bbox 1557 2806 1677 2850; x_wconf 85' lang='lat' dir='ltr'><strong>vos</strong></span> <span class='ocrx_word' id='word_1_162' title='bbox 1704 2779 2010 2850; x_wconf 87' lang='lat' dir='ltr'><strong>lacrimae</strong></span> <span class='ocrx_word' id='word_1_163' title='bbox 2035 2780 2475 2878; x_wconf 77' lang='lat' dir='ltr'><strong>gemitusque</strong></span> 
     </span>
     <span class='ocr_line' id='line_1_23' title="bbox 380 2890 2475 2990; baseline 0.002 -30"><span class='ocrx_word' id='word_1_164' title='bbox 380 2890 845 2963; x_wconf 89' lang='lat' dir='ltr'><strong>conveniunt:</strong></span> <span class='ocrx_word' id='word_1_165' title='bbox 884 2891 1025 2964; x_wconf 87' lang='lat' dir='ltr'><strong>mei</strong></span> <span class='ocrx_word' id='word_1_166' title='bbox 1054 2892 1277 2990; x_wconf 76' lang='lat' dir='ltr'><strong>magis</strong></span> <span class='ocrx_word' id='word_1_167' title='bbox 1303 2891 1564 2964; x_wconf 87' lang='lat' dir='ltr'><strong>debetis</strong></span> <span class='ocrx_word' id='word_1_168' title='bbox 1594 2892 1667 2962; x_wconf 90' lang='lat' dir='ltr'><strong>in</strong></span> <span class='ocrx_word' id='word_1_169' title='bbox 1703 2892 1932 2962; x_wconf 82' lang='lat' dir='ltr'><strong>uxoris</strong></span> <span class='ocrx_word' id='word_1_170' title='bbox 1965 2892 2475 2989; x_wconf 85' lang='lat' dir='ltr'><strong>comparatione</strong></span> 
     </span>
     <span class='ocr_line' id='line_1_24' title="bbox 379 3004 2476 3107; baseline 0.002 -33"><span class='ocrx_word' id='word_1_171' title='bbox 379 3004 714 3094; x_wconf 85' lang='lat' dir='ltr'><strong>misereri,</strong></span> <span class='ocrx_word' id='word_1_172' title='bbox 747 3006 871 3104; x_wconf 89' lang='lat' dir='ltr'><strong>qui</strong></span> <span class='ocrx_word' id='word_1_173' title='bbox 899 3006 1130 3078; x_wconf 81' lang='lat' dir='ltr'><strong>filium</strong></span> <span class='ocrx_word' id='word_1_174' title='bbox 1156 3028 1224 3079; x_wconf 85' lang='lat' dir='ltr'><strong>et</strong></span> <span class='ocrx_word' id='word_1_175' title='bbox 1252 3006 1551 3107; x_wconf 86' lang='lat' dir='ltr'><strong>perdidi,</strong></span> <span class='ocrx_word' id='word_1_176' title='bbox 1581 3027 1649 3079; x_wconf 89' lang='lat' dir='ltr'><strong>et</strong></span> <span class='ocrx_word' id='word_1_177' title='bbox 1675 3006 1924 3078; x_wconf 88' lang='lat' dir='ltr'><strong>occidi:</strong></span> <span class='ocrx_word' id='word_1_178' title='bbox 1960 3031 2089 3104; x_wconf 76' lang='lat' dir='ltr'><strong>ego</strong></span> <span class='ocrx_word' id='word_1_179' title='bbox 2116 3033 2273 3077; x_wconf 88' lang='lat' dir='ltr'><strong>sum</strong></span> <span class='ocrx_word' id='word_1_180' title='bbox 2306 3007 2476 3079; x_wconf 91' lang='lat' dir='ltr'><strong>infe-</strong></span> 
     </span>
     <span class='ocr_line' id='line_1_25' title="bbox 375 3118 2479 3220; baseline 0 -30"><span class='ocrx_word' id='word_1_181' title='bbox 375 3118 572 3191; x_wconf 84' lang='lat' dir='ltr'><strong>licior</strong></span> <span class='ocrx_word' id='word_1_182' title='bbox 601 3146 682 3192; x_wconf 85' lang='lat' dir='ltr'><strong>ex</strong></span> <span class='ocrx_word' id='word_1_183' title='bbox 708 3121 1111 3220; x_wconf 78' lang='lat' dir='ltr'><strong>parentibus</strong></span> <span class='ocrx_word' id='word_1_184' title='bbox 1137 3121 1445 3210; x_wconf 78' lang='lat' dir='ltr'><strong>duobus,</strong></span> <span class='ocrx_word' id='word_1_185' title='bbox 1470 3121 1594 3220; x_wconf 87' lang='lat' dir='ltr'><strong>qui</strong></span> <span class='ocrx_word' id='word_1_186' title='bbox 1619 3120 1996 3220; x_wconf 83' lang='lat' dir='ltr'><strong>quidquid,</strong></span> <span class='ocrx_word' id='word_1_187' title='bbox 2021 3119 2324 3220; x_wconf 81' lang='lat' dir='ltr'><strong>judices,</strong></span> <span class='ocrx_word' id='word_1_188' title='bbox 2354 3119 2479 3191; x_wconf 82' lang='lat' dir='ltr'><strong>ista</strong></span> 
     </span>
     <span class='ocr_line' id='line_1_26' title="bbox 381 3235 2476 3336; baseline 0 -31"><span class='ocrx_word' id='word_1_189' title='bbox 381 3235 800 3333; x_wconf 85' lang='lat' dir='ltr'><strong>complorat,</strong></span> <span class='ocrx_word' id='word_1_190' title='bbox 844 3258 913 3309; x_wconf 89' lang='lat' dir='ltr'><strong>et</strong></span> <span class='ocrx_word' id='word_1_191' title='bbox 939 3238 1195 3336; x_wconf 86' lang='lat' dir='ltr'><strong>patior,</strong></span> <span class='ocrx_word' id='word_1_192' title='bbox 1226 3259 1294 3310; x_wconf 90' lang='lat' dir='ltr'><strong>et</strong></span> <span class='ocrx_word' id='word_1_193' title='bbox 1319 3237 1475 3309; x_wconf 89' lang='lat' dir='ltr'><strong>feci.</strong></span> <span class='ocrx_word' id='word_1_194' title='bbox 1509 3237 1816 3309; x_wconf 87' lang='lat' dir='ltr'><strong>Felicem</strong></span> <span class='ocrx_word' id='word_1_195' title='bbox 1854 3235 2285 3334; x_wconf 76' lang='lat' dir='ltr'><strong>ignoratione</strong></span> <span class='ocrx_word' id='word_1_196' title='bbox 2315 3259 2476 3306; x_wconf 88' lang='lat' dir='ltr'><strong>con·</strong></span> 
     </span>
     <span class='ocr_line' id='line_1_27' title="bbox 381 3349 2477 3452; baseline 0 -32"><span class='ocrx_word' id='word_1_197' title='bbox 381 3349 744 3422; x_wconf 87' lang='lat' dir='ltr'><strong>scientiam</strong></span> <span class='ocrx_word' id='word_1_198' title='bbox 777 3352 1047 3441; x_wconf 87' lang='lat' dir='ltr'><strong>matris,</strong></span> <span class='ocrx_word' id='word_1_199' title='bbox 1082 3380 1237 3452; x_wconf 84' lang='lat' dir='ltr'><strong>quoe</strong></span> <span class='ocrx_word' id='word_1_200' title='bbox 1278 3353 1537 3426; x_wconf 88' lang='lat' dir='ltr'><strong>sufficit</strong></span> <span class='ocrx_word' id='word_1_201' title='bbox 1567 3353 1987 3451; x_wconf 77' lang='lat' dir='ltr'><strong>interrogare</strong></span> <span class='ocrx_word' id='word_1_202' title='bbox 2008 3350 2075 3422; x_wconf 72' lang='lat' dir='ltr'><strong>&#39;l</strong></span> <span class='ocrx_word' id='word_1_203' title='bbox 2106 3351 2329 3451; x_wconf 88' lang='lat' dir='ltr'><strong>major</strong></span> <span class='ocrx_word' id='word_1_204' title='bbox 2359 3375 2477 3421; x_wconf 84' lang='lat' dir='ltr'><strong>me</strong></span> 
     </span>
     <span class='ocr_line' id='line_1_28' title="bbox 382 3463 2483 3567; baseline 0.001 -34"><span class='ocrx_word' id='word_1_205' title='bbox 382 3463 858 3564; x_wconf 85' lang='lat' dir='ltr'><strong>impatientia,</strong></span> <span class='ocrx_word' id='word_1_206' title='bbox 901 3468 1125 3567; x_wconf 82' lang='lat' dir='ltr'><strong>major</strong></span> <span class='ocrx_word' id='word_1_207' title='bbox 1151 3469 1292 3541; x_wconf 84' lang='lat' dir='ltr'><strong>urit</strong></span> <span class='ocrx_word' id='word_1_208' title='bbox 1319 3470 1656 3542; x_wconf 87' lang='lat' dir='ltr'><strong>affectus:</strong></span> <span class='ocrx_word' id='word_1_209' title='bbox 1699 3496 1822 3542; x_wconf 90' lang='lat' dir='ltr'><strong>cur</strong></span> <span class='ocrx_word' id='word_1_210' title='bbox 1860 3467 2267 3557; x_wconf 82' lang='lat' dir='ltr'><strong>occiderim,</strong></span> <span class='ocrx_word' id='word_1_211' title='bbox 2297 3463 2483 3537; x_wconf 86' lang='lat' dir='ltr'><strong>indi-</strong></span> 
     </span>
     <span class='ocr_line' id='line_1_29' title="bbox 384 3582 2480 3685; baseline -0.001 -29"><span class='ocrx_word' id='word_1_212' title='bbox 384 3610 535 3656; x_wconf 86' lang='lat' dir='ltr'><strong>care</strong></span> <span class='ocrx_word' id='word_1_213' title='bbox 586 3609 728 3658; x_wconf 87' lang='lat' dir='ltr'><strong>non</strong></span> <span class='ocrx_word' id='word_1_214' title='bbox 782 3609 1112 3681; x_wconf 86' lang='lat' dir='ltr'><strong>possum,</strong></span> <span class='ocrx_word' id='word_1_215' title='bbox 1157 3611 1290 3657; x_wconf 88' lang='lat' dir='ltr'><strong>nec</strong></span> <span class='ocrx_word' id='word_1_216' title='bbox 1321 3588 1644 3685; x_wconf 87' lang='lat' dir='ltr'><strong>poenitet,</strong></span> <span class='ocrx_word' id='word_1_217' title='bbox 1692 3586 1885 3685; x_wconf 85' lang='lat' dir='ltr'><strong>quod</strong></span> <span class='ocrx_word' id='word_1_218' title='bbox 1930 3584 2192 3657; x_wconf 89' lang='lat' dir='ltr'><strong>occidi:</strong></span> <span class='ocrx_word' id='word_1_219' title='bbox 2238 3582 2480 3654; x_wconf 80' lang='lat' dir='ltr'><strong>infelix</strong></span> 
     </span>
     <span class='ocr_line' id='line_1_30' title="bbox 383 3691 2481 3803; baseline -0.001 -32"><span class='ocrx_word' id='word_1_220' title='bbox 383 3720 728 3790; x_wconf 76' lang='lat' dir='ltr'><strong>senectuS,</strong></span> <span class='ocrx_word' id='word_1_221' title='bbox 759 3700 1015 3773; x_wconf 88' lang='lat' dir='ltr'><strong>misera</strong></span> <span class='ocrx_word' id='word_1_222' title='bbox 1043 3701 1408 3800; x_wconf 80' lang='lat' dir='ltr'><strong>patientia,</strong></span> <span class='ocrx_word' id='word_1_223' title='bbox 1437 3704 1531 3775; x_wconf 87' lang='lat' dir='ltr'><strong>sic</strong></span> <span class='ocrx_word' id='word_1_224' title='bbox 1567 3729 1848 3803; x_wconf 88' lang='lat' dir='ltr'><strong>quoque</strong></span> <span class='ocrx_word' id='word_1_225' title='bbox 1883 3727 2099 3801; x_wconf 86' lang='lat' dir='ltr'><strong>quam</strong></span> <span class='ocrx_word' id='word_1_226' title='bbox 2130 3699 2353 3771; x_wconf 86' lang='lat' dir='ltr'><strong>multa</strong></span> <span class='ocrx_word' id='word_1_227' title='bbox 2381 3691 2481 3768; x_wconf 90' lang='lat' dir='ltr'><strong>di·</strong></span> 
     </span>
     <span class='ocr_line' id='line_1_31' title="bbox 385 3812 2481 3918; baseline -0.001 -32"><span class='ocrx_word' id='word_1_228' title='bbox 385 3814 606 3887; x_wconf 87' lang='lat' dir='ltr'><strong>cenda</strong></span> <span class='ocrx_word' id='word_1_229' title='bbox 626 3814 825 3886; x_wconf 90' lang='lat' dir='ltr'><strong>sunt!</strong></span> <span class='ocrx_word' id='word_1_230' title='bbox 861 3817 1158 3888; x_wconf 88' lang='lat' dir='ltr'><strong>Fuimus</strong></span> <span class='ocrx_word' id='word_1_231' title='bbox 1183 3817 1542 3916; x_wconf 87' lang='lat' dir='ltr'><strong>quondam</strong></span> <span class='ocrx_word' id='word_1_232' title='bbox 1560 3877 1578 3909; x_wconf 87' lang='lat'>,</span> <span class='ocrx_word' id='word_1_233' title='bbox 1607 3818 1914 3918; x_wconf 86' lang='lat' dir='ltr'><strong>judices,</strong></span> <span class='ocrx_word' id='word_1_234' title='bbox 1942 3817 2214 3889; x_wconf 87' lang='lat' dir='ltr'><strong>fuimus</strong></span> <span class='ocrx_word' id='word_1_235' title='bbox 2238 3812 2481 3886; x_wconf 85' lang='lat' dir='ltr'><strong>felicis·</strong></span> 
     </span>
    </p>
   </div>
   <div class='ocr_carea' id='block_1_8' title="bbox 389 3973 2484 4369">
    <p class='ocr_par' dir='ltr' id='par_1_8' title="bbox 389 3973 2484 4369">
     <span class='ocr_line' id='line_1_32' title="bbox 463 3973 2481 4052; baseline 0 -26"><span class='ocrx_word' id='word_1_236' title='bbox 463 3993 505 4026; x_wconf 79' lang='grc' dir='ltr'><strong>ι.</strong></span> <span class='ocrx_word' id='word_1_237' title='bbox 533 3975 717 4027; x_wconf 80' lang='lat' dir='ltr'><strong>Facere</strong></span> <span class='ocrx_word' id='word_1_238' title='bbox 742 3987 986 4029; x_wconf 73' lang='lat' dir='ltr'><strong>secretum</strong></span> <span class='ocrx_word' id='word_1_239' title='bbox 1005 3977 1251 4033; x_wconf 75' lang='lat' dir='ltr'><strong>orbitatis.</strong></span> <span class='ocrx_word' id='word_1_240' title='bbox 1273 3981 1393 4034; x_wconf 81' lang='lat' dir='ltr'><strong>Dis·</strong></span> <span class='ocrx_word' id='word_1_241' title='bbox 1545 3977 1937 4052; x_wconf 75' lang='lat' dir='ltr'><strong>2.Quoesufficit</strong></span> <span class='ocrx_word' id='word_1_242' title='bbox 1951 3980 2281 4049; x_wconf 67' lang='lat' dir='ltr'><strong>interrogare.</strong></span> <span class='ocrx_word' id='word_1_243' title='bbox 2295 3973 2356 4025; x_wconf 78' lang='grc' dir='ltr'><strong>Τό</strong></span> <span class='ocrx_word' id='word_1_244' title='bbox 2371 3974 2481 4046; x_wconf 79' lang='lat' dir='ltr'><strong>suf-</strong></span> 
     </span>
     <span class='ocr_line' id='line_1_33' title="bbox 389 4054 2482 4132; baseline 0.001 -29"><span class='ocrx_word' id='word_1_245' title='bbox 389 4054 598 4124; x_wconf 77' lang='lat' dir='ltr'><strong>tingue:</strong></span> <span class='ocrx_word' id='word_1_246' title='bbox 643 4077 667 4101; x_wconf 73' lang='lat' dir='ltr'><strong>e·</strong></span> <span class='ocrx_word' id='word_1_247' title='bbox 691 4055 896 4108; x_wconf 82' lang='lat' dir='ltr'><strong>Mavult</strong></span> <span class='ocrx_word' id='word_1_248' title='bbox 927 4055 994 4108; x_wconf 84' lang='lat' dir='ltr'><strong>de</strong></span> <span class='ocrx_word' id='word_1_249' title='bbox 1028 4057 1238 4110; x_wconf 78' lang='lat' dir='ltr'><strong>silentio</strong></span> <span class='ocrx_word' id='word_1_250' title='bbox 1275 4077 1392 4111; x_wconf 86' lang='lat' dir='ltr'><strong>meo</strong></span> <span class='ocrx_word' id='word_1_251' title='bbox 1459 4057 1610 4132; x_wconf 75' lang='lat' dir='ltr'><strong>ficit,</strong></span> <span class='ocrx_word' id='word_1_252' title='bbox 1630 4073 1689 4110; x_wconf 87' lang='lat' dir='ltr'><strong>ut</strong></span> <span class='ocrx_word' id='word_1_253' title='bbox 1708 4059 1877 4110; x_wconf 84' lang='lat' dir='ltr'><strong>infra:</strong></span> <span class='ocrx_word' id='word_1_254' title='bbox 1906 4080 1928 4102; x_wconf 78' lang='grc' dir='ltr'>ι</span> <span class='ocrx_word' id='word_1_255' title='bbox 1944 4058 2154 4109; x_wconf 78' lang='lat' dir='ltr'><strong>Viscera</strong></span> <span class='ocrx_word' id='word_1_256' title='bbox 2176 4057 2319 4106; x_wconf 87' lang='lat' dir='ltr'><strong>unici</strong></span> <span class='ocrx_word' id='word_1_257' title='bbox 2339 4055 2482 4106; x_wconf 87' lang='lat' dir='ltr'><strong>lace-</strong></span> 
     </span>
     <span class='ocr_line' id='line_1_34' title="bbox 391 4132 2481 4209; baseline 0.001 -26"><span class='ocrx_word' id='word_1_258' title='bbox 391 4155 414 4177; x_wconf 76' lang='grc' dir='ltr'><strong>ιι</strong></span> <span class='ocrx_word' id='word_1_259' title='bbox 435 4132 611 4184; x_wconf 85' lang='lat' dir='ltr'><strong>facere</strong></span> <span class='ocrx_word' id='word_1_260' title='bbox 644 4148 918 4185; x_wconf 83' lang='lat' dir='ltr'><strong>secretum.</strong></span> <span class='ocrx_word' id='word_1_261' title='bbox 954 4136 1213 4188; x_wconf 81' lang='lat' dir='ltr'><strong>Orbitatis</strong></span> <span class='ocrx_word' id='word_1_262' title='bbox 1252 4136 1395 4189; x_wconf 79' lang='lat' dir='ltr'><strong>istud</strong></span> <span class='ocrx_word' id='word_1_263' title='bbox 1481 4163 1503 4189; x_wconf 76' lang='grc' dir='ltr'>ι</span> <span class='ocrx_word' id='word_1_264' title='bbox 1523 4161 1638 4195; x_wconf 81' lang='lat' dir='ltr'><strong>rare</strong></span> <span class='ocrx_word' id='word_1_265' title='bbox 1659 4142 1868 4194; x_wconf 81' lang='lat' dir='ltr'><strong>suffeci.</strong></span> <span class='ocrx_word' id='word_1_266' title='bbox 1889 4164 1910 4187; x_wconf 76' lang='lat' dir='ltr'><strong>n</strong></span> <span class='ocrx_word' id='word_1_267' title='bbox 1936 4139 2101 4193; x_wconf 71' lang='lat' dir='ltr'><strong>Gnou.</strong></span> <span class='ocrx_word' id='word_1_268' title='bbox 2118 4137 2284 4209; x_wconf 84' lang='lat' dir='ltr'><strong>Supra</strong></span> <span class='ocrx_word' id='word_1_269' title='bbox 2305 4148 2481 4187; x_wconf 83' lang='lat' dir='ltr'><strong>autem</strong></span> 
     </span>
     <span class='ocr_line' id='line_1_35' title="bbox 393 4215 2484 4292; baseline 0 -26"><span class='ocrx_word' id='word_1_270' title='bbox 393 4237 414 4260; x_wconf 75' lang='lat' dir='ltr'><strong>e«</strong></span> <span class='ocrx_word' id='word_1_271' title='bbox 437 4215 662 4267; x_wconf 84' lang='lat' dir='ltr'><strong>amentia</strong></span> <span class='ocrx_word' id='word_1_272' title='bbox 686 4217 778 4278; x_wconf 83' lang='lat' dir='ltr'><strong>sit,</strong></span> <span class='ocrx_word' id='word_1_273' title='bbox 797 4234 863 4267; x_wconf 87' lang='lat' dir='ltr'><strong>an</strong></span> <span class='ocrx_word' id='word_1_274' title='bbox 882 4217 1234 4268; x_wconf 71' lang='lat' dir='ltr'><strong>innocentia.»</strong></span> <span class='ocrx_word' id='word_1_275' title='bbox 1258 4216 1396 4268; x_wconf 80' lang='lat' dir='ltr'><strong>Gno-</strong></span> <span class='ocrx_word' id='word_1_276' title='bbox 1474 4219 1598 4272; x_wconf 91' lang='lat' dir='ltr'><strong>loco</strong></span> <span class='ocrx_word' id='word_1_277' title='bbox 1614 4221 1700 4272; x_wconf 64' lang='lat' dir='ltr'><strong>‘rob&#39;</strong></span> <span class='ocrx_word' id='word_1_278' title='bbox 1701 4217 1919 4292; x_wconf 79' lang='lat' dir='ltr'><strong>felicem</strong></span> <span class='ocrx_word' id='word_1_279' title='bbox 1936 4218 2260 4292; x_wconf 71' lang='lat' dir='ltr'><strong>iquoratione</strong></span> <span class='ocrx_word' id='word_1_280' title='bbox 2269 4216 2484 4267; x_wconf 87' lang='lat' dir='ltr'><strong>retinuit</strong></span> 
     </span>
     <span class='ocr_line' id='line_1_36' title="bbox 389 4293 2478 4369; baseline -0.001 -23"><span class='ocrx_word' id='word_1_281' title='bbox 389 4312 507 4348; x_wconf 53' lang='grc' dir='ltr'><strong>νον.</strong></span> <span class='ocrx_word' id='word_1_282' title='bbox 554 4296 798 4350; x_wconf 74' lang='lat' dir='ltr'><strong>orbitatis</strong></span> <span class='ocrx_word' id='word_1_283' title='bbox 842 4298 1036 4350; x_wconf 82' lang='lat' dir='ltr'><strong>omittit</strong></span> <span class='ocrx_word' id='word_1_284' title='bbox 1071 4298 1394 4352; x_wconf 76' lang='lat' dir='ltr'><strong>Gronovius.</strong></span> <span class='ocrx_word' id='word_1_285' title='bbox 1478 4293 2478 4369; x_wconf 72' lang='lat' dir='ltr'><strong>ed.Bip.exvet.ed.sel.iqnorantioe.Eo.</strong></span> 
     </span>
    </p>
   </div>
  </div>
 </body>
</html>
