3200 5117
719 545 1355 619 DECLAMATIO
1400 546 1522 610 IV.
1572 545 1759 611 PRO
1801 545 2094 613 FILIO.
2216 581 2222 587 1
2374 546 2456 615 85

371 676 710 751 revocavit
728 675 1003 777 injuria¹
1035 676 1175 747 :lex
1190 671 1488 773 placida,
1506 671 1720 763 mitiS‚
1738 697 1976 744 causas
1996 670 2246 744 mortis·
2262 670 2458 744 reddi

370 792 629 883 voluit,
659 818 811 865 non·
833 789 1176 864 aestimari.
1207 792 1503 861 Possum
1539 787 1784 885 igitur,
1821 808 2048 884 patres
2075 785 2460 884 conscripti,

371 906 657 1009 publica
685 907 990 1008 quadam
1018 931 1182 977 voce
1210 900 1803 1003 generis-humani
1829 902 2238 1001 respondere
2271 929 2464 1002 quae-

372 1022 683 1096 rentibus
729 1048 966 1094 causas
1011 1018 1250 1092 mortis
1297 1018 1785 1115 interrogatus:
1830 1036 1901 1089 at
1939 1042 2067 1116 ego
2100 1017 2462 1089 difficilius

372 1137 737 1209 redderem
779 1136 958 1208 vitae.
993 1134 1189 1224 Quid
1222 1134 1443 1234 juvat,
1478 1160 1520 1204 o
1555 1130 1807 1205 misera
1831 1131 2267 1222 ·mortalitaS‚
2309 1133 2465 1205 ani-

368 1276 580 1324 mam
605 1276 728 1349 per
759 1269 865 1321 tot
896 1274 1116 1320 annos
1138 1304 1159 1338 ‚
1195 1247 1404 1319 etiam
1435 1244 1491 1316 si
1526 1266 1772 1319 natura
1814 1248 2152 1346 patiatur,
2191 1273 2315 1346 per
2355 1248 2464 1319 in-

370 1364 591 1438 fim‘ta-
626 1385 1026 1461 temporum
1082 1361 1301 1461 spatia
1357 1359 1740 1452 tristissimo
1809 1363 2112 1462 corporis
2171 1363 2464 1437 retinere

370 1475 778 1578 complexu?
824 1475 895 1548 Si
932 1496 1184 1548 cuncta
1230 1474 1488 1574 gaudia
1525 1495 1788 1566 nostra,
1835 1477 1891 1549 si
1938 1477 2317 1577 voluptates
2340 1537 2359 1569 ,
2399 1501 2466 1552 et

373 1619 810 1692 quaecunque
861 1619 941 1664 ex
987 1591 1117 1663 hac
1165 1590 1606 1664 universitate
1653 1593 1905 1676 mundi
1945 1593 2055 1666 vel
2097 1594 2467 1668 sollicitant

370 1705 839 1806 aspectu-„vel
858 1706 1327 1779 blandiuntur
1359 1732 1529 1797 usu„
1550 1705 1931 1806 diligenter
1958 1710 2290 1799 excutias,
2323 1731 2466 1783 tota

368 1822 508 1894 vita
532 1820 840 1893 hominis
859 1839 1174 1892 unus-est
1201 1818 1368 1891 dies..
1386 1820 1714 1891 Humiles
1740 1822 2464 1924 prorsusabjectaeque

372 1957 676 2026 mentes,
711 1961 903 2035 quas*
925 1932 1577 2033 non—implenthoec
1614 1934 1858 2007 eadem
1893 1963 2318 2036 semperque
2352 1966 2466 2011 re-

374 2052 693 2142 deuntia;
724 2071 807 2124 ut
839 2051 961 2150 qui
992 2050 1659 2147 honestis.operatus
1687 2049 1994 2122 artibus²
2027 2051 2199 2124 sciat
2225 2053 2348 2152 qui
2389 2054 2468 2126 fi-

374 2166 485 2238 nis
520 2167 912 2253 honorum,
955 2190 1110 2264 quae
1149 2190 1327 2237 vera-
1342 2162 1632 2236 felicitas
1649 2190 2078 2264 ‚nunquam
2120 2165 2255 2238 sibi
2281 2166 2470 2239 vide-

372 2281 564 2355 bitur
605 2302 1017 2383 praematura
1063 2300 1307 2353 morte·
1336 2277 1731 2379 periturus-2
1757 2315 1762 2322 ·
1788 2301 1854 2352 et
1896 2280 2069 2352 lu'cis
2102 2308 2345 2355 causas
2377 2283 2467 2355 ad

375 2397 696 2469 animum
741 2417 1198 2495 mentemque
1240 2393 1696 2468 referentium
1738 2394 2102 2467 neminem
2152 2396 2468 2496 quotidie

375 2533 518 2585 vna
549 2538 692 2584 non
729 2531 950 2583 sanat.

474 2627 563 2699 X.
594 2629 1004 2700 Relaturum
1041 2654 1156 2701 me
1179 2653 1372 2699 nunc
1396 2624 1686 2725 putatis,
1706 2647 1970 2723 quanto
1994 2627 2363 2727 plurasim
2391 2628 2465 2700 in

377 2738 507 2813 hac
553 2742 673 2813 aevi
727 2743 1060 2816 brevitate
1117 2741 1486 2842 fugienda3
1540 2758 2122 2839 comparaturum.
2158 2742 2465 2840 gaudiis,

377 2855 753 2956 prosperis,
798 2879 1076 2948 metus,
1123 2853 1595 2930 calamitates?
1637 2853 1789 2944 illa,
1835 2854 1957 2927 illa
2006 2855 2466 2946 aestimemus,

376 2991 656 3072 propter
682 2998 836 3068 quae
863 2972 1236 3071 fatigamus
1264 2970 1437 3044 votis
1471 2970 1635 3046 deos
1652 3026 1671 3060 ‚
1702 2990 1979 3068 propter
2009 2996 2168 3069 quae
2186 2972 2466 3042 brevem

378 3086 741 3186 querimur
768 3108 1033 3164 aetatem
1064 3115 1079 3160 ε
1115 3113 1372 3185 nempe
1406 3106 1570 3160 sunt
1599 3084 1896 3175 vanitas,
1932 3084 2470 3184 cupidoduxu-

380 3202 501 3294 ria,
531 3202 953 3282 libido.Non
979 3205 1196 3303 pudet
1221 3224 1504 3303 propter
1519 3202 1669 3275 haec
1693 3202 1870 3274 ferre
1891 3200 2473 3288 debilitatesduc-

380 3338 526 3411 tm,
561 3319 789 3418 spatia
822 3318 1274 3396 morborum?
1301 3339 1366 3391 et
1395 3345 1621 3419 quum
1663 3315 2217 3406 liceat-evadere,
2258 3317 2472 3390 malle

379 3432 563 3532 pati?
588 3433 811 3533 Finge
838 3434 967 3506 tibi
994 3434 1184 3506 velut
1218 3433 1440 3534 ipsam
1470 3431 1911 3530 -proclamare
1953 3451 2315 3521 naturam3
2365 3458 2474 3504 re-

380 3568 621 3648 ceptus
648 3575 720 3621 es
751 3550 826 3620 in
858 3549 991 3627 hoc
1022 3548 1578 3649 pulcherrimum
1617 3546 1870 3619 mundi
1907 3572 2283 3645 rerumque
2317 3571 2473 3618 con-

457 3722 502 3758 t.
526 3706 596 3757 In
614 3720 1143 3781 poenamuoeentes...
1174 3706 1382 3781 injuria-
1539 3723 1588 3758 2.
1615 3704 1854 3758 Hos-escis
1869 3704 2077 3756 artibus.
2104 3704 2181 3754 Ita
2206 3701 2476 3776 appellare

378 3784 465 3837 Ne
487 3786 630 3837 enim
654 3785 932 3854 scelerati,
957 3789 1050 3859 qni
1078 3799 1304 3839 mortem
1333 3798 1387 3838 et
1464 3783 1677 3838 vidntur
1727 3803 1808 3836 ex.
1839 3782 2186 3854 sequentibus
2236 3781 2476 3854 philoso-

379 3866 727 3936 ignominiam
753 3885 813 3920 se
838 3869 1089 3921 meruisse
1113 3867 1385 3934 sciebant,
1465 3864 1650 3937 phium
1696 3865 1984 3930 moralem,
2029 3882 2143 3936 quae
2189 3862 2475 3918 honestum

379 3946 483 4000 sibi
522 3962 747 4000 mortem
789 3948 1170 4003 consciscendo
1208 3949 1387 4002 lucra·-
1467 3946 1643 4001 docet.
1674 3945 1772 4001 Vel
1807 3948 1860 3999 in
1897 3963 2091 4016 genere
2128 3963 2475 4017 quascunque

380 4039 569 4079 rentur
608 4027 873 4100 supplicia
914 4030 1181 4080 atrociora
1217 4041 1270 4080 et
1307 4046 1387 4081 se·
1466 4031 1652 4101 accipe
1672 4039 1810 4081 artes
1833 4027 2089 4087 honestas,
2116 4045 2207 4080 seu
2229 4026 2476 4080 liberales

377 4106 681 4181 pulturam,
695 4107 964 4162 lex.voluit
982 4108 1278 4179 insepultos
1299 4107 1390 4161 ab·
1465 4122 1518 4162 et
1541 4112 1827 4180 ingenuas,
1849 4107 2042 4178 quibus
2061 4106 2307 4160 videlicet
2331 4109 2476 4177 inge-

373 4188 502 4256 jici‚
534 4200 589 4239 et
617 4187 691 4239 ita
719 4188 773 4239 in
801 4204 1015 4260 poeuam
1040 4203 1200 4258 quam
1230 4197 1387 4259 puta-
1465 4191 1560 4241 nui
1582 4203 1637 4240 et
1661 4188 1813 4244 liberi
1834 4188 2113 4239 informari
2137 4186 2306 4239 solent
2323 4226 2339 4252 ,
2364 4204 2477 4239 non

378 4266 514 4322 bant
535 4269 790 4341 effugisse
817 4270 1084 4323 revocavit
1110 4282 1384 4325 nocentes.
1466 4272 1607 4323 servi
1628 4281 1682 4322 et
1705 4287 1770 4324 ex
1791 4269 1894 4321 ime
1916 4268 2043 4319 faece
2065 4264 2238 4339 plebis
2263 4267 2388 4318 nati.
