3200 5117
650 547 746 610 IN
794 544 1212 611 DECLAM.
1258 544 1352 609 M.
1402 546 1476 609 F.
1521 544 2179 629 QUINTILIANI.
2350 548 2456 612 xix

370 672 563 740 toties
587 671 791 760 praela
811 687 1274 751 exercuerunt,
1296 692 1496 759 supra
1517 693 1757 759 magno
1780 693 2061 736 numero
2083 669 2452 737 retulimus.

453 779 556 844 Jo.
587 774 1007 865 Schultinqtb,
1042 779 1155 866 qui
1195 777 1585 864 Noviomagi
1623 773 2023 841 Geldrorum
2056 775 2286 842 docuit
2323 777 2459 842 elo-

370 882 743 974 quentiam,
783 884 1041 947 animus
1088 882 1252 962 fuit,
1298 897 1449 970 post
1488 884 1805 946 Senecam
1846 881 2218 962 rhetorem,
2259 883 2456 946 etiarn

366 990 751 1074 Quintiliani
800 989 1328 1055 Declamationes
1379 989 1709 1054 illustrare
1737 1012 1752 1051 ε
1807 988 2230 1079 exstabatque
2274 987 2454 1079 apud

364 1097 687 1162 illustrem
721 1098 938 1161 virum
970 1096 1349 1161 Gisbertum
1383 1098 1724 1183 Cuperum
1761 1096 2272 1161 commentarius
2314 1094 2455 1185 ejus

365 1205 437 1269 in
458 1205 741 1294 primam
760 1203 1321 1269 Declamationem
1343 1203 1719 1282 absolutus,
1746 1203 1813 1267 in
1839 1204 2121 1292 reliquas
2140 1204 2453 1268 affectus:

365 1329 437 1378 et
459 1311 751 1375 minores
770 1311 1293 1376 Declamationes
1319 1334 1470 1376 cum
1494 1310 1630 1375 MS.
1653 1310 1920 1376 collatae.
1948 1309 2134 1376 idem
2155 1312 2455 1398 Cuperus

363 1432 646 1481 testatus
679 1431 809 1493 est,
841 1438 909 1479 se
931 1416 1247 1505 juvenem
1268 1465 1286 1494 ,
1321 1438 1529 1505 quum
1551 1438 1660 1480 an.
1710 1415 1906 1496 1662,
1935 1434 2001 1481 ot
2030 1414 2345 1504 deinceps
2372 1416 2457 1481 ab

364 1520 760 1608 Schultingii
806 1517 1131 1609 penderet
1176 1542 1330 1600 ore,
1379 1543 1510 1585 una
1553 1543 1705 1586 cum
1751 1522 1898 1587 viro
1941 1522 2055 1588 illo
2095 1522 2455 1588 clarissimo

367 1627 728 1692 contulisse
763 1624 903 1690 duo
940 1627 1100 1692 MSS
1138 1627 1385 1705 Vossii‚
1425 1628 1723 1715 optimae,
1762 1643 1838 1691 ut
1877 1626 1999 1708 ait,
2039 1643 2230 1692 notae.
2278 1630 2459 1692 Inter

365 1731 670 1824 ejusdem
718 1733 919 1797 Isaaci
960 1733 1177 1798 Vossii
1218 1732 1425 1799 libros
1467 1733 1536 1797 in
1585 1733 1748 1798 Bibl.
1794 1732 2102 1799 Leidensi
2152 1735 2330 1801 MSS.
2387 1736 2456 1798 in

362 1838 756 1903 membrana
785 1854 1159 1902 servantur¹
1198 1861 1280 1903 ex
1308 1838 1722 1928 undeviginti
1753 1838 1880 1903 illis
1910 1839 2291 1922 Quintiliani
2323 1843 2457 1902 De-

360 1946 790 2010 clamationes
820 1947 939 2010 XV
973 1961 1342 2012 contractae.
1382 1946 1806 2035 Adscriptum
1844 1962 1972 2011 est:
2011 1946 2359 2036 Emer-pta,
2393 1958 2462 2009 ut

361 2050 703 2116 verisimile
738 2064 859 2129 est,
901 2050 983 2114 ab
1021 2050 1376 2130 Adelard0‚
1417 2050 1838 2140 Bathoniensi
1875 2052 2224 2131 nimirum,
2273 2050 2459 2140 cujus

364 2158 667 2247 praefatio
705 2155 789 2223 ad
827 2156 1182 2226 Ricardum
1225 2159 1651 2225 Baiocensem
1693 2159 2077 2247 episcopum
2121 2157 2205 2223 de
2249 2148 2459 2222 c‘ausis

362 2287 592 2330 rerum
620 2263 981 2356 subjicitur.
1016 2267 1273 2331 Horum
1308 2267 1786 2354 Excerptorum
1819 2288 1948 2353 ope
1979 2265 2125 2329 loca
2153 2262 2460 2354 quaedam

365 2372 563 2438 aliter
583 2395 779 2461 posse
801 2373 1114 2438 constitui
1141 2390 1341 2464 atque
1364 2372 1567 2439 hodie
1595 2367 1924 2462 reguntur,
1954 2373 2175 2437 nullus
2200 2371 2459 2436 dubitat

365 2481 613 2547 clariss.
655 2483 1102 2562 Burmannus,
1151 2480 1262 2547 sed
1299 2481 1508 2564 nobis,
1559 2482 1815 2571 inquit,
1863 2485 2152 2574 temporis
2191 2482 2458 2571 pemeria

367 2586 818 2667 hbormttibuS,
857 2605 919 2654 et
954 2587 1275 2656 Ovidianoe
1306 2593 1535 2677 majori
1561 2613 1707 2654 cum
1742 2589 2058 2680 voluptate
2090 2587 2285 2655 Musoe
2318 2611 2458 2678 ope-

366 2694 676 2773 rantibus,
701 2718 827 2759 non
848 2695 1114 2760 vacabat
1133 2694 1261 2763 ltoec
1288 2699 1637 2760 accuratius
1665 2708 1971 2762 excutere.

462 2802 882 2868 Carmanios
918 2805 1221 2869 Fucens
1247 2805 1532 2889 (etenim
1562 2826 1714 2868 eum
1745 2804 1877 2868 huc
1901 2805 2299 2881 referemus,
2336 2803 2455 2866 etsi

368 2908 636 2974 serioris
659 2911 865 2975 aetatis
892 2915 1027 2993 est)
1057 2912 1216 2975 vixit
1246 2909 1565 2976 Hadriani
1593 2928 1658 2975 et
1687 2911 1997 2976 Antonini
2023 2912 2118 2975 Pii
2143 2909 2458 2996 tempori-

365 3015 525 3096 bus,
549 3033 624 3082 ut
648 3040 684 3081 e
707 3017 890 3082 libris
907 3020 1222 3083 JCtorum
1243 3016 1718 3084 demonstravit
1734 3021 1836 3083 Jo.
1859 3016 2037 3082 Frid.
2060 3018 2454 3081 Gronovius,

365 3121 529 3212 Ejus
569 3124 1091 3188 Declamationes
1134 3125 1202 3188 in
1242 3123 1428 3189 libris
1471 3124 1731 3214 scriptis
1772 3122 2085 3189 dicuntur
2122 3120 2460 3186 Rhetorum

365 3229 708 3308 minorum,
726 3246 801 3294 ut
816 3231 1295 3296 Controversia·
1315 3232 1607 3311 Senecae,
1629 3237 1964 3322 majorum,
1980 3246 2457 3352 versanturque

368 3334 616 3421 pariter
648 3335 717 3400 in
747 3336 1147 3456 argutnentis
1175 3335 1491 3404 confictis.
1521 3338 1687 3404 Sunt
1712 3359 1992 3403 numero
2024 3359 2149 3400 una
2181 3349 2246 3401 et
2272 3360 2458 3427 qznn-

370 3443 690 3530 quaqinta.
722 3443 847 3507 Eas
875 3443 1128 3529 primus
1153 3465 1190 3507 e
1217 3441 1390 3507 libro
1421 3444 1667 3531 scripto
1699 3442 1909 3509 edidit
1936 3467 2089 3509 cum
2118 3444 2291 3508 notis
2324 3443 2457 3507 suis

373 3541 543 3609 Par.
578 3543 880 3623 Pithoetts‚
910 3568 1065 3611 cum
1092 3546 1366 3629 Quintil.
1402 3546 1585 3612 Decl.
1623 3548 1823 3612 Paris.
1866 3547 2063 3628 1580,
2104 3547 2175 3626 8,
2207 3546 2292 3611 de
2322 3569 2456 3636 quo

373 3669 572 3737 supra
611 3650 881 3717 dictum.
926 3654 1094 3716 Cum
1135 3652 1240 3718 Jo.
1279 3651 1453 3718 Fn‘d.
1496 3652 1804 3723 Gronovii
1835 3672 1902 3718 et
1941 3652 2045 3719 Jo.
2087 3650 2464 3742 Schultinqii

372 3757 549 3821 notis
576 3757 885 3846 leguntur
911 3759 977 3821 in
1009 3756 1300 3823 editione
1330 3758 1720 3842 Quintiliani
1747 3755 2215 3837 Schrwehlnnn,
2251 3775 2318 3824 et
2341 3782 2455 3825 no·

370 3861 636 3927 vissima
658 3863 732 3929 P.
758 3864 1140 3941 Burmanni,
1170 3865 1284 3955 qui
1310 3886 1461 3930 suas
1485 3865 1685 3930 etiam
1710 3879 1778 3929 et
1796 3863 2457 3930 Almeloveniiobser·

367 3971 667 4034 vationes
693 3971 1009 4061 quasdam
1040 3970 1397 4058 adspersit,
1429 3988 1495 4035 et
1519 3972 1635 4061 qui
1659 3987 1811 4059 post
1837 3970 2166 4036 Pithoeum
2191 3970 2460 4036 easdem

372 4078 703 4143 recensuit
718 4078 777 4141 E
780 4077 876 4145 11·oe
897 4076 1202 4143 obv-cethi.
1221 4078 1398 4143 Alios
1412 4062 1802 4169 Calpurnios
1824 4080 2246 4170 persequitur
2263 4080 2459 4143 Joan-

450 4211 649 4274 avido
668 4212 982 4287 catalogum
1002 4213 1133 4268 Bibl.
1155 4214 1424 4272 beidands
1448 4232 1498 4268 a.
1526 4215 1663 4286 1716
1686 4213 1916 4283 editum,
1938 4233 1994 4288 p.
2021 4213 2141 4267 383.
