3200 5117
685 591 980 658 DEGL,
1003 591 1166 656 XII.
1215 591 1477 656 PASTI
1524 591 2073 672 QADAVERIS.
2295 594 2420 678 289

342 743 550 789 nemo
571 706 784 816 aquas
807 715 1133 790 infundet
1161 715 1236 786 in
1266 715 1612 787 cinerem?
1637 714 1851 813 quid?
1875 714 2062 812 quod
2093 716 2425 789 exstincto

341 834 601 933 populo
653 835 867 906 etiam
927 832 1389 906 novendialis¹
1455 832 1645 903 tarde
1690 830 1919 904 venit?
1971 831 2185 931 quid?
2238 832 2429 931 quod

330 948 485 1050 jam
517 976 645 1049 ego
678 951 1118 1021 frumentum
1159 975 1302 1019 non
1344 944 1710 1026 desidero?
1739 948 2073 1046 naufrago
2116 947 2426 1019 tabulam

341 1064 718 1153 abstulisti,
751 1084 1028 1134 mortuo
1048 1061 1352 1161 applicas
1380 1087 1668 1133 navem:
1702 1060 1999 1160 duplum
2021 1082 2153 1150 est,
2186 1062 2428 1134 infun'-

343 1178 428 1252 de
455 1178 528 1249 in
551 1178 896 1277 sepulcra,
925 1199 994 1248 et
1014 1175 1346 1248 admetire
1370 1175 1695 1247 tumulis:
1728 1176 1822 1247 ibi
1852 1197 2044 1266 sunt,
2070 1178 2192 1275 qui
2226 1204 2431 1248 man-

341 1292 701 1384 daverunt:
749 1290 920 1388 quid
966 1291 1161 1362 aliud
1206 1289 1494 1362 effecisti
1548 1290 1900 1363 afferendo
1952 1292 2425 1380 frumentum,

343 1434 557 1506 quam
599 1427 676 1477 ut
716 1432 878 1496 nos,
925 1405 1114 1504 quod
1157 1403 1386 1475 adhuc
1427 1404 1757 1493 fecimus,
1805 1405 2203 1505 poeniteret?
2238 1433 2431 1477 nunc

344 1549 456 1593 me
494 1520 711 1620 magis
741 1519 990 1618 pudet,
1021 1545 1208 1589 nunc
1242 1517 1432 1589 eibos
1462 1544 1652 1587 meos
1691 1517 2019 1615 objurgo,
2057 1519 2250 1616 potui
2279 1519 2430 1590 heri

343 1663 486 1708 non
521 1632 921 1706 comedisse.
2146 1645 2151 1650 ’

437 1751 692 1820 XXIV.
736 1748 803 1818 Ο
840 1748 1069 1836 nefas,
1110 1746 1184 1816 in
1224 1771 1366 1843 quo
1406 1770 1521 1816 me
1557 1744 1809 1816 scelere
1847 1749 2276 1821 commeatus
2314 1749 2429 1821 de-

343 1857 745 1964 prehendit?
785 1863 1039 1934 siccine
1072 1860 1266 1961 paria
1299 1858 1637 1932 fecimus?
1675 1861 1926 1934 Adhuc
1965 1861 2159 1932 nihil'
2182 1862 2431 1935 habui·

279 2032 286 2038 ·
343 1971 537 2068 mus,
573 1971 694 2049 sed
730 2003 918 2048 nunc
949 1976 1108 2048 licet
1140 2000 1553 2073 reponamus
1583 2001 1597 2044 ε
1646 1975 1803 2072 quis
1836 1995 2068 2046 autem
2110 2003 2427 2076 unquam

347 2090 661 2191 pensabit
693 2089 1073 2180 necessaria
1104 2087 1588 2186 supervacuis?
1621 2087 1922 2188 duplum
1955 2090 2275 2181 attulisti,
2309 2091 2429 2163 sed

343 2205 514 2294 illis,
545 2205 666 2303 qui
699 2204 1087 2303 perierunt,
1122 2200 1323 2272 nihil.
1360 2200 1497 2273 Sed
1527 2228 1670 2272 non
1701 2211 2069 2301 possumus
2092 2203 2248 2305 jam
2284 2232 2427 2279 non

340 2319 575 2390 fecisse
619 2317 809 2418 quod
852 2316 1181 2388 fecimus:
1228 2315 1349 2386 sed
1398 2315 1816 2414 plerumque
1861 2344 2010 2389 sera
2050 2345 2174 2416 pro
2217 2319 2428 2390 nullis

347 2455 542 2524 sunt,
580 2455 646 2504 et
680 2454 1079 2532 temporum
1118 2433 1245 2503 ista
1275 2431 1663 2503 'momentis
1709 2454 1829 2503 aut
1864 2432 2165 2531 pretiosa
2212 2434 2424 2523 fiunt,

340 2568 463 2617 aut
491 2546 678 2618 vilia.
715 2547 841 2618 Vis
867 2547 1038 2618 scire
1070 2565 1413 2642 quantum
1452 2545 1635 2617 inter
1665 2545 1811 2617 hoc'
1833 2568 2106 2648 tempus
2149 2551 2217 2620 et
2249 2549 2427 2621 illud

341 2659 646 2752 intersit!
679 2680 865 2731 tenta
890 2660 1106 2758 igitur
1128 2660 1360 2730 forum
1386 2679 1587 2730 tuum
1608 2716 1627 2749 ,
1658 2680 1879 2733 totum
1904 2662 2036 2734 hoc
2059 2690 2204 2734 non
2230 2684 2424 2762 potes

343 2773 642 2845 dimidio
679 2775 997 2846 vendere.
1033 2775 1357 2873 Superest
1387 2773 1616 2845 adhuc
1658 2801 1888 2846 unum
1923 2779 2421 2874 patrocinium,

342 2888 414 2958 in
447 2915 585 2987 quo
619 2916 771 2988 spes
806 2888 1034 2959 omnis
1066 2879 1443 2987 profligatae
1473 2913 1693 2959 causae
1721 2889 2067 2960 consistat:
2106 2891 2197 2961 ad
2231 2893 2421 2963 diem

340 3002 495 3075 veni
519 3032 532 3074 ε
555 3024 720 3076 state
738 3004 851 3075 hic
872 3024 1073 3094 certe,
1089 3001 1386 3104 judiceS,
1408 3030 1575 3074 nam
1591 3004 1754 3075 ferri
1777 3031 1920 3075 non
1935 3025 2186 3102 potest,
2214 3032 2421 3077 exun-

342 3120 459 3194 dat
488 3121 689 3193 altius
722 3121 955 3210 dolor,
993 3120 1335 3219 pudorem
1366 3119 1731 3219 publicum
1752 3178 1771 3211 ,
1807 3122 2119 3220 quamvis
2151 3122 2421 3223 projec-

343 3255 530 3324 tum,
567 3256 633 3307 et
655 3235 810 3335 jam
845 3234 1016 3305 olim
1049 3235 1442 3334 sepultum,
1486 3235 1848 3333 hucusque
1884 3235 2264 3334 protrahis?
2304 3264 2425 3309 cur

344 3375 485 3419 non
513 3350 1089 3449 exspectavimus?
1113 3377 1236 3421 cur
1257 3352 1519 3422 famem
1542 3378 1684 3423 non
1707 3352 1795 3424 ad
1820 3353 2273 3424 constitutum
2299 3353 2423 3424 dis-

344 3463 718 3536 tulimus2?
768 3492 891 3537 cur
932 3465 1022 3538 ad
1066 3487 1345 3537 tantum
1391 3467 1582 3538 nefas
1623 3466 2139 3554 accesssimus?‚'
2156 3470 2238 3539 In
2292 3467 2421 3539 hac

343 3578 537 3649 lance
554 3580 837 3679 publica
857 3608 1062 3653 causa
1079 3640 1097 3671 ,
1109 3580 1377 3682 judices
1391 3641 1409 3673 ,
1432 3583 1688 3681 pendet
1704 3642 1722 3673 ,
1744 3605 1864 3656 aut
1884 3586 2006 3656 iste
2022 3585 2213 3657 tarde
2227 3584 2419 3676 fecit,

244 3759 248 3764 ,
343 3715 464 3766 aut
485 3722 611 3767 nos
635 3696 805 3769 cito:
835 3697 969 3769 hoc
991 3696 1312 3771 videlicet
1331 3699 1757 3797 exspectasti,
1785 3721 1851 3772 et
1875 3727 1962 3772 ne
1991 3699 2018 3746 3
2037 3702 2421 3802 captiosum

420 3883 1136 3937 1.Novendiatss.Novendial
1147 3885 1342 3952 malim,
1423 3886 1560 3938 diem
1581 3887 1815 3941 tulimus.
1838 3889 1920 3942 Sic
1940 3907 2081 3940 nunc
2098 3889 2291 3958 passim
2314 3884 2423 3938 edi-

343 3972 404 4010 ut
435 3958 756 4030 intelligatur
776 3979 954 4028 coena,
988 3961 1054 4014 de
1089 3981 1194 4033 qua
1216 3965 1344 4034 Lip-
1424 3980 1526 4019 tur.
1556 3970 1626 4020 At
1654 3969 1781 4021 olim
1807 3992 1818 4021 :
1849 3973 1956 4022 Cur
1975 3969 2181 4039 famem
2217 3987 2323 4020 uon
2354 3968 2424 4018 ad

343 4044 451 4094 sius
472 4040 717 4094 ad'l'acit.
745 4044 882 4095 Ann.
901 4046 999 4107 vl,
1026 4060 1104 4112 ¹9·
1122 4044 1340 4096 senet-r.
1422 4049 1758 4099 constitutum
1778 4046 2105 4100 distulimus?
2117 4045 2277 4114 Quod
2298 4046 2426 4097 mihi

343 4120 731 4185 Sacrificulum,
779 4123 870 4192 qui
906 4119 1219 4172 novendiale
1260 4141 1344 4174 sa·
1422 4124 1590 4177 multo
1629 4126 1934 4196 elegantius.
1961 4124 2340 4177 Videohserv.
2368 4125 2428 4190 1,

343 4220 489 4254 crum
513 4203 666 4270 facit,
690 4202 932 4273 intelligit
953 4202 1164 4254 Badius.
1429 4220 1471 4255 1.
1498 4203 1734 4257 Gnouov.

418 4298 464 4332 2.
477 4282 791 4353 Can-famem
808 4299 912 4334 non
929 4280 1000 4332 ad
1011 4283 1342 4335 constitutum
1495 4281 1543 4332 3.
1565 4283 1649 4334 Ne
1667 4283 1953 4355 captiosum
1973 4297 2122 4351 esset,
2139 4299 2238 4339 etc.
2261 4289 2421 4354 Puto,

558 4370 606 4423 5.
1005 4399 1014 4416 x
1846 4419 1865 4430 .,
2099 4391 2158 4442 ¹9
