<?xml version="1.0" encoding="UTF-8"?>
<!DOCTYPE html PUBLIC "-//W3C//DTD XHTML 1.0 Transitional//EN"
    "http://www.w3.org/TR/xhtml1/DTD/xhtml1-transitional.dtd">
<html xmlns="http://www.w3.org/1999/xhtml" xml:lang="en" lang="en">
 <head>
  <title>
</title>
<meta http-equiv="Content-Type" content="text/html;charset=utf-8" />
  <meta name='ocr-system' content='tesseract 3.04.00' />
  <meta name='ocr-capabilities' content='ocr_page ocr_carea ocr_par ocr_line ocrx_word'/>
</head>
<body>
  <div class='ocr_page' id='page_1' title='image "./deinstitutioneo01flacgoog_0336.png"; bbox 0 0 3200 5117; ppageno 0'>
   <div class='ocr_carea' id='block_1_1' title="bbox 1299 545 2363 630">
    <p class='ocr_par' dir='ltr' id='par_1_1' title="bbox 1299 545 2363 630">
     <span class='ocr_line' id='line_1_1' title="bbox 1299 545 2363 630; baseline -0.004 -16"><span class='ocrx_word' id='word_1_1' title='bbox 1299 551 1387 614; x_wconf 73' lang='lat' dir='ltr'>M.</span> <span class='ocrx_word' id='word_1_2' title='bbox 1439 550 1684 614; x_wconf 76' lang='lat' dir='ltr'>FABII</span> <span class='ocrx_word' id='word_1_3' title='bbox 1731 545 2363 630; x_wconf 73' lang='lat' dir='ltr'><strong>QL&#39;INTILIA&#39;SI</strong></span> 
     </span>
    </p>
   </div>
   <div class='ocr_carea' id='block_1_2' title="bbox 763 661 2869 2602">
    <p class='ocr_par' dir='ltr' id='par_1_2' title="bbox 763 661 2869 2602">
     <span class='ocr_line' id='line_1_2' title="bbox 784 661 2869 772; baseline -0.002 -24"><span class='ocrx_word' id='word_1_4' title='bbox 784 679 1010 766; x_wconf 86' lang='lat' dir='ltr'>cibos,</span> <span class='ocrx_word' id='word_1_5' title='bbox 1038 674 1225 772; x_wconf 86' lang='lat' dir='ltr'>quod</span> <span class='ocrx_word' id='word_1_6' title='bbox 1254 676 1384 745; x_wconf 87' lang='lat' dir='ltr'>aris</span> <span class='ocrx_word' id='word_1_7' title='bbox 1408 674 1643 744; x_wconf 88' lang='lat' dir='ltr'>altaria</span> <span class='ocrx_word' id='word_1_8' title='bbox 1670 698 1812 742; x_wconf 90' lang='lat' dir='ltr'>non</span> <span class='ocrx_word' id='word_1_9' title='bbox 1842 686 1857 714; x_wconf 88' lang='lat'><em>¹</em></span> <span class='ocrx_word' id='word_1_10' title='bbox 1894 672 2387 771; x_wconf 83' lang='lat' dir='ltr'>imposuimus,</span> <span class='ocrx_word' id='word_1_11' title='bbox 2416 671 2605 767; x_wconf 87' lang='lat' dir='ltr'>quod</span> <span class='ocrx_word' id='word_1_12' title='bbox 2634 661 2869 771; x_wconf 68' lang='lat' dir='ltr'>popu·</span> 
     </span>
     <span class='ocr_line' id='line_1_3' title="bbox 784 785 2865 887; baseline -0.002 -26"><span class='ocrx_word' id='word_1_13' title='bbox 784 792 889 862; x_wconf 89' lang='lat' dir='ltr'>lus</span> <span class='ocrx_word' id='word_1_14' title='bbox 923 790 1324 887; x_wconf 81' lang='lat' dir='ltr'>corporibus</span> <span class='ocrx_word' id='word_1_15' title='bbox 1355 789 1492 858; x_wconf 90' lang='lat' dir='ltr'>suis</span> <span class='ocrx_word' id='word_1_16' title='bbox 1523 787 1664 856; x_wconf 91' lang='lat' dir='ltr'>vias</span> <span class='ocrx_word' id='word_1_17' title='bbox 1700 786 1962 874; x_wconf 83' lang='lat' dir='ltr'>stravit,</span> <span class='ocrx_word' id='word_1_18' title='bbox 1999 785 2185 883; x_wconf 91' lang='lat' dir='ltr'>quod</span> <span class='ocrx_word' id='word_1_19' title='bbox 2223 786 2621 872; x_wconf 76' lang='lat' dir='ltr'>mendicu5‚</span> <span class='ocrx_word' id='word_1_20' title='bbox 2652 812 2865 884; x_wconf 90' lang='lat' dir='ltr'>quem</span> 
     </span>
     <span class='ocr_line' id='line_1_4' title="bbox 785 899 2864 1001; baseline -0.003 -26"><span class='ocrx_word' id='word_1_21' title='bbox 785 927 1080 1001; x_wconf 75' lang='lat' dir='ltr'>rogaret,</span> <span class='ocrx_word' id='word_1_22' title='bbox 1111 930 1250 974; x_wconf 90' lang='lat' dir='ltr'>non</span> <span class='ocrx_word' id='word_1_23' title='bbox 1275 901 1551 972; x_wconf 89' lang='lat' dir='ltr'>habuit:</span> <span class='ocrx_word' id='word_1_24' title='bbox 1588 927 1727 969; x_wconf 93' lang='lat' dir='ltr'>non</span> <span class='ocrx_word' id='word_1_25' title='bbox 1752 899 2077 998; x_wconf 87' lang='lat' dir='ltr'>objiciam</span> <span class='ocrx_word' id='word_1_26' title='bbox 2104 900 2227 969; x_wconf 91' lang='lat' dir='ltr'>tibi</span> <span class='ocrx_word' id='word_1_27' title='bbox 2250 900 2530 969; x_wconf 87' lang='lat' dir='ltr'>famem.</span> <span class='ocrx_word' id='word_1_28' title='bbox 2562 901 2631 970; x_wconf 92' lang='grc' dir='ltr'>Ο</span> <span class='ocrx_word' id='word_1_29' title='bbox 2657 901 2864 971; x_wconf 87' lang='lat' dir='ltr'>tristis</span> 
     </span>
     <span class='ocr_line' id='line_1_5' title="bbox 784 1012 2859 1109; baseline -0.004 -20"><span class='ocrx_word' id='word_1_30' title='bbox 784 1020 1194 1104; x_wconf 81' lang='lat' dir='ltr'>recordatio,</span> <span class='ocrx_word' id='word_1_31' title='bbox 1240 1044 1280 1087; x_wconf 94' lang='lat' dir='ltr'>o</span> <span class='ocrx_word' id='word_1_32' title='bbox 1330 1015 1682 1086; x_wconf 90' lang='lat' dir='ltr'>tormentis</span> <span class='ocrx_word' id='word_1_33' title='bbox 1731 1012 2056 1082; x_wconf 89' lang='lat' dir='ltr'>omnibus</span> <span class='ocrx_word' id='word_1_34' title='bbox 2104 1013 2520 1083; x_wconf 87' lang='lat' dir='ltr'>conscientia</span> <span class='ocrx_word' id='word_1_35' title='bbox 2562 1012 2859 1109; x_wconf 80' lang='lat' dir='ltr'>gravior!</span> 
     </span>
     <span class='ocr_line' id='line_1_6' title="bbox 785 1125 2862 1231; baseline -0.002 -28"><span class='ocrx_word' id='word_1_36' title='bbox 785 1160 1027 1231; x_wconf 89' lang='lat' dir='ltr'>rumpe</span> <span class='ocrx_word' id='word_1_37' title='bbox 1049 1135 1349 1202; x_wconf 89' lang='lat' dir='ltr'>ferreum</span> <span class='ocrx_word' id='word_1_38' title='bbox 1373 1150 1608 1227; x_wconf 91' lang='lat' dir='ltr'>pectus</span> <span class='ocrx_word' id='word_1_39' title='bbox 1628 1185 1646 1215; x_wconf 82' lang='lat'>‚</span> <span class='ocrx_word' id='word_1_40' title='bbox 1670 1148 1734 1196; x_wconf 92' lang='lat' dir='ltr'>et</span> <span class='ocrx_word' id='word_1_41' title='bbox 1753 1126 2060 1197; x_wconf 88' lang='lat' dir='ltr'>ardentia</span> <span class='ocrx_word' id='word_1_42' title='bbox 2079 1141 2101 1168; x_wconf 78' lang='lat'><em>²</em></span> <span class='ocrx_word' id='word_1_43' title='bbox 2130 1125 2406 1214; x_wconf 79' lang='lat' dir='ltr'>scelera,</span> <span class='ocrx_word' id='word_1_44' title='bbox 2428 1127 2862 1223; x_wconf 79' lang='lat' dir='ltr'>viventesque</span> 
     </span>
     <span class='ocr_line' id='line_1_7' title="bbox 778 1238 2864 1342; baseline -0.003 -26"><span class='ocrx_word' id='word_1_45' title='bbox 778 1249 962 1317; x_wconf 84' lang='lat' dir='ltr'>intus</span> <span class='ocrx_word' id='word_1_46' title='bbox 997 1245 1234 1342; x_wconf 84' lang='lat' dir='ltr'>epulas</span> <span class='ocrx_word' id='word_1_47' title='bbox 1277 1263 1544 1312; x_wconf 80' lang='lat' dir='ltr'>excute:</span> <span class='ocrx_word' id='word_1_48' title='bbox 1584 1239 1926 1312; x_wconf 85' lang='lat' dir='ltr'>luctantur</span> <span class='ocrx_word' id='word_1_49' title='bbox 1970 1238 2147 1309; x_wconf 89' lang='lat' dir='ltr'>intra</span> <span class='ocrx_word' id='word_1_50' title='bbox 2178 1240 2434 1309; x_wconf 87' lang='lat' dir='ltr'>viscera</span> <span class='ocrx_word' id='word_1_51' title='bbox 2474 1240 2762 1328; x_wconf 69' lang='lat' dir='ltr'>animae,</span> <span class='ocrx_word' id='word_1_52' title='bbox 2797 1263 2864 1310; x_wconf 90' lang='lat' dir='ltr'>et</span> 
     </span>
     <span class='ocr_line' id='line_1_8' title="bbox 780 1353 2862 1452; baseline -0.002 -20"><span class='ocrx_word' id='word_1_53' title='bbox 780 1385 1052 1432; x_wconf 90' lang='lat' dir='ltr'>uterum</span> <span class='ocrx_word' id='word_1_54' title='bbox 1092 1359 1454 1429; x_wconf 81' lang='lat' dir='ltr'>funeribus</span> <span class='ocrx_word' id='word_1_55' title='bbox 1489 1356 1850 1452; x_wconf 76' lang='lat' dir='ltr'>gravidum</span> <span class='ocrx_word' id='word_1_56' title='bbox 1889 1377 2138 1425; x_wconf 88' lang='lat' dir='ltr'>mortes</span> <span class='ocrx_word' id='word_1_57' title='bbox 2171 1353 2466 1450; x_wconf 75' lang='lat' dir='ltr'>agun13:</span> <span class='ocrx_word' id='word_1_58' title='bbox 2506 1355 2862 1428; x_wconf 86' lang='lat' dir='ltr'>credibiles</span> 
     </span>
     <span class='ocr_line' id='line_1_9' title="bbox 779 1471 2860 1562; baseline -0.003 -14"><span class='ocrx_word' id='word_1_59' title='bbox 779 1477 1047 1548; x_wconf 87' lang='lat' dir='ltr'>fabulas</span> <span class='ocrx_word' id='word_1_60' title='bbox 1090 1476 1420 1562; x_wconf 83' lang='lat' dir='ltr'>fecimus,</span> <span class='ocrx_word' id='word_1_61' title='bbox 1473 1472 1705 1542; x_wconf 88' lang='lat' dir='ltr'>felices</span> <span class='ocrx_word' id='word_1_62' title='bbox 1757 1472 2096 1558; x_wconf 77' lang='lat' dir='ltr'>miseria5‚</span> <span class='ocrx_word' id='word_1_63' title='bbox 2145 1471 2394 1541; x_wconf 87' lang='lat' dir='ltr'>scelera</span> <span class='ocrx_word' id='word_1_64' title='bbox 2445 1471 2860 1542; x_wconf 89' lang='lat' dir='ltr'>innocentia.</span> 
     </span>
     <span class='ocr_line' id='line_1_10' title="bbox 763 1586 2862 1691; baseline -0.002 -29"><span class='ocrx_word' id='word_1_65' title='bbox 763 1593 1047 1691; x_wconf 32' lang='lat' dir='ltr'>‘Omnes</span> <span class='ocrx_word' id='word_1_66' title='bbox 1066 1649 1083 1678; x_wconf 83' lang='lat'><strong>‚</strong></span> <span class='ocrx_word' id='word_1_67' title='bbox 1111 1615 1560 1687; x_wconf 87' lang='lat' dir='ltr'>quascunque</span> <span class='ocrx_word' id='word_1_68' title='bbox 1601 1586 1821 1657; x_wconf 82' lang='lat' dir='ltr'>clades</span> <span class='ocrx_word' id='word_1_69' title='bbox 1848 1589 2032 1656; x_wconf 89' lang='lat' dir='ltr'>fama</span> <span class='ocrx_word' id='word_1_70' title='bbox 2057 1586 2359 1684; x_wconf 78' lang='lat' dir='ltr'>vulgavit</span> <span class='ocrx_word' id='word_1_71' title='bbox 2380 1643 2397 1674; x_wconf 85' lang='lat'>,</span> <span class='ocrx_word' id='word_1_72' title='bbox 2438 1588 2673 1658; x_wconf 85' lang='lat' dir='ltr'>solatia</span> <span class='ocrx_word' id='word_1_73' title='bbox 2702 1589 2862 1658; x_wconf 91' lang='lat' dir='ltr'>hinc</span> 
     </span>
     <span class='ocr_line' id='line_1_11' title="bbox 781 1702 2860 1803; baseline -0.001 -26"><span class='ocrx_word' id='word_1_74' title='bbox 781 1727 1052 1803; x_wconf 89' lang='lat' dir='ltr'>petant:</span> <span class='ocrx_word' id='word_1_75' title='bbox 1107 1705 1270 1775; x_wconf 85' lang='lat' dir='ltr'>hinc</span> <span class='ocrx_word' id='word_1_76' title='bbox 1319 1702 1607 1774; x_wconf 88' lang='lat' dir='ltr'>audient</span> <span class='ocrx_word' id='word_1_77' title='bbox 1652 1703 1907 1773; x_wconf 90' lang='lat' dir='ltr'>occisos</span> <span class='ocrx_word' id='word_1_78' title='bbox 1949 1702 2096 1772; x_wconf 89' lang='lat' dir='ltr'>sine</span> <span class='ocrx_word' id='word_1_79' title='bbox 2146 1703 2519 1800; x_wconf 78' lang='lat' dir='ltr'>sanguine,</span> <span class='ocrx_word' id='word_1_80' title='bbox 2560 1703 2860 1802; x_wconf 82' lang='lat' dir='ltr'>sepultos</span> 
     </span>
     <span class='ocr_line' id='line_1_12' title="bbox 775 1816 2862 1916; baseline -0.001 -28"><span class='ocrx_word' id='word_1_81' title='bbox 775 1821 922 1890; x_wconf 75' lang='lat' dir='ltr'>sine</span> <span class='ocrx_word' id='word_1_82' title='bbox 961 1818 1236 1916; x_wconf 75' lang='lat' dir='ltr'>ignibus</span> <span class='ocrx_word' id='word_1_83' title='bbox 1271 1818 1476 1888; x_wconf 88' lang='lat' dir='ltr'>cibos.</span> <span class='ocrx_word' id='word_1_84' title='bbox 1515 1818 1586 1887; x_wconf 84' lang='lat' dir='ltr'>Si</span> <span class='ocrx_word' id='word_1_85' title='bbox 1623 1817 1782 1912; x_wconf 88' lang='lat' dir='ltr'>quis</span> <span class='ocrx_word' id='word_1_86' title='bbox 1814 1817 2140 1886; x_wconf 90' lang='lat' dir='ltr'>mentitus</span> <span class='ocrx_word' id='word_1_87' title='bbox 2174 1838 2270 1887; x_wconf 89' lang='lat' dir='ltr'>est</span> <span class='ocrx_word' id='word_1_88' title='bbox 2302 1816 2667 1914; x_wconf 82' lang='lat' dir='ltr'>CyclopaS,</span> <span class='ocrx_word' id='word_1_89' title='bbox 2700 1819 2862 1887; x_wconf 82' lang='lat' dir='ltr'>Lae-</span> 
     </span>
     <span class='ocr_line' id='line_1_13' title="bbox 776 1929 2866 2030; baseline -0.001 -26"><span class='ocrx_word' id='word_1_90' title='bbox 776 1955 1127 2030; x_wconf 80' lang='lat' dir='ltr'>strygonas</span> <span class='ocrx_word' id='word_1_91' title='bbox 1147 1991 1164 2021; x_wconf 84' lang='lat'>‚</span> <span class='ocrx_word' id='word_1_92' title='bbox 1198 1929 1574 2030; x_wconf 73' lang='lat' dir='ltr'>Sphingas‚</span> <span class='ocrx_word' id='word_1_93' title='bbox 1600 1951 1719 2000; x_wconf 85' lang='lat' dir='ltr'>aut</span> <span class='ocrx_word' id='word_1_94' title='bbox 1747 1930 2199 2026; x_wconf 62' lang='lat' dir='ltr'>inguinibu54</span> <span class='ocrx_word' id='word_1_95' title='bbox 2232 1930 2515 2028; x_wconf 75' lang='lat' dir='ltr'>virginis</span> <span class='ocrx_word' id='word_1_96' title='bbox 2542 1930 2866 2002; x_wconf 86' lang='lat' dir='ltr'>latratum</span> 
     </span>
     <span class='ocr_line' id='line_1_14' title="bbox 781 2043 2863 2140; baseline 0 -24"><span class='ocrx_word' id='word_1_97' title='bbox 781 2046 1025 2117; x_wconf 73' lang='lat' dir='ltr'>Siciliae</span> <span class='ocrx_word' id='word_1_98' title='bbox 1058 2046 1220 2115; x_wconf 87' lang='lat' dir='ltr'>litus</span> <span class='ocrx_word' id='word_1_99' title='bbox 1284 2066 1807 2140; x_wconf 81' lang='lat' dir='ltr'>etquaecunque</span> <span class='ocrx_word' id='word_1_100' title='bbox 1838 2043 2041 2113; x_wconf 87' lang='lat' dir='ltr'>miser</span> <span class='ocrx_word' id='word_1_101' title='bbox 2072 2043 2287 2114; x_wconf 89' lang='lat' dir='ltr'>didici</span> <span class='ocrx_word' id='word_1_102' title='bbox 2321 2045 2550 2132; x_wconf 83' lang='lat' dir='ltr'>domi,</span> <span class='ocrx_word' id='word_1_103' title='bbox 2586 2046 2863 2116; x_wconf 85' lang='lat' dir='ltr'>comites</span> 
     </span>
     <span class='ocr_line' id='line_1_15' title="bbox 777 2155 2864 2255; baseline 0.001 -29"><span class='ocrx_word' id='word_1_104' title='bbox 777 2187 1003 2255; x_wconf 75' lang='lat' dir='ltr'>quaero</span> <span class='ocrx_word' id='word_1_105' title='bbox 1027 2219 1042 2246; x_wconf 83' lang='lat'>,</span> <span class='ocrx_word' id='word_1_106' title='bbox 1077 2160 1238 2229; x_wconf 90' lang='lat' dir='ltr'>hinc</span> <span class='ocrx_word' id='word_1_107' title='bbox 1270 2179 1764 2254; x_wconf 79' lang='lat' dir='ltr'>argumentum</span> <span class='ocrx_word' id='word_1_108' title='bbox 1786 2215 1804 2246; x_wconf 86' lang='lat'>,</span> <span class='ocrx_word' id='word_1_109' title='bbox 1833 2155 2000 2227; x_wconf 89' lang='lat' dir='ltr'>hinc</span> <span class='ocrx_word' id='word_1_110' title='bbox 2027 2156 2237 2228; x_wconf 83' lang='lat' dir='ltr'>fidem</span> <span class='ocrx_word' id='word_1_111' title='bbox 2263 2158 2618 2255; x_wconf 83' lang='lat' dir='ltr'>accipiant.</span> <span class='ocrx_word' id='word_1_112' title='bbox 2648 2160 2864 2248; x_wconf 84' lang='lat' dir='ltr'>Quae-</span> 
     </span>
     <span class='ocr_line' id='line_1_16' title="bbox 775 2271 2863 2371; baseline 0 -26"><span class='ocrx_word' id='word_1_113' title='bbox 775 2277 936 2345; x_wconf 83' lang='lat' dir='ltr'>dam</span> <span class='ocrx_word' id='word_1_114' title='bbox 973 2275 1170 2371; x_wconf 88' lang='lat' dir='ltr'>plane</span> <span class='ocrx_word' id='word_1_115' title='bbox 1203 2273 1372 2343; x_wconf 84' lang='lat' dir='ltr'>falsa</span> <span class='ocrx_word' id='word_1_116' title='bbox 1407 2295 1606 2343; x_wconf 85' lang='lat' dir='ltr'>sunt:</span> <span class='ocrx_word' id='word_1_117' title='bbox 1644 2271 1742 2342; x_wconf 88' lang='lat' dir='ltr'>sol</span> <span class='ocrx_word' id='word_1_118' title='bbox 1780 2272 1850 2341; x_wconf 90' lang='lat' dir='ltr'>in</span> <span class='ocrx_word' id='word_1_119' title='bbox 1886 2294 2035 2342; x_wconf 87' lang='lat' dir='ltr'>ortu</span> <span class='ocrx_word' id='word_1_120' title='bbox 2068 2301 2192 2343; x_wconf 90' lang='lat' dir='ltr'>suo</span> <span class='ocrx_word' id='word_1_121' title='bbox 2227 2300 2369 2344; x_wconf 89' lang='lat' dir='ltr'>non</span> <span class='ocrx_word' id='word_1_122' title='bbox 2406 2275 2695 2365; x_wconf 84' lang='lat' dir='ltr'>occidit,</span> <span class='ocrx_word' id='word_1_123' title='bbox 2736 2301 2863 2346; x_wconf 89' lang='lat' dir='ltr'>nec</span> 
     </span>
     <span class='ocr_line' id='line_1_17' title="bbox 772 2387 2862 2483; baseline 0.002 -27"><span class='ocrx_word' id='word_1_124' title='bbox 772 2388 856 2457; x_wconf 87' lang='lat' dir='ltr'>ad</span> <span class='ocrx_word' id='word_1_125' title='bbox 893 2388 1359 2457; x_wconf 86' lang='lat' dir='ltr'>humanorum</span> <span class='ocrx_word' id='word_1_126' title='bbox 1396 2388 1731 2456; x_wconf 81' lang='lat' dir='ltr'>viscerum</span> <span class='ocrx_word' id='word_1_127' title='bbox 1766 2387 1998 2483; x_wconf 85' lang='lat' dir='ltr'>epulas</span> <span class='ocrx_word' id='word_1_128' title='bbox 2033 2388 2223 2459; x_wconf 89' lang='lat' dir='ltr'>diem</span> <span class='ocrx_word' id='word_1_129' title='bbox 2256 2390 2493 2459; x_wconf 86' lang='lat' dir='ltr'>vertit:</span> <span class='ocrx_word' id='word_1_130' title='bbox 2532 2389 2706 2461; x_wconf 80' lang='lat' dir='ltr'>vidit</span> <span class='ocrx_word' id='word_1_131' title='bbox 2737 2415 2862 2461; x_wconf 84' lang='lat' dir='ltr'>nos</span> 
     </span>
     <span class='ocr_line' id='line_1_18' title="bbox 777 2501 2863 2602; baseline 0.001 -30"><span class='ocrx_word' id='word_1_132' title='bbox 777 2502 1176 2575; x_wconf 83' lang='lat' dir='ltr'>vulneribus</span> <span class='ocrx_word' id='word_1_133' title='bbox 1202 2523 1425 2600; x_wconf 86' lang='lat' dir='ltr'>pastos</span> <span class='ocrx_word' id='word_1_134' title='bbox 1444 2501 1469 2545; x_wconf 77' lang='lat'><strong>5</strong></span> <span class='ocrx_word' id='word_1_135' title='bbox 1492 2560 1509 2590; x_wconf 85' lang='lat'>‚</span> <span class='ocrx_word' id='word_1_136' title='bbox 1536 2523 1604 2573; x_wconf 84' lang='lat' dir='ltr'>et</span> <span class='ocrx_word' id='word_1_137' title='bbox 1628 2502 1715 2572; x_wconf 89' lang='lat' dir='ltr'>ad</span> <span class='ocrx_word' id='word_1_138' title='bbox 1743 2503 2104 2575; x_wconf 87' lang='lat' dir='ltr'>eviscerata</span> <span class='ocrx_word' id='word_1_139' title='bbox 2130 2532 2417 2602; x_wconf 85' lang='lat' dir='ltr'>corpora</span> <span class='ocrx_word' id='word_1_140' title='bbox 2443 2504 2687 2577; x_wconf 84' lang='lat' dir='ltr'>illuxit.</span> <span class='ocrx_word' id='word_1_141' title='bbox 2719 2509 2863 2576; x_wconf 92' lang='lat' dir='ltr'>Pu-</span> 
     </span>
    </p>
   </div>
   <div class='ocr_carea' id='block_1_3' title="bbox 791 579 911 642">
    <p class='ocr_par' dir='ltr' id='par_1_3' title="bbox 791 579 911 642">
     <span class='ocr_line' id='line_1_19' title="bbox 791 579 911 642; baseline 0 -25"><span class='ocrx_word' id='word_1_142' title='bbox 791 579 911 642; x_wconf 74' lang='lat'>292</span> 
     </span>
    </p>
   </div>
   <div class='ocr_carea' id='block_1_4' title="bbox 858 2732 1775 2784">
    <p class='ocr_par' dir='ltr' id='par_1_4' title="bbox 858 2732 1775 2784">
     <span class='ocr_line' id='line_1_20' title="bbox 858 2732 1775 2784; baseline 0 0"><span class='ocrx_word' id='word_1_143' title='bbox 858 2753 896 2784; x_wconf 88' lang='grc' dir='ltr'>ι.</span> <span class='ocrx_word' id='word_1_144' title='bbox 949 2735 1064 2784; x_wconf 77' lang='lat' dir='ltr'>Aris</span> <span class='ocrx_word' id='word_1_145' title='bbox 1104 2732 1291 2784; x_wconf 79' lang='lat' dir='ltr'>altaria</span> <span class='ocrx_word' id='word_1_146' title='bbox 1333 2752 1454 2783; x_wconf 80' lang='lat' dir='ltr'>non.</span> <span class='ocrx_word' id='word_1_147' title='bbox 1496 2735 1775 2784; x_wconf 78' lang='lat' dir='ltr'>Ascensius</span> 
     </span>
    </p>
   </div>
   <div class='ocr_carea' id='block_1_5' title="bbox 1934 2735 2864 2799">
    <p class='ocr_par' dir='ltr' id='par_1_5' title="bbox 1934 2735 2864 2799">
     <span class='ocr_line' id='line_1_21' title="bbox 1934 2735 2864 2799; baseline 0.002 -15"><span class='ocrx_word' id='word_1_148' title='bbox 1934 2753 1977 2785; x_wconf 83' lang='lat'>2.</span> <span class='ocrx_word' id='word_1_149' title='bbox 1994 2736 2260 2786; x_wconf 81' lang='lat' dir='ltr'>Ardentia.</span> <span class='ocrx_word' id='word_1_150' title='bbox 2283 2735 2464 2787; x_wconf 75' lang='lat' dir='ltr'>Malim</span> <span class='ocrx_word' id='word_1_151' title='bbox 2476 2774 2491 2799; x_wconf 89' lang='lat'><strong>‚</strong></span> <span class='ocrx_word' id='word_1_152' title='bbox 2509 2736 2758 2789; x_wconf 72' lang='lat' dir='ltr'>radentia.</span> <span class='ocrx_word' id='word_1_153' title='bbox 2776 2737 2864 2787; x_wconf 79' lang='lat' dir='ltr'>Ni-</span> 
     </span>
    </p>
   </div>
   <div class='ocr_carea' id='block_1_6' title="bbox 777 2811 1786 4296">
    <p class='ocr_par' dir='ltr' id='par_1_6' title="bbox 777 2811 1786 4296">
     <span class='ocr_line' id='line_1_22' title="bbox 782 2811 1777 2882; baseline 0 -20"><span class='ocrx_word' id='word_1_154' title='bbox 782 2812 1031 2882; x_wconf 78' lang='lat' dir='ltr'>cxplicnt.,</span> <span class='ocrx_word' id='word_1_155' title='bbox 1058 2811 1202 2881; x_wconf 79' lang='lat' dir='ltr'>quod</span> <span class='ocrx_word' id='word_1_156' title='bbox 1226 2814 1354 2874; x_wconf 79' lang='lat' dir='ltr'>aris,</span> <span class='ocrx_word' id='word_1_157' title='bbox 1381 2812 1573 2882; x_wconf 84' lang='lat' dir='ltr'>quibus</span> <span class='ocrx_word' id='word_1_158' title='bbox 1600 2815 1777 2862; x_wconf 83' lang='lat' dir='ltr'>iul&#39;eris</span> 
     </span>
     <span class='ocr_line' id='line_1_23' title="bbox 778 2891 1776 2960; baseline 0 -19"><span class='ocrx_word' id='word_1_159' title='bbox 778 2891 876 2942; x_wconf 79' lang='lat' dir='ltr'>diis</span> <span class='ocrx_word' id='word_1_160' title='bbox 895 2909 1038 2942; x_wconf 77' lang='lat' dir='ltr'>sacra</span> <span class='ocrx_word' id='word_1_161' title='bbox 1060 2891 1278 2956; x_wconf 78' lang='lat' dir='ltr'>fiebant,</span> <span class='ocrx_word' id='word_1_162' title='bbox 1302 2908 1408 2941; x_wconf 88' lang='lat' dir='ltr'>non</span> <span class='ocrx_word' id='word_1_163' title='bbox 1430 2892 1776 2960; x_wconf 81' lang='lat' dir='ltr'>imposuimus</span> 
     </span>
     <span class='ocr_line' id='line_1_24' title="bbox 777 2971 1778 3043; baseline -0.002 -21"><span class='ocrx_word' id='word_1_164' title='bbox 777 2972 988 3036; x_wconf 80' lang='lat' dir='ltr'>altaria,</span> <span class='ocrx_word' id='word_1_165' title='bbox 1011 2971 1202 3043; x_wconf 83' lang='lat' dir='ltr'>quibus</span> <span class='ocrx_word' id='word_1_166' title='bbox 1223 2974 1423 3042; x_wconf 80' lang='lat' dir='ltr'>superis</span> <span class='ocrx_word' id='word_1_167' title='bbox 1447 2972 1778 3023; x_wconf 79' lang='lat' dir='ltr'>sacrificaba-</span> 
     </span>
     <span class='ocr_line' id='line_1_25' title="bbox 778 3051 1778 3124; baseline -0.004 -20"><span class='ocrx_word' id='word_1_168' title='bbox 778 3067 889 3118; x_wconf 81' lang='lat' dir='ltr'>tur,</span> <span class='ocrx_word' id='word_1_169' title='bbox 935 3073 1045 3124; x_wconf 74' lang='lat' dir='ltr'>qua·</span> <span class='ocrx_word' id='word_1_170' title='bbox 1084 3051 1350 3104; x_wconf 70' lang='lat' dir='ltr'>distinctio</span> <span class='ocrx_word' id='word_1_171' title='bbox 1393 3053 1604 3123; x_wconf 80' lang='lat' dir='ltr'>quidem</span> <span class='ocrx_word' id='word_1_172' title='bbox 1643 3054 1778 3102; x_wconf 85' lang='lat' dir='ltr'>inter</span> 
     </span>
     <span class='ocr_line' id='line_1_26' title="bbox 778 3130 1776 3190; baseline -0.002 -10"><span class='ocrx_word' id='word_1_173' title='bbox 778 3150 890 3182; x_wconf 79' lang='lat' dir='ltr'>aras</span> <span class='ocrx_word' id='word_1_174' title='bbox 910 3146 958 3182; x_wconf 80' lang='lat' dir='ltr'>et</span> <span class='ocrx_word' id='word_1_175' title='bbox 980 3130 1167 3181; x_wconf 78' lang='lat' dir='ltr'>altaria</span> <span class='ocrx_word' id='word_1_176' title='bbox 1184 3133 1453 3182; x_wconf 74' lang='lat' dir='ltr'>notissima</span> <span class='ocrx_word' id='word_1_177' title='bbox 1470 3144 1577 3190; x_wconf 55' lang='lat' dir='ltr'>esu</span> <span class='ocrx_word' id='word_1_178' title='bbox 1601 3133 1776 3181; x_wconf 81' lang='lat' dir='ltr'>nescio</span> 
     </span>
     <span class='ocr_line' id='line_1_27' title="bbox 781 3211 1784 3281; baseline -0.002 -18"><span class='ocrx_word' id='word_1_179' title='bbox 781 3227 951 3264; x_wconf 86' lang='lat' dir='ltr'>tamen</span> <span class='ocrx_word' id='word_1_180' title='bbox 988 3232 1054 3263; x_wconf 83' lang='lat' dir='ltr'>an</span> <span class='ocrx_word' id='word_1_181' title='bbox 1079 3211 1181 3262; x_wconf 91' lang='lat' dir='ltr'>hoc</span> <span class='ocrx_word' id='word_1_182' title='bbox 1203 3212 1324 3263; x_wconf 85' lang='lat' dir='ltr'>velit</span> <span class='ocrx_word' id='word_1_183' title='bbox 1348 3235 1358 3261; x_wconf 92' lang='lat'><strong>:</strong></span> <span class='ocrx_word' id='word_1_184' title='bbox 1393 3231 1515 3262; x_wconf 82' lang='lat' dir='ltr'>nam</span> <span class='ocrx_word' id='word_1_185' title='bbox 1544 3213 1661 3281; x_wconf 86' lang='lat' dir='ltr'>quis</span> <span class='ocrx_word' id='word_1_186' title='bbox 1684 3231 1784 3261; x_wconf 89' lang='lat' dir='ltr'>un-</span> 
     </span>
     <span class='ocr_line' id='line_1_28' title="bbox 782 3294 1784 3365; baseline 0 -23"><span class='ocrx_word' id='word_1_187' title='bbox 782 3314 940 3365; x_wconf 84' lang='lat' dir='ltr'>quam</span> <span class='ocrx_word' id='word_1_188' title='bbox 960 3294 1082 3362; x_wconf 71' lang='lat' dir='ltr'>lcgit</span> <span class='ocrx_word' id='word_1_189' title='bbox 1104 3295 1177 3343; x_wconf 82' lang='lat' dir='ltr'>ita</span> <span class='ocrx_word' id='word_1_190' title='bbox 1195 3294 1388 3343; x_wconf 81' lang='lat' dir='ltr'>factum</span> <span class='ocrx_word' id='word_1_191' title='bbox 1407 3295 1595 3342; x_wconf 77' lang='lat' dir='ltr'>fuisse?</span> <span class='ocrx_word' id='word_1_192' title='bbox 1622 3311 1784 3362; x_wconf 88' lang='lat' dir='ltr'>quum</span> 
     </span>
     <span class='ocr_line' id='line_1_29' title="bbox 781 3370 1785 3442; baseline -0.002 -20"><span class='ocrx_word' id='word_1_193' title='bbox 781 3392 932 3434; x_wconf 76' lang='lat' dir='ltr'>voro,</span> <span class='ocrx_word' id='word_1_194' title='bbox 963 3372 1065 3421; x_wconf 79' lang='lat' dir='ltr'>aris</span> <span class='ocrx_word' id='word_1_195' title='bbox 1101 3373 1365 3442; x_wconf 77' lang='lat' dir='ltr'>imponere</span> <span class='ocrx_word' id='word_1_196' title='bbox 1399 3370 1639 3435; x_wconf 69' lang='lat' dir='ltr'>honores,</span> <span class='ocrx_word' id='word_1_197' title='bbox 1682 3372 1785 3420; x_wconf 81' lang='lat' dir='ltr'>vic-</span> 
     </span>
     <span class='ocr_line' id='line_1_30' title="bbox 784 3447 1783 3517; baseline -0.002 -18"><span class='ocrx_word' id='word_1_198' title='bbox 784 3451 955 3512; x_wconf 78' lang='lat' dir='ltr'>timas,</span> <span class='ocrx_word' id='word_1_199' title='bbox 976 3450 1026 3501; x_wconf 83' lang='lat' dir='ltr'>th</span> <span class='ocrx_word' id='word_1_200' title='bbox 1037 3467 1126 3498; x_wconf 80' lang='lat' dir='ltr'>ura</span> <span class='ocrx_word' id='word_1_201' title='bbox 1140 3489 1155 3513; x_wconf 86' lang='lat'>‚</span> <span class='ocrx_word' id='word_1_202' title='bbox 1173 3450 1308 3499; x_wconf 80' lang='lat' dir='ltr'>dona</span> <span class='ocrx_word' id='word_1_203' title='bbox 1327 3462 1376 3499; x_wconf 84' lang='lat' dir='ltr'>ct</span> <span class='ocrx_word' id='word_1_204' title='bbox 1395 3447 1577 3498; x_wconf 79' lang='lat' dir='ltr'>similia</span> <span class='ocrx_word' id='word_1_205' title='bbox 1590 3450 1783 3517; x_wconf 85' lang='lat' dir='ltr'>passim</span> 
     </span>
     <span class='ocr_line' id='line_1_31' title="bbox 784 3525 1785 3595; baseline 0 -19"><span class='ocrx_word' id='word_1_206' title='bbox 784 3528 1019 3588; x_wconf 77' lang='lat' dir='ltr'>dicatur,</span> <span class='ocrx_word' id='word_1_207' title='bbox 1054 3545 1150 3594; x_wconf 78' lang='lat' dir='ltr'>ego</span> <span class='ocrx_word' id='word_1_208' title='bbox 1177 3525 1261 3576; x_wconf 88' lang='lat' dir='ltr'>hic</span> <span class='ocrx_word' id='word_1_209' title='bbox 1288 3527 1391 3577; x_wconf 84' lang='lat' dir='ltr'>tale</span> <span class='ocrx_word' id='word_1_210' title='bbox 1425 3526 1549 3595; x_wconf 88' lang='lat' dir='ltr'>quid</span> <span class='ocrx_word' id='word_1_211' title='bbox 1578 3525 1785 3576; x_wconf 75' lang='lat' dir='ltr'>deside-</span> 
     </span>
     <span class='ocr_line' id='line_1_32' title="bbox 784 3604 1784 3674; baseline -0.003 -18"><span class='ocrx_word' id='word_1_212' title='bbox 784 3607 885 3656; x_wconf 81' lang='lat' dir='ltr'>rari</span> <span class='ocrx_word' id='word_1_213' title='bbox 909 3617 1039 3674; x_wconf 83' lang='lat' dir='ltr'>puto</span> <span class='ocrx_word' id='word_1_214' title='bbox 1060 3626 1070 3652; x_wconf 91' lang='lat'>:</span> <span class='ocrx_word' id='word_1_215' title='bbox 1101 3605 1263 3666; x_wconf 74' lang='lat' dir='ltr'>forte,</span> <span class='ocrx_word' id='word_1_216' title='bbox 1284 3604 1426 3674; x_wconf 84' lang='lat' dir='ltr'>quod</span> <span class='ocrx_word' id='word_1_217' title='bbox 1446 3604 1546 3654; x_wconf 75' lang='lat' dir='ltr'>are&#39;s</span> <span class='ocrx_word' id='word_1_218' title='bbox 1568 3604 1784 3654; x_wconf 80' lang='lat' dir='ltr'>donaria</span> 
     </span>
     <span class='ocr_line' id='line_1_33' title="bbox 785 3684 1786 3754; baseline -0.001 -17"><span class='ocrx_word' id='word_1_219' title='bbox 785 3705 886 3737; x_wconf 81' lang='lat' dir='ltr'>non</span> <span class='ocrx_word' id='word_1_220' title='bbox 932 3685 1265 3754; x_wconf 76' lang='lat' dir='ltr'>imposuimus</span> <span class='ocrx_word' id='word_1_221' title='bbox 1281 3706 1294 3733; x_wconf 90' lang='lat'>.·</span> <span class='ocrx_word' id='word_1_222' title='bbox 1347 3684 1456 3735; x_wconf 78' lang='lat' dir='ltr'>liaec</span> <span class='ocrx_word' id='word_1_223' title='bbox 1499 3687 1639 3735; x_wconf 85' lang='lat' dir='ltr'>enim</span> <span class='ocrx_word' id='word_1_224' title='bbox 1684 3705 1786 3737; x_wconf 78' lang='lat' dir='ltr'>vox</span> 
     </span>
     <span class='ocr_line' id='line_1_34' title="bbox 783 3764 1785 3833; baseline 0.001 -16"><span class='ocrx_word' id='word_1_225' title='bbox 783 3769 940 3818; x_wconf 82' lang='lat' dir='ltr'>etiam</span> <span class='ocrx_word' id='word_1_226' title='bbox 965 3765 1016 3814; x_wconf 85' lang='lat' dir='ltr'>in</span> <span class='ocrx_word' id='word_1_227' title='bbox 1043 3764 1184 3815; x_wconf 84' lang='lat' dir='ltr'><strong>MSS.</strong></span> <span class='ocrx_word' id='word_1_228' title='bbox 1212 3767 1409 3815; x_wconf 85' lang='lat' dir='ltr'>Lucani</span> <span class='ocrx_word' id='word_1_229' title='bbox 1429 3764 1518 3815; x_wconf 88' lang='lat' dir='ltr'>lib.</span> <span class='ocrx_word' id='word_1_230' title='bbox 1541 3767 1639 3829; x_wconf 77' lang='lat' dir='ltr'>lx,</span> <span class='ocrx_word' id='word_1_231' title='bbox 1663 3767 1785 3833; x_wconf 80' lang='lat'>516,</span> 
     </span>
     <span class='ocr_line' id='line_1_35' title="bbox 787 3844 1785 3915; baseline 0.001 -18"><span class='ocrx_word' id='word_1_232' title='bbox 787 3849 837 3897; x_wconf 88' lang='lat' dir='ltr'>in</span> <span class='ocrx_word' id='word_1_233' title='bbox 863 3845 1054 3897; x_wconf 77' lang='lat' dir='ltr'>altaria</span> <span class='ocrx_word' id='word_1_234' title='bbox 1082 3859 1282 3896; x_wconf 78' lang='lat' dir='ltr'>mutata</span> <span class='ocrx_word' id='word_1_235' title='bbox 1309 3862 1337 3895; x_wconf 78' lang='lat' dir='ltr'>a</span> <span class='ocrx_word' id='word_1_236' title='bbox 1376 3844 1695 3915; x_wconf 86' lang='lat' dir='ltr'>quibusdam</span> <span class='ocrx_word' id='word_1_237' title='bbox 1722 3848 1785 3898; x_wconf 88' lang='lat' dir='ltr'>li-</span> 
     </span>
     <span class='ocr_line' id='line_1_36' title="bbox 781 3921 1784 3994; baseline 0.001 -20"><span class='ocrx_word' id='word_1_238' title='bbox 781 3924 983 3974; x_wconf 74' lang='lat' dir='ltr'>brariis.</span> <span class='ocrx_word' id='word_1_239' title='bbox 1007 3922 1082 3974; x_wconf 82' lang='lat' dir='ltr'>Cl.</span> <span class='ocrx_word' id='word_1_240' title='bbox 1105 3921 1304 3974; x_wconf 84' lang='lat' dir='ltr'>Schult.</span> <span class='ocrx_word' id='word_1_241' title='bbox 1328 3921 1676 3994; x_wconf 77' lang='lat' dir='ltr'>adscripscrat</span> <span class='ocrx_word' id='word_1_242' title='bbox 1702 3924 1784 3975; x_wconf 91' lang='lat' dir='ltr'>lo-</span> 
     </span>
     <span class='ocr_line' id='line_1_37' title="bbox 782 4001 1786 4076; baseline 0.002 -21"><span class='ocrx_word' id='word_1_243' title='bbox 782 4022 904 4055; x_wconf 83' lang='lat' dir='ltr'>cum</span> <span class='ocrx_word' id='word_1_244' title='bbox 937 4001 1204 4054; x_wconf 68' lang='lat' dir='ltr'>prudentii</span> <span class='ocrx_word' id='word_1_245' title='bbox 1227 4001 1327 4072; x_wconf 67' lang='lat' dir='ltr'>nep)</span> <span class='ocrx_word' id='word_1_246' title='bbox 1361 4005 1593 4068; x_wconf 64' lang='grc' dir='ltr'>στεφανῶ</span> <span class='ocrx_word' id='word_1_247' title='bbox 1630 4024 1786 4076; x_wconf 88' lang='lat' dir='ltr'>quem</span> 
     </span>
     <span class='ocr_line' id='line_1_38' title="bbox 783 4081 1784 4154; baseline 0.002 -21"><span class='ocrx_word' id='word_1_248' title='bbox 783 4096 914 4153; x_wconf 85' lang='lat' dir='ltr'>puto</span> <span class='ocrx_word' id='word_1_249' title='bbox 940 4101 1052 4133; x_wconf 73' lang='lat' dir='ltr'>esse</span> <span class='ocrx_word' id='word_1_250' title='bbox 1083 4099 1144 4131; x_wconf 82' lang='lat' dir='ltr'>ex</span> <span class='ocrx_word' id='word_1_251' title='bbox 1178 4081 1374 4154; x_wconf 69' lang='lat' dir='ltr'>hymno</span> <span class='ocrx_word' id='word_1_252' title='bbox 1406 4084 1547 4148; x_wconf 78' lang='lat' dir='ltr'>xw,</span> <span class='ocrx_word' id='word_1_253' title='bbox 1573 4086 1672 4153; x_wconf 72' lang='lat'>49:</span> <span class='ocrx_word' id='word_1_254' title='bbox 1695 4084 1784 4135; x_wconf 81' lang='lat' dir='ltr'>A!-</span> 
     </span>
     <span class='ocr_line' id='line_1_39' title="bbox 784 4159 1783 4233; baseline 0.001 -21"><span class='ocrx_word' id='word_1_255' title='bbox 784 4162 905 4213; x_wconf 77' lang='lat' dir='ltr'>taris</span> <span class='ocrx_word' id='word_1_256' title='bbox 947 4177 1094 4211; x_wconf 79' lang='lat' dir='ltr'>aram</span> <span class='ocrx_word' id='word_1_257' title='bbox 1130 4159 1375 4229; x_wconf 73' lang='lat' dir='ltr'>fimditus</span> <span class='ocrx_word' id='word_1_258' title='bbox 1416 4162 1744 4233; x_wconf 77' lang='lat' dir='ltr'>pessumdare</span> <span class='ocrx_word' id='word_1_259' title='bbox 1766 4185 1783 4213; x_wconf 86' lang='lat'>.-</span> 
     </span>
     <span class='ocr_line' id='line_1_40' title="bbox 783 4239 1432 4296; baseline 0.002 -3"><span class='ocrx_word' id='word_1_260' title='bbox 783 4240 874 4293; x_wconf 85' lang='lat' dir='ltr'>ubi</span> <span class='ocrx_word' id='word_1_261' title='bbox 896 4239 1000 4294; x_wconf 74' lang='lat' dir='ltr'>vid.</span> <span class='ocrx_word' id='word_1_262' title='bbox 1026 4240 1241 4296; x_wconf 78' lang='lat' dir='ltr'>Giselin.</span> <span class='ocrx_word' id='word_1_263' title='bbox 1267 4243 1432 4295; x_wconf 70' lang='lat' dir='ltr'>Bona.</span> 
     </span>
    </p>
   </div>
   <div class='ocr_carea' id='block_1_7' title="bbox 1853 2812 2901 4160">
    <p class='ocr_par' dir='ltr' id='par_1_7' title="bbox 1862 2812 2860 2885">
     <span class='ocr_line' id='line_1_41' title="bbox 1862 2812 2860 2885; baseline 0.001 -23"><span class='ocrx_word' id='word_1_264' title='bbox 1862 2814 1901 2862; x_wconf 88' lang='lat' dir='ltr'>si</span> <span class='ocrx_word' id='word_1_265' title='bbox 1937 2812 2169 2864; x_wconf 82' lang='lat' dir='ltr'>ardentia</span> <span class='ocrx_word' id='word_1_266' title='bbox 2213 2816 2315 2864; x_wconf 80' lang='lat' dir='ltr'>sint</span> <span class='ocrx_word' id='word_1_267' title='bbox 2355 2813 2542 2865; x_wconf 84' lang='lat' dir='ltr'>ardere</span> <span class='ocrx_word' id='word_1_268' title='bbox 2579 2816 2860 2885; x_wconf 75' lang='lat' dir='ltr'>cupientia.</span> 
     </span>
    </p>

    <p class='ocr_par' dir='ltr' id='par_1_8' title="bbox 1861 2893 2901 3444">
     <span class='ocr_line' id='line_1_42' title="bbox 1933 2893 2866 2966; baseline 0.001 -23"><span class='ocrx_word' id='word_1_269' title='bbox 1933 2893 1982 2944; x_wconf 85' lang='lat'>3.</span> <span class='ocrx_word' id='word_1_270' title='bbox 2010 2894 2202 2945; x_wconf 81' lang='lat' dir='ltr'>Mortes</span> <span class='ocrx_word' id='word_1_271' title='bbox 2225 2906 2404 2966; x_wconf 76' lang='lat' dir='ltr'>aqum.</span> <span class='ocrx_word' id='word_1_272' title='bbox 2436 2895 2595 2963; x_wconf 88' lang='lat' dir='ltr'>Quod</span> <span class='ocrx_word' id='word_1_273' title='bbox 2620 2895 2866 2964; x_wconf 79' lang='lat' dir='ltr'>capiebat</span> 
     </span>
     <span class='ocr_line' id='line_1_43' title="bbox 1861 2971 2864 3044; baseline 0.002 -24"><span class='ocrx_word' id='word_1_274' title='bbox 1861 2971 1940 3021; x_wconf 71' lang='grc' dir='ltr'><strong>(ΣΙ.</strong></span> <span class='ocrx_word' id='word_1_275' title='bbox 1974 2972 2172 3022; x_wconf 85' lang='lat' dir='ltr'>Schult.</span> <span class='ocrx_word' id='word_1_276' title='bbox 2211 2986 2267 3023; x_wconf 88' lang='lat' dir='ltr'>ut</span> <span class='ocrx_word' id='word_1_277' title='bbox 2302 2992 2485 3044; x_wconf 83' lang='lat' dir='ltr'>supra,</span> <span class='ocrx_word' id='word_1_278' title='bbox 2511 2986 2779 3024; x_wconf 60' lang='lat' dir='ltr'>umescere</span> <span class='ocrx_word' id='word_1_279' title='bbox 2809 2985 2864 3023; x_wconf 86' lang='lat' dir='ltr'>et</span> 
     </span>
     <span class='ocr_line' id='line_1_44' title="bbox 1862 3052 2867 3119; baseline 0.004 -18"><span class='ocrx_word' id='word_1_280' title='bbox 1862 3052 2160 3119; x_wconf 81' lang='lat' dir='ltr'>redundare,</span> <span class='ocrx_word' id='word_1_281' title='bbox 2188 3053 2354 3105; x_wconf 76' lang='lat' dir='ltr'>dixit:</span> <span class='ocrx_word' id='word_1_282' title='bbox 2379 3068 2429 3105; x_wconf 87' lang='lat' dir='ltr'>et</span> <span class='ocrx_word' id='word_1_283' title='bbox 2451 3053 2752 3105; x_wconf 85' lang='lat' dir='ltr'>conferebat</span> <span class='ocrx_word' id='word_1_284' title='bbox 2776 3054 2867 3105; x_wconf 83' lang='lat' dir='ltr'>Se—</span> 
     </span>
     <span class='ocr_line' id='line_1_45' title="bbox 1861 3131 2901 3203; baseline 0.003 -23"><span class='ocrx_word' id='word_1_285' title='bbox 1861 3149 2045 3181; x_wconf 85' lang='lat' dir='ltr'>necam</span> <span class='ocrx_word' id='word_1_286' title='bbox 2060 3133 2112 3181; x_wconf 88' lang='lat' dir='ltr'>in</span> <span class='ocrx_word' id='word_1_287' title='bbox 2132 3131 2345 3203; x_wconf 71' lang='lat' dir='ltr'>Thyest.</span> <span class='ocrx_word' id='word_1_288' title='bbox 2369 3149 2467 3201; x_wconf 85' lang='lat'>999</span> <span class='ocrx_word' id='word_1_289' title='bbox 2484 3154 2497 3192; x_wconf 74' lang='grc' dir='ltr'>ς</span> <span class='ocrx_word' id='word_1_290' title='bbox 2520 3151 2639 3183; x_wconf 82' lang='lat' dir='ltr'>nam</span> <span class='ocrx_word' id='word_1_291' title='bbox 2657 3151 2721 3183; x_wconf 87' lang='lat' dir='ltr'>eo</span> <span class='ocrx_word' id='word_1_292' title='bbox 2740 3150 2856 3183; x_wconf 87' lang='lat' dir='ltr'>res·</span> <span class='ocrx_word' id='word_1_293' title='bbox 2894 3147 2901 3153; x_wconf 84' lang='lat'>·</span> 
     </span>
     <span class='ocr_line' id='line_1_46' title="bbox 1865 3212 2866 3286; baseline 0.004 -25"><span class='ocrx_word' id='word_1_294' title='bbox 1865 3214 2069 3282; x_wconf 86' lang='lat' dir='ltr'>picium</span> <span class='ocrx_word' id='word_1_295' title='bbox 2089 3213 2307 3278; x_wconf 61' lang='lat' dir='ltr'>fabulae,</span> <span class='ocrx_word' id='word_1_296' title='bbox 2333 3233 2466 3286; x_wconf 75' lang='lat' dir='ltr'>quos</span> <span class='ocrx_word' id='word_1_297' title='bbox 2489 3212 2767 3265; x_wconf 68' lang='lat' dir='ltr'>credibiles</span> <span class='ocrx_word' id='word_1_298' title='bbox 2788 3214 2866 3265; x_wconf 80' lang='lat' dir='ltr'>fe·</span> 
     </span>
     <span class='ocr_line' id='line_1_47' title="bbox 1866 3293 2865 3348; baseline 0.004 -7"><span class='ocrx_word' id='word_1_299' title='bbox 1866 3295 1996 3343; x_wconf 76' lang='lat' dir='ltr'>cisse</span> <span class='ocrx_word' id='word_1_300' title='bbox 2040 3313 2093 3344; x_wconf 86' lang='lat' dir='ltr'>se</span> <span class='ocrx_word' id='word_1_301' title='bbox 2136 3295 2225 3345; x_wconf 77' lang='lat' dir='ltr'>ait.</span> <span class='ocrx_word' id='word_1_302' title='bbox 2268 3295 2399 3346; x_wconf 84' lang='lat' dir='ltr'>Vide</span> <span class='ocrx_word' id='word_1_303' title='bbox 2436 3295 2514 3346; x_wconf 90' lang='lat' dir='ltr'>Cl.</span> <span class='ocrx_word' id='word_1_304' title='bbox 2556 3295 2754 3348; x_wconf 87' lang='lat' dir='ltr'>Schult.</span> <span class='ocrx_word' id='word_1_305' title='bbox 2798 3293 2865 3346; x_wconf 84' lang='lat' dir='ltr'>ad</span> 
     </span>
     <span class='ocr_line' id='line_1_48' title="bbox 1868 3370 2639 3444; baseline 0.008 -24"><span class='ocrx_word' id='word_1_306' title='bbox 1868 3370 2050 3421; x_wconf 82' lang='lat' dir='ltr'>Senec.</span> <span class='ocrx_word' id='word_1_307' title='bbox 2076 3373 2255 3424; x_wconf 79' lang='lat' dir='ltr'>contr.</span> <span class='ocrx_word' id='word_1_308' title='bbox 2278 3393 2328 3444; x_wconf 88' lang='lat' dir='ltr'>p.</span> <span class='ocrx_word' id='word_1_309' title='bbox 2361 3374 2445 3442; x_wconf 85' lang='lat'>76.</span> <span class='ocrx_word' id='word_1_310' title='bbox 2472 3374 2639 3426; x_wconf 72' lang='lat' dir='ltr'>Bunu.</span> 
     </span>
    </p>

    <p class='ocr_par' dir='ltr' id='par_1_9' title="bbox 1863 3452 2865 3762">
     <span class='ocr_line' id='line_1_49' title="bbox 1935 3452 2865 3526; baseline 0.005 -25"><span class='ocrx_word' id='word_1_311' title='bbox 1935 3452 1982 3517; x_wconf 71' lang='grc'>4.</span> <span class='ocrx_word' id='word_1_312' title='bbox 2000 3453 2111 3502; x_wconf 85' lang='lat' dir='ltr'>Aut</span> <span class='ocrx_word' id='word_1_313' title='bbox 2123 3454 2431 3526; x_wconf 76' lang='lat' dir='ltr'>inquinibus.</span> <span class='ocrx_word' id='word_1_314' title='bbox 2446 3457 2697 3507; x_wconf 74' lang='lat' dir='ltr'>Francius</span> <span class='ocrx_word' id='word_1_315' title='bbox 2713 3453 2865 3506; x_wconf 79' lang='lat' dir='ltr'>male·</span> 
     </span>
     <span class='ocr_line' id='line_1_50' title="bbox 1863 3528 2858 3602; baseline 0.003 -23"><span class='ocrx_word' id='word_1_316' title='bbox 1863 3528 1982 3594; x_wconf 76' lang='lat' dir='ltr'>bat,</span> <span class='ocrx_word' id='word_1_317' title='bbox 1997 3532 2086 3582; x_wconf 82' lang='lat' dir='ltr'>sub</span> <span class='ocrx_word' id='word_1_318' title='bbox 2102 3533 2418 3602; x_wconf 74' lang='lat' dir='ltr'>inquinibus,</span> <span class='ocrx_word' id='word_1_319' title='bbox 2440 3552 2503 3584; x_wconf 83' lang='lat' dir='ltr'>ex</span> <span class='ocrx_word' id='word_1_320' title='bbox 2516 3531 2667 3585; x_wconf 82' lang='lat' dir='ltr'>Ovid.</span> <span class='ocrx_word' id='word_1_321' title='bbox 2687 3536 2858 3584; x_wconf 85' lang='lat' dir='ltr'>Amor.</span> 
     </span>
     <span class='ocr_line' id='line_1_51' title="bbox 1866 3609 2861 3684; baseline 0.008 -28"><span class='ocrx_word' id='word_1_322' title='bbox 1866 3609 1942 3672; x_wconf 87' lang='lat' dir='ltr'>ll,</span> <span class='ocrx_word' id='word_1_323' title='bbox 1967 3609 2055 3659; x_wconf 84' lang='lat'>16:</span> <span class='ocrx_word' id='word_1_324' title='bbox 2089 3633 2110 3655; x_wconf 71' lang='grc' dir='ltr'><strong><em>κ</em></strong></span> <span class='ocrx_word' id='word_1_325' title='bbox 2132 3612 2243 3661; x_wconf 86' lang='lat' dir='ltr'>Nec</span> <span class='ocrx_word' id='word_1_326' title='bbox 2265 3628 2378 3680; x_wconf 80' lang='lat' dir='ltr'>quae</span> <span class='ocrx_word' id='word_1_327' title='bbox 2393 3613 2626 3681; x_wconf 77' lang='lat' dir='ltr'>virgineo</span> <span class='ocrx_word' id='word_1_328' title='bbox 2646 3625 2861 3684; x_wconf 77' lang='lat' dir='ltr'>porten-</span> 
     </span>
     <span class='ocr_line' id='line_1_52' title="bbox 1868 3690 2552 3762; baseline 0 -22"><span class='ocrx_word' id='word_1_329' title='bbox 1868 3704 1916 3740; x_wconf 78' lang='lat' dir='ltr'>ta</span> <span class='ocrx_word' id='word_1_330' title='bbox 1942 3690 2041 3741; x_wconf 84' lang='lat' dir='ltr'>sub</span> <span class='ocrx_word' id='word_1_331' title='bbox 2062 3693 2274 3762; x_wconf 77' lang='lat' dir='ltr'>inguine</span> <span class='ocrx_word' id='word_1_332' title='bbox 2296 3692 2507 3744; x_wconf 83' lang='lat' dir='ltr'>latrant.</span> <span class='ocrx_word' id='word_1_333' title='bbox 2529 3716 2552 3740; x_wconf 70' lang='lat' dir='ltr'><em>a</em></span> 
     </span>
    </p>

    <p class='ocr_par' dir='ltr' id='par_1_10' title="bbox 1853 3771 2864 4160">
     <span class='ocr_line' id='line_1_53' title="bbox 1938 3771 2861 3844; baseline 0.001 -21"><span class='ocrx_word' id='word_1_334' title='bbox 1938 3771 1985 3823; x_wconf 91' lang='lat'>5.</span> <span class='ocrx_word' id='word_1_335' title='bbox 2009 3772 2319 3825; x_wconf 76' lang='lat' dir='ltr'>Vulneribus</span> <span class='ocrx_word' id='word_1_336' title='bbox 2337 3785 2525 3844; x_wconf 76' lang='lat' dir='ltr'>pastos.</span> <span class='ocrx_word' id='word_1_337' title='bbox 2541 3771 2861 3844; x_wconf 74' lang='lat' dir='ltr'>Legendum,</span> 
     </span>
     <span class='ocr_line' id='line_1_54' title="bbox 1853 3851 2864 3924; baseline 0.003 -21"><span class='ocrx_word' id='word_1_338' title='bbox 1853 3851 2131 3921; x_wconf 75' lang='lat' dir='ltr'>funeribus</span> <span class='ocrx_word' id='word_1_339' title='bbox 2143 3866 2315 3924; x_wconf 79' lang='lat' dir='ltr'>pastos</span> <span class='ocrx_word' id='word_1_340' title='bbox 2335 3854 2388 3905; x_wconf 85' lang='lat' dir='ltr'>id</span> <span class='ocrx_word' id='word_1_341' title='bbox 2406 3868 2484 3907; x_wconf 77' lang='lat' dir='ltr'>est</span> <span class='ocrx_word' id='word_1_342' title='bbox 2503 3853 2864 3918; x_wconf 70' lang='lat' dir='ltr'>cadaveribus,</span> 
     </span>
     <span class='ocr_line' id='line_1_55' title="bbox 1866 3932 2863 4005; baseline 0.003 -24"><span class='ocrx_word' id='word_1_343' title='bbox 1866 3945 1923 3982; x_wconf 88' lang='lat' dir='ltr'>ut</span> <span class='ocrx_word' id='word_1_344' title='bbox 1964 3932 2246 4002; x_wconf 77' lang='lat' dir='ltr'>funeribus</span> <span class='ocrx_word' id='word_1_345' title='bbox 2294 3933 2570 4005; x_wconf 65' lang='lat' dir='ltr'>gravidum</span> <span class='ocrx_word' id='word_1_346' title='bbox 2623 3946 2823 3986; x_wconf 72' lang='lat' dir='ltr'>uterum</span> <span class='ocrx_word' id='word_1_347' title='bbox 2841 3969 2863 3997; x_wconf 83' lang='lat'><em>,</em></span> 
     </span>
     <span class='ocr_line' id='line_1_56' title="bbox 1865 4008 2862 4084; baseline 0.005 -25"><span class='ocrx_word' id='word_1_348' title='bbox 1865 4008 2025 4080; x_wconf 85' lang='lat' dir='ltr'>paulo</span> <span class='ocrx_word' id='word_1_349' title='bbox 2070 4025 2217 4073; x_wconf 84' lang='lat' dir='ltr'>ante;</span> <span class='ocrx_word' id='word_1_350' title='bbox 2251 4025 2302 4063; x_wconf 87' lang='lat' dir='ltr'>et</span> <span class='ocrx_word' id='word_1_351' title='bbox 2345 4031 2497 4078; x_wconf 85' lang='lat' dir='ltr'>mox,</span> <span class='ocrx_word' id='word_1_352' title='bbox 2532 4012 2603 4063; x_wconf 80' lang='lat' dir='ltr'>ad</span> <span class='ocrx_word' id='word_1_353' title='bbox 2631 4013 2862 4084; x_wconf 69' lang='lat' dir='ltr'>ficnem,</span> 
     </span>
     <span class='ocr_line' id='line_1_57' title="bbox 1867 4091 2861 4160; baseline 0 -22"><span class='ocrx_word' id='word_1_354' title='bbox 1867 4098 2117 4160; x_wconf 78' lang='lat' dir='ltr'>tanquam</span> <span class='ocrx_word' id='word_1_355' title='bbox 2167 4091 2238 4141; x_wconf 80' lang='lat' dir='ltr'>ad</span> <span class='ocrx_word' id='word_1_356' title='bbox 2273 4110 2457 4157; x_wconf 79' lang='lat' dir='ltr'>naves,</span> <span class='ocrx_word' id='word_1_357' title='bbox 2498 4092 2861 4143; x_wconf 75' lang='lat' dir='ltr'>concurrimus.</span> 
     </span>
    </p>
   </div>
   <div class='ocr_carea' id='block_1_8' title="bbox 1864 4164 2867 4301">
    <p class='ocr_par' dir='ltr' id='par_1_11' title="bbox 1864 4164 2867 4301">
     <span class='ocr_line' id='line_1_58' title="bbox 1864 4164 2867 4240; baseline -0.001 -22"><span class='ocrx_word' id='word_1_358' title='bbox 1864 4169 2113 4219; x_wconf 76' lang='lat' dir='ltr'>Francius</span> <span class='ocrx_word' id='word_1_359' title='bbox 2139 4167 2343 4238; x_wconf 75' lang='lat' dir='ltr'>legebat</span> <span class='ocrx_word' id='word_1_360' title='bbox 2367 4171 2612 4222; x_wconf 72' lang='lat' dir='ltr'>cadavere</span> <span class='ocrx_word' id='word_1_361' title='bbox 2631 4187 2725 4240; x_wconf 74' lang='lat' dir='ltr'>pm</span> <span class='ocrx_word' id='word_1_362' title='bbox 2754 4164 2867 4218; x_wconf 77' lang='lat' dir='ltr'>vul-</span> 
     </span>
     <span class='ocr_line' id='line_1_59' title="bbox 1864 4247 2275 4301; baseline 0.01 -5"><span class='ocrx_word' id='word_1_363' title='bbox 1864 4247 2084 4299; x_wconf 81' lang='lat' dir='ltr'>neribus.</span> <span class='ocrx_word' id='word_1_364' title='bbox 2110 4249 2275 4301; x_wconf 69' lang='lat' dir='ltr'>Bou.</span> 
     </span>
    </p>
   </div>
  </div>
 </body>
</html>
