3200 5117
768 567 895 632 336
1272 565 1364 627 M.
1413 563 1663 626 FABn
1710 560 2340 643 QUINTlLlANl

767 687 1057 786 ecquid,
1093 686 1401 786 judice5‚
1442 686 1602 756 satis
1641 712 1757 755 me
1792 705 2027 755 contra
2058 685 2425 756 infamiam
2462 687 2715 757 veneni
2749 688 2856 758 vel

767 804 995 875 solum
1042 800 1529 871 medicamenti
1588 824 1848 869 nomeu
1891 797 2314 870 absolveret?
2364 825 2492 869 nec
2535 800 2852 891 invenio,

769 945 892 990 cur
924 917 1173 988 debeat
1208 916 1392 986 idem
1427 915 1682 1001 videri,
1715 914 1903 1012 quod
1940 940 2082 985 non
2122 934 2344 1012 potest
2378 914 2567 985 idem
2602 917 2848 988 vocari.

767 1032 1086 1130 Agedum
1109 1090 1126 1120 ‚
1143 1031 1454 1130 juveniS‚
1489 1031 1782 1128 potionis
1810 1031 2029 1128 imple
2060 1030 2269 1131 hujus
2297 1031 2849 1103 immanitatem:

769 1149 881 1220 dic
895 1208 911 1236 ,
931 1149 1173 1220 odium
1194 1147 1424 1246 accepi
1443 1168 1680 1218 contra
1699 1146 2068 1246 conjugem
2085 1203 2102 1234 ,
2121 1168 2356 1217 contra
2370 1147 2620 1219 liberos
2636 1175 2849 1238 meos,

768 1284 844 1334 ut
881 1291 920 1334 a
958 1263 1162 1333 sacris
1199 1288 1515 1332 avocaret
1557 1262 1965 1351 affectibus,
2011 1284 2087 1332 ut
2134 1263 2422 1360 pignora
2459 1285 2693 1335 sancta
2730 1264 2852 1334 de-

764 1383 1139 1480 spicerem:
1199 1379 1372 1449 illud
1417 1379 1663 1449 odium
1718 1380 1790 1449 in
1838 1380 2193 1449 meretrice
2231 1379 2505 1450 facinus
2538 1402 2672 1469 est,
2712 1408 2849 1479 quo

770 1497 987 1568 utitur
1028 1497 1098 1565 in
1135 1495 1239 1564 sui
1280 1494 1668 1567 caritatem:
1717 1495 1805 1564 ita
1845 1494 1952 1565 vel
2000 1494 2131 1565 hoc
2178 1496 2406 1566 solum
2445 1497 2704 1568 sufficit
2743 1523 2850 1567 ex-

768 1613 1145 1700 cusationi,
1182 1610 1368 1709 quod
1402 1611 1523 1682 illa
1556 1632 1795 1681 contra
1829 1637 1899 1682 se
1933 1632 2201 1682 tantum
2237 1612 2448 1683 dedit.

861 1731 1015 1799 Vll.
1063 1728 1373 1811 Odium,
1417 1726 1680 1822 inquit,
1725 1727 1996 1822 accepi:
2044 1753 2234 1797 nunc
2273 1748 2340 1798 te
2378 1726 2495 1798 hic
2534 1756 2845 1827 reposco,

759 1843 1071 1945 juvenis,
1116 1838 1489 1924 invidiam,
1531 1866 1744 1936 quam
1790 1841 2079 1910 fortunae
2127 1862 2369 1911 nostrae
2416 1843 2645 1941 paullo
2685 1866 2850 1916 ante

764 1959 1090 2031 faciebas:
1116 1956 1258 2045 dic,
1279 1956 1594 2025 meretrix
1618 1955 1837 2042 dedit,
1858 1956 2215 2053 prostituta
2236 1961 2560 2057 porrexit:
2578 1989 2617 2032 o
2632 1987 2845 2059 quam

766 2077 1134 2147 timueram
1171 2097 1257 2140 ne
1293 2069 1583 2156 dicereS,
1624 2071 2034 2141 amatorium
2072 2071 2214 2142 sui!
2260 2075 2659 2174 Consul-ge,
2701 2102 2848 2172 age-

771 2191 942 2261 dum
973 2185 1287 2286 juveni5‚
1326 2205 1391 2252 et
1428 2185 1581 2255 totis
1617 2185 1914 2282 corporis
1947 2188 2308 2284 animique
2337 2190 2597 2262 viribus
2632 2191 2844 2289 imple

770 2322 1091 2398 susceptae
1114 2297 1567 2368 accusationis
1595 2297 1947 2368 horrorem
1979 2328 1992 2370 :
2027 2321 2125 2371 est
2150 2302 2336 2399 quod
2364 2304 2689 2376 audiente
2712 2325 2847 2376 tota

769 2417 1033 2490 civitate
1062 2414 1439 2512 proclames
1467 2441 1480 2481 ε
1516 2413 1945 2485 miseremini
1973 2417 2156 2505 mei,
2188 2419 2506 2520 adjuvate
2526 2478 2545 2509 ‚
2571 2447 2844 2493 succur-

770 2535 930 2620 rite,
965 2530 1112 2602 bibi
1159 2528 1749 2599 medicamentum
1794 2529 2109 2619 crudele,
2145 2559 2439 2624 saevum;
2478 2535 2648 2606 desii
2682 2563 2843 2635 pau-

770 2676 890 2746 per
922 2671 1151 2717 amare
1177 2643 1649 2714 meretricem:
1675 2644 1972 2744 jamjam
2003 2673 2144 2716 non
2176 2647 2501 2745 inquietis
2529 2650 2842 2722 noctibus

767 2789 975 2860 vagus
1010 2759 1320 2830 vilissimi
1357 2758 1691 2858 cujusque
1727 2760 2022 2858 perditos
2054 2763 2280 2859 patior
2321 2763 2528 2855 ictuS,
2564 2791 2690 2837 nec
2727 2792 2844 2837 ex-

769 2877 994 2948 clusus
1035 2896 1193 2945 ante
1230 2873 1677 2971 lupanarium
1721 2874 1897 2945 fores
1940 2897 2287 2973 posterum
2326 2879 2517 2951 diem
2558 2879 2843 2979 pervigil

765 3013 1034 3065 amator
1067 3009 1405 3088 exspecto:
1447 3016 1721 3086 possum
1761 2991 2114 3086 navigare,
2151 2993 2368 3064 colere
2408 3015 2648 3082 terras,
2681 2993 2837 3063 suf-

770 3111 925 3180 ficio
975 3106 1271 3192 militiae,
1327 3103 1630 3175 redditus
1678 3126 1774 3174 est
1820 3104 1994 3175 mihi
2044 3107 2356 3201 animus»,
2406 3135 2541 3207 quo
2593 3107 2839 3179 fierem

769 3225 1090 3310 marituS‚
1131 3249 1268 3319 quo
1310 3220 1638 3291 senectuti
1680 3218 2051 3317 liberisque
2083 3225 2564 3321 prospicerem,
2597 3225 2838 3316 Quan-

767 3365 955 3430 tum,
995 3339 1092 3410 dii
1122 3352 1137 3381 ¹
1180 3337 1494 3435 deaeque!
1536 3339 1923 3408 remedium
1964 3340 2356 3413 conditione
2398 3342 2699 3415 bibentis
2728 3369 2839 3415 va-

767 3570 922 3601 causa
949 3551 1057 3602 odii
1090 3563 1258 3614 esset,
1287 3548 1380 3600 sed
1411 3548 1554 3620 quod
1583 3568 1614 3600 a
1646 3569 1762 3601 mu·
1842 3569 1942 3622 pro
1972 3557 2194 3625 concepi
2214 3572 2248 3605 a
2272 3557 2543 3608 meretrice
2578 3554 2707 3607 mihi
2741 3554 2835 3608 da-

763 3631 891 3681 liere
917 3631 1210 3700 profectum
1240 3642 1404 3692 esset,
1439 3642 1493 3678 ut
1518 3629 1590 3678 ita
1624 3629 1757 3679 Dict.
1841 3645 1970 3686 tum.
2002 3637 2166 3686 Runa.

766 3713 973 3763 Creten.
996 3712 1072 3774 11,
1108 3725 1197 3758 to:
1231 3709 1537 3779 «Telephus
1556 3709 1663 3762 dux
1688 3712 1757 3762 ob
1917 3731 1961 3767 1.
2016 3718 2279 3786 Quantum
2332 3719 2423 3770 dii.
2481 3721 2595 3771 Hoc
2649 3738 2834 3782 seusun

770 3815 792 3838 a
813 3805 1084 3861 acceptam
1103 3792 1320 3859 gratiam
1344 3790 1542 3854 factus,
1567 3816 1588 3837 ι
1620 3805 1671 3843 et
1694 3812 1757 3844 eo
1840 3811 2093 3866 quantum
2118 3798 2308 3864 valuit,
2330 3799 2383 3850 id
2398 3813 2477 3851 est
2492 3837 2510 3864 ‚
2533 3803 2740 3871 potuit,
2763 3819 2837 3853 re-

763 3892 920 3925 sensu
949 3871 1171 3922 vidimus
1204 3871 1270 3922 ad
1313 3872 1459 3923 Decl.
1506 3873 1627 3938 ΧΠ,
1663 3873 1758 3925 ha·
1839 3878 2067 3930 medium
2107 3878 2209 3932 hoc
2245 3880 2537 3933 seeundum
2572 3881 2833 3933 conditio-

760 3952 873 4002 ὕεα·
890 3950 1062 4001 odium
1078 3949 1183 4002 dici
1200 3972 1211 3999 :
1239 3949 1400 4003 sedin
1415 3950 1497 4003 his
1514 3952 1756 4004 omnibus
1834 3979 1956 4012 nem
1971 3961 2199 4014 bibentis
2213 3964 2512 4031 :jungerem
2525 3962 2834 4034 precedfo-

763 4044 937 4081 tamen
971 4029 1099 4081 locis
1127 4028 1326 4101 aliquid
1362 4029 1535 4083 adhuc
1573 4029 1756 4082 discri-
1836 4050 1989 4103 cerat,
2012 4038 2115 4091 hoe
2140 4054 2242 4104 est,
2268 4042 2477 4092 fecisset
2495 4055 2547 4094 te
2560 4045 2664 4094 ista
2684 4043 2834 4113 potio

757 4112 913 4163 minis
929 4126 1024 4176 est,
1036 4129 1196 4182 quum
1218 4111 1290 4162 ibi
1309 4115 1394 4178 sit,
1410 4112 1590 4164 odium
1606 4115 1656 4163 in
1670 4131 1754 4164 me
1836 4116 2072 4183 felicem,
2093 4120 2138 4170 si
2154 4121 2416 4188 potuisses
2436 4121 2669 4174 animum
2680 4137 2712 4171 a
2727 4136 2833 4170 me-

759 4193 983 4244 oliorum
1006 4195 1214 4262 accepi,
1237 4192 1325 4243 hic
1348 4213 1472 4244 vero
1501 4192 1679 4244 odium
1699 4196 1754 4246 in
1833 4200 2020 4249 tetrice
2049 4196 2340 4262 abducere,
2379 4210 2432 4249 et
2463 4199 2726 4272 applicate
2758 4194 2827 4248 ad

749 4275 815 4325 in
835 4292 1045 4343 omnes,
1072 4276 1352 4346 conjugem
1367 4311 1384 4342 ,
1411 4289 1511 4328 etc.
1535 4275 1752 4346 Accepi,
1835 4296 2052 4333 uxorem
2073 4278 2299 4334 divitem.
2321 4280 2493 4335 Bou.
