3200 5117
790 543 1419 611 DECLAMATIO
1463 543 1583 606 IV.
1631 541 1818 607 PRO
1860 542 2148 610 FILIO.
2428 544 2514 632 89

431 695 568 771 que
596 668 883 770 colligo,
910 669 1187 742 interim
1219 667 1412 768 apud
1449 666 1844 766 gravitatem
1876 689 2171 742 vestram
2203 665 2513 768 ¹depono

430 785 715 860 sensisse
738 784 1004 886 aliquid
1032 805 1300 885 patrem
1316 797 1372 874 ²,
1401 783 1610 856 etiam
1640 809 1864 882 quum
1899 784 2166 857 metuit.
2197 785 2343 882 Ego
2375 810 2515 854 ma·

430 901 887 975 thematicum
928 900 1215 1001 probavi
1252 899 1497 973 dixisse
1539 925 1816 989 verum3
1850 898 1966 972 ille
2012 899 2301 973 credidit
2332 925 2514 988 esse,

432 1015 623 1115 quod
652 1015 823 1087 dixit
847 1036 1245 1089 venturum.
1287 1016 1565 1087 Casune
1596 1013 1722 1086 tibi
1757 1034 1949 1113 pater
1984 1015 2128 1087 haec
2169 1012 2517 1086 diversitas

439 1132 710 1204 videtur
750 1132 825 1203 in
875 1158 1123 1231 corpus
1164 1157 1393 1203 unum
1436 1129 1994 1212 dissentientibus
2043 1130 2333 1204 solidata
2369 1129 2519 1231 pri-

442 1245 766 1337 mordiis,
801 1266 880 1319 ut
900 1272 1182 1317 summo
1219 1244 1464 1316 vertice
1492 1243 1754 1319 locatus
1783 1246 2023 1344 igneus
2047 1246 2239 1346 vigor
2270 1266 2520 1319 cuncta

435 1362 611 1435 levia
641 1361 843 1433 calidi
876 1361 1149 1460 spiritus
1181 1360 1420 1432 ardore
1454 1362 1941 1461 suspenderet?
1975 1362 2366 1464 profundus
2397 1360 2522 1433 hu·

439 1503 594 1548 mor
627 1476 717 1549 ad
750 1476 895 1547 ima
924 1475 1316 1564 demersus,
1348 1473 1534 1546 unde
1557 1476 1867 1573 quotidie
1896 1477 2306 1578 superpositi
2343 1476 2525 1549 calo-

439 1590 527 1663 ris
558 1590 885 1662 alimenta
918 1588 1391 1679 traherentur,
1442 1609 1793 1663 terrenum
1843 1594 2121 1690 pondus
2163 1594 2237 1665 in
2291 1592 2523 1665 medio

438 1726 698 1804 quanto
739 1731 1035 1805 superne
1080 1705 1359 1804 spiritu,
1412 1726 1601 1778 tanta
1653 1705 1929 1805 penitus
1979 1707 2311 1780 inanitate
2353 1705 2525 1780 sub-

436 1820 684 1892 nixum
711 1820 955 1891 librata
998 1819 1186 1891 mole
1217 1818 1665 1911 consideret3,
1700 1841 1779 1893 ut
1820 1821 2213 1894 seculorum
2252 1822 2529 1895 infinita

438 1934 673 2026 series,
698 1961 821 2033 per
850 1932 1169 2007 assiduas·
1185 1955 1583 2033 temporum
1626 1934 1806 2009 vices
1849 1962 1975 2009 sua
2008 1937 2159 2036 lege
2205 1934 2529 2010 festinet?

439 2052 637 2142 Quid
669 2051 816 2125 haec
847 2051 1273 2150 fulgentium
1303 2049 1615 2123 siderum
1637 2052 2033 2126 veneranda
2063 2052 2312 2126 facies?
2339 2050 2529 2151 quod

439 2166 762 2269 quaedam
794 2167 983 2242 velut
1017 2167 1230 2241 infixa
1265 2193 1344 2239 ac
1378 2167 1792 2241 cohaerentia
1817 2188 2152 2269 perpetua
2172 2168 2527 2265 semelque

442 2303 637 2383 capta
665 2283 827 2356 sede
858 2282 1234 2372 collucent,
1270 2281 1403 2355 alia
1431 2302 1572 2356 toto
1602 2308 1836 2382 sparsa
1867 2283 2034 2356 caelo
2060 2309 2264 2383 vagos
2292 2306 2528 2354 cursus

441 2398 643 2473 certis
674 2399 1096 2472 emetiuntur
1119 2396 1502 2472 erroribus?
1532 2398 1660 2471 ista
1681 2397 1900 2471 credis
1929 2399 2180 2499 passim
2218 2397 2534 2471 fortuito-

444 2541 580 2614 que
606 2514 976 2614 disposita?
1004 2540 1200 2613 rogo,
1231 2514 1400 2614 quid
1429 2514 1680 2586 melius
1708 2514 1878 2618 ratio
1906 2514 2211 2588 fecisset?

540 2634 726 2704 XIV.
762 2636 953 2706 Deus
984 2632 1128 2704 haec
1149 2688 1170 2722 ‚
1204 2630 1377 2704 deus
1407 2631 1777 2705 fabricator
1809 2633 2036 2734 operis
2081 2632 2417 2722 universi,
2452 2657 2531 2703 ex

446 2745 565 2818 illa
598 2746 757 2820 rudi
789 2747 1156 2846 primaque
1191 2744 1484 2844 caligine
1524 2743 1999 2845 protractum‘*
2038 2746 2270 2847 posuit
2290 2746 2364 2818 in
2387 2745 2534 2818 vul·

444 2882 634 2953 tum,
669 2861 946 2960 digessit
990 2861 1065 2933 in
1099 2880 1329 2962 partes
1374 2879 1745 2960 postquam
1782 2859 2066 2931 dederat
2114 2858 2534 2932 universitati

447 3005 684 3077 parem
714 2978 1136 3079 dignamque
1159 2978 1404 3051 faciem
1425 3036 1443 3068 ,
1474 2976 1793 3077 spiritum
1820 2975 2150 3077 desuper,
2182 3002 2323 3076 quo
2349 2974 2531 3074 pari-

447 3113 549 3165 ter
591 3093 1098 3184 animarentur,
1154 3092 1443 3165 immisit
1471 3118 1487 3163 ε
1542 3092 1708 3164 inde
1759 3113 1896 3182 est,
1948 3090 2136 3188 quod
2187 3086 2532 3189 quidquid

447 3208 787 3298 nascitur,
821 3209 1200 3282 consociata
1235 3207 1512 3281 numini
1540 3205 1992 3308 proprietate5
2027 3206 2348 3309 signatur·
2366 3224 2436 3277 et
2457 3202 2532 3276 in

447 3399 536 3452 te,
569 3406 637 3439 an
673 3385 805 3440 illud
843 3388 911 3440 ab
944 3389 1159 3442 homine
1188 3389 1450 3460 praenosci
1530 3399 1769 3459 tempore
1805 3384 2134 3456 vigentibus„
2173 3402 2274 3436 nec
2309 3381 2531 3454 propius

447 3469 654 3540 possit?
1529 3464 1599 3518 ad
1622 3486 1733 3519 rem
1756 3465 2009 3520 accedere
2031 3463 2292 3518 videntur.
2306 3465 2408 3516 Eo.

528 3564 571 3598 r.
606 3546 842 3619 Depone.
872 3545 931 3598 Id
961 3560 1073 3614 est,
1099 3559 1283 3600 sancte
1310 3546 1452 3598 affir-
1601 3549 1653 3616 4.
1697 3550 2041 3601 Promotum.
2089 3545 2399 3599 protrahere
2435 3562 2531 3596 eo-

450 3642 568 3676 mo:
594 3626 667 3676 ita
690 3626 873 3676 Horat·
900 3622 1003 3678 Od·
1031 3627 1079 3692 Ι,
1106 3641 1200 3695 27:
1233 3647 1255 3669 ⁸
1274 3626 1450 3696 Depo·
1529 3628 1653 3682 dem
1676 3647 1834 3682 sensu
1860 3647 1921 3680 ac
1945 3627 2145 3681 trahere
2167 3629 2223 3678 in
2243 3624 2427 3678 lucem.
2448 3623 2531 3677 Sic

457 3723 480 3748 ⁸
500 3721 626 3755 nere
650 3703 778 3755 tutis
804 3702 1039 3757 auribus·
1061 3727 1084 3751 ¹·
1527 3709 1639 3760 Liv.
1669 3708 1826 3774 XLV,
1852 3708 1884 3760 5
1906 3729 1919 3759 :
1956 3730 1977 3753 ιι
1998 3726 2066 3758 ne
2094 3705 2375 3757 damnatus
2400 3721 2531 3755 aue-

523 3784 802 3837 2.Sensisse
813 3782 1020 3856 aliquid
1029 3795 1251 3857 patrem.
1268 3779 1450 3853 ldffest,
1537 3810 1558 3833 ιι
1577 3801 1750 3840 torem
1782 3804 1838 3839 se
1870 3782 2090 3837 nefandi
2127 3783 2378 3835 facinoris
2408 3800 2535 3854 pro·

449 3865 776 3937 praagiisse
793 3885 807 3917 ε
827 3882 951 3918 nam
968 3867 1134 3941 sagire
1155 3878 1236 3919 est
1257 3866 1454 3917 sentire
1539 3887 1562 3912 α
1583 3864 1834 3917 traheret.
1856 3887 1877 3910 ι
1906 3862 1970 3914 Et
1995 3863 2138 3931 Vin-g.
2165 3862 2284 3913 AEn.
2309 3861 2380 3925 11,
2406 3876 2530 3913 πυτ

451 3955 623 3995 acute.
1541 3947 1681 3997 ·Hic
1716 3942 1931 3996 Ithacus
1969 3955 2136 3994 vatem
2179 3958 2372 4013 magno
2409 3938 2533 3993 cal-

524 4021 576 4075 3·
609 4019 757 4073 Μοὶε
787 4020 1085 4074 consident·
1119 4023 1241 4074 Haec
1274 4022 1454 4073 omnia
1541 4051 1563 4075 κ
1583 4026 1779 4080 chama
1803 4024 2033 4078 tumultu
2059 4022 2324 4076 Protrahit
2347 4024 2402 4075 in
2425 4040 2534 4074 me-

455 4120 571 4174 quoe
596 4101 904 4175 precedunt
926 4103 1010 4154 vix
1036 4097 1334 4156 intellectus
1362 4122 1455 4155 ca·
1541 4131 1563 4154 a
1583 4107 1717 4161 dios.
1740 4131 1763 4155 ι

452 4183 567 4255 pit,
596 4179 839 4234 videlicet
881 4193 1002 4233 orta
1041 4200 1105 4234 ex
1142 4182 1455 4252 opinionum
1607 4187 1654 4240 5,
1689 4185 1986 4239 consociata
2015 4182 2221 4235 numini
2244 4180 2533 4252 proprieta-

454 4264 766 4318 commentis
799 4262 865 4316 ds
891 4276 1081 4317 natura
1114 4282 1291 4317 rerum
1327 4277 1456 4321 tunc
1534 4278 1598 4318 te.
1639 4265 1761 4316 Non
1799 4282 2017 4335 possum
2050 4279 2158 4314 non
2196 4259 2302 4312 huc
2338 4256 2558 4334 afferro.
