3200 5117
726 556 1000 622 DECL.
1051 555 1173 619 vl.
1222 553 1709 620 CORPORIS
1755 555 2254 624 PROJECTl.
2426 559 2546 625 133

437 697 539 752 est
560 678 749 751 filius
768 698 1022 769 noster,
1049 675 1251 778 cujus
1273 703 1427 778 spes
1451 676 1638 776 ipsas
1660 678 2086 772 amavimus3
2112 705 2330 781 quem
2358 681 2549 781 apud

439 795 684 868 omnia
718 792 984 895 templa
1010 814 1082 866 et
1112 793 1356 866 surdos
1388 792 1562 866 votis
1607 793 1773 866 deos
1805 796 2246 894 superstitem
2285 797 2549 895 precati

442 935 720 993 sumus3
750 938 791 982 a
823 933 966 1009 quo
998 909 1276 1009 sepeliri
1312 909 1739 1010 optavimus:
1774 908 1900 997 ille,
1931 911 2247 984 amabilis
2282 911 2547 1003 infans,

443 1026 565 1099 ille
591 1026 893 1100 blandus
921 1049 1137 1126 puer,
1165 1024 1283 1098 ille
1306 1026 1619 1128 juvenis,
1660 1026 1872 1099 etiam
1910 1051 2069 1101 ante
2111 1027 2244 1100 hoo
2284 1027 2551 1102 crimen

441 1141 831 1242 piissimus:
868 1139 1022 1232 ille,
1063 1140 1238 1213 dum
1271 1167 1396 1241 par
1440 1142 1723 1214 fortuna
1770 1159 2142 1242 parentum
2185 1143 2352 1235 fuit,
2383 1169 2550 1243 pro-

441 1283 702 1357 pensus
737 1257 812 1328 in
846 1282 1161 1329 amorem
1194 1255 1316 1329 tui.
1351 1256 1692 1348 Mentior,
1722 1257 1853 1330 nisi
1886 1285 2112 1357 quum
2148 1260 2551 1358 peregrina-

440 1374 540 1446 tio
572 1399 732 1446 mea
762 1398 891 1444 nos
925 1372 1310 1463 diduceret,
1346 1361 1595 1446 maluit
1623 1399 1765 1447 esse
1799 1399 1963 1447 cum
1999 1395 2240 1447 matre.
2269 1375 2387 1447 Me
2425 1397 2551 1474 per

444 1490 686 1562 omnia
708 1488 932 1562 maria
958 1488 1399 1579 volitantem,
1429 1508 1507 1561 ut
1527 1488 1685 1589 plus
1711 1490 1855 1562 filio
1890 1490 2358 1591 relinquerem
2374 1549 2393 1581 ,
2419 1490 2575 1562 cir--

444 1604 807 1678 cumvenit
832 1603 1077 1676 sevius
1107 1603 1259 1704 ipso
1289 1603 1467 1676 mari
1493 1603 1986 1678 latrocinium..

539 1722 663 1790 IV.
698 1718 1107 1793 Describam
1142 1743 1334 1792 nuuc
1383 1743 1511 1819 ego
1556 1720 1982 1820 pendentem
2017 1720 2352 1793 fluctibus
2395 1747 2575 1793 car-

441 1859 669 1908 cerem
691 1893 710 1927 ,
746 1857 813 1909 et
840 1856 1117 1908 catenas
1152 1836 1382 1909 macie
1416 1853 1576 1909 mea
1606 1836 1895 1929 laxatas,
1930 1858 1998 1910 et
2029 1836 2357 1911 detritam
2387 1838 2578 1910 late--

442 1950 636 2023 ribus
686 1951 862 2026 meis
908 1952 1281 2024 consciam
1320 1951 1672 2025 malorum
1725 1953 2190 2043 carinam,.et-
2231 1952 2571 2025 obrutam·

442 2067 866 2167 perennibus
904 2067 1213 2141 tenebris
1262 2068 1498 2142 feralis
1543 2053 1698 2141 loci.
1727 2090 2091 2142 cruentam
2132 2066 2558 2141 caecitatemi'

441 2187 576 2256 Ista
601 2211 797 2276 vero,
830 2184 885 2258 si
912 2183 1088 2285 quid
1115 2184 1405 2286 pudoris
1432 2182 1662 2258 habeo
1682 2242 1701 2277 ,
1736 2185 2028 2259 tacenda
2060 2206 2262 2259 sunt:
2294 2183 2575 2282 alioqui·

444 2301 602 2399 quis
627 2300 808 2374 mihi
838 2300 1184 2401 ignoscet,
1205 2302 1397 2402 quod
1428 2301 1766 2375 vicarium
1799 2301 2081 2402 accepi?
2108 2300 2316 2374 etiam
2346 2298 2554 2397 scrip-

444 2417 615 2490 sisse
648 2413 953 2517 poenitet.
991 2418 1061 2489 O
1095 2417 1310 2491 literae
1349 2417 1628 2491 fletibus
1657 2416 2007 2491 tremulae!
2054 2445 2097 2490 o
2125 2441 2377 2517 parum
2408 2411 2574 2488 alli-

446 2551 621 2631 gatae
649 2531 939 2606 manus!
981 2560 1040 2605 o·
1055 2531 1354 2606 delenda
1378 2532 1610 2608 uxoris
1634 2533 1852 2608 oculis
1871 2530 2194 2635 epistola!
2217 2558 2343 2605 cur
2370 2530 2556 2604 indi-

444 2647 627 2737 cavi,
652 2671 778 2719 eur
798 2646 1067 2748 scripsi,
1088 2647 1294 2748 quod.
1312 2665 1490 2720 uxor
1516 2675 1598 2720 ac
1627 2647 1814 2721 filius
1843 2647 2179 2720 ultimum
2205 2643 2574 2746 legerent?

447 2781 523 2833 ut
545 2760 891 2835 incertum
916 2763 1041 2854 sit,
1062 2779 1447 2836 utrumme
1468 2762 1700 2835 carius
1725 2762 2107 2853 redimant,
2123 2789 2214 2834 an
2237 2760 2550 2861 lugeant.

445 2859 745 2975 Cognita
775 2876 1003 2968 clade,
1033 2876 1365 2949 rar-issimi
1405 2899 1576 2949 uxor
1613 2875 1914 2976 exempli
1932 2934 1964 2969 ,.
1987 2897 2052 2948 et
2082 2899 2359 2976 prorsus
2392 2875 2552 2947 tal-is

445 2990 573 3064 filii
605 3011 859 3084 mater,
887 3011 1061 3068 totos
1094 2992 1353 3068 efflevit
1384 2992 1625 3067 oculos
1651 3008 1704 3084 ¹,
1732 2994 2145 3091 fontemque
2185 2991 2390 3063 illum
2427 3018 2551 3090 pe-

443 3107 773 3181 rennium
806 3107 1255 3183 lacrimarum
1283 3130 1561 3185 tantum
1590 3108 1856 3183 caecitas
1881 3107 2149 3180 clausit.
2185 3108 2259 3181 Si
2286 3133 2432 3180 non
2458 3128 2548 3179 te·

442 3223 744 3316 unisset,
793 3223 1025 3297 filium
1072 3224 1372 3297 viceratt·
1406 3223 1781 3298 continuus
1824 3221 1990 3296 inde
2031 3222 2385 3323 planctus,
2431 3220 2546 3292 iu·-

444 3339 798 3413 credibilis
835 3340 1185 3432 moestitia,
1230 3340 1504 3415 assidua
1546 3335 1958 3413 lamentatio
1999 3339 2153 3412 fuit.
2201 3339 2563 3411 Juvenem.

442 3454 674 3528 nescio
702 3454 780 3527 in
810 3482 926 3528 me
958 3457 1210 3554 magis,
1244 3483 1333 3526 an
1371 3458 1441 3526 in
1479 3477 1542 3528 te
1577 3456 1900 3526 futurum
1932 3453 2232 3552 impium
2253 3510 2271 3542 ,
2306 3451 2363 3523 si
2400 3473 2543 3522 non

440 3570 873 3663 redemisset,
898 3598 1113 3670 quem
1139 3592 1215 3643 tu
1241 3572 1336 3643 sic
1364 3569 1833 3643 desiderabas:
1854 3596 2019 3668 ergo
2043 3566 2541 3668 profectionem

438 3708 730 3788 apparat
746 3745 766 3776 ,
787 3710 866 3762 ut
888 3689 1230 3789 quoniam
1260 3688 1548 3761 reddere
1573 3688 1777 3759 matri
1806 3713 1952 3759 non
1982 3704 2256 3786 poterat
2269 3683 2504 3756 oculos
2521 3739 2540 3772 ,

515 3916 560 3950 1.
580 3899 806 3977 Esflevit
821 3899 1013 3954 oculos.
1034 3899 1159 3953 Non
1178 3898 1344 3954 habet
1356 3900 1446 3954 W.
1530 3902 1691 3955 otiam
1712 3896 1923 3951 Catullo
1948 3894 2126 3969 Epith.
2147 3891 2305 3948 Thes.
2327 3915 2375 3947 v.
2405 3893 2505 3948 263
2524 3933 2541 3960 ‚

436 3980 671 4033 Verbum
693 3982 872 4062 efflet-e
893 4001 1004 4035 non
1026 3980 1193 4035 habet
1208 3983 1378 4035 Faber
1395 3982 1451 4034 in
1530 3978 1754 4032 reddere
1776 3978 1972 4031 voluit:
2003 3999 2026 4021 α
2046 3975 2203 4026 Multi
2225 3975 2558 4062 raucisonos-

435 4058 746 4129 Thesauro‚
776 4074 828 4112 et
856 4063 1148 4114 omiserunt
1174 4059 1332 4114 etiam
1361 4061 1449 4113 alii
1535 4082 1557 4105 ι
1578 4057 1831 4110 efflebant
1864 4072 2068 4107 cornua
2103 4052 2348 4105 bombos.
2371 4074 2396 4097 n
2433 4049 2556 4102 Ubi.

435 4138 852 4212 Lexicographi,
875 4139 1021 4192 unde
1047 4139 1114 4192 de
1132 4142 1246 4210 ejus
1267 4154 1450 4192 aucto·
1528 4136 1783 4215 efflabant
1817 4133 2119 4205 legebatur,
2161 4143 2213 4183 et
2251 4127 2538 4196 Quintilia-

436 4222 593 4275 ritate
607 4220 839 4273 dubitari
853 4225 972 4294 jure
990 4234 1196 4293 potest;
1215 4220 1308 4273 sed
1322 4220 1448 4273 huie
1527 4237 1659 4271 num
1681 4219 1760 4269 uti
1781 4215 1887 4268 hoc
1907 4213 2171 4267 vocabulo
2196 4224 2376 4277 notat,
2399 4211 2556 4262 forte.

437 4298 559 4352 luno
601 4302 933 4374 aptissimum
975 4298 1198 4353 videtur.
1226 4302 1446 4354 Vossius
1526 4299 1675 4354 hunc
1700 4298 1878 4351 iocum
1900 4299 2144 4350 innuens.
2168 4296 2338 4347 Bmm.
