3200 5117
606 578 878 642 DECL.
928 578 1134 642 VIII.
1182 577 1539 641 GEMINI
1588 578 2253 644 LANGUENTES.

407 699 773 772 medicinae
801 700 1156 773 concessit.
1184 700 1443 773 Filium
1474 701 1751 792 occidit,
1779 702 1833 773 si
1864 702 1991 801 ipsi
2024 702 2329 794 creditis,
2359 703 2502 774 for-

407 834 583 887 tasse
613 816 1037 889 moriturum
1064 843 1078 887 :
1123 837 1188 887 et
1220 815 1624 904 hominem,
1664 816 1862 916 cujus
1891 817 2132 889 caritas
2168 817 2502 891 debuerat

367 1004 378 1013 ,
406 928 553 1029 ipsa
585 929 1061 1030 desperatione
1097 931 1420 1021 crevisse,
1466 931 1538 1002 in
1569 931 1705 1002 hoc
1737 932 1967 1004 solum
2013 931 2387 1031 impendit,
2421 956 2500 1006 ut

405 1045 845 1117 tantumdem
887 1065 1270 1146 superesset
1300 1046 1582 1117 incerti:
1631 1072 1774 1118 non
1810 1068 2158 1138 exonerat,
2192 1047 2499 1149 judices,

405 1158 914 1232 immanitatem
966 1160 1319 1231 saevissimi
1357 1160 1608 1258 patris,
1640 1161 1830 1258 quod
1863 1161 1995 1234 hac
2040 1162 2302 1236 ratione
2346 1190 2498 1237 cre-

404 1271 615 1343 didit:
669 1272 753 1344 de
796 1272 1179 1370 languente
1228 1273 1371 1344 filio
1421 1299 1566 1344 rem
1616 1273 2038 1366 inauditam,
2086 1302 2233 1347 rem
2276 1278 2496 1348 facere

406 1386 796 1477 crudelem,
832 1413 1052 1458 unam
1088 1387 1429 1459 rationem
1463 1386 1714 1480 habet,
1753 1389 1807 1460 si
1833 1389 1976 1488 ipse
2002 1411 2280 1462 sanetur
2302 1405 2348 1461 ¹.

503 1501 623 1571 111.
649 1501 719 1571 Ο
753 1499 1000 1580 tristior
1037 1499 1526 1597 indigniorque
1554 1528 1829 1600 semper
1853 1529 2179 1574 mensura
2212 1503 2499 1575 calami-

405 1636 631 1688 tatum
646 1672 666 1705 ,
689 1642 944 1713 magna
964 1614 1287 1687 felicitas!
1312 1606 1663 1688 hunccine
1686 1617 1849 1690 fecit
1869 1618 2125 1689 exitum
2150 1618 2260 1690 illa
2285 1619 2495 1691 modo

403 1730 664 1802 civitate
701 1751 845 1801 tota
882 1729 1256 1828 conspicua
1292 1730 1549 1802 mater?
1584 1731 1699 1805 ille
1743 1715 2149 1804 indiscretus
2181 1733 2268 1805 ab
2303 1755 2498 1807 utro-

318 1872 321 1875 *
403 1871 539 1944 que
569 1844 779 1916 latere
804 1843 1223 1919 comitatus?
1249 1844 1362 1916 ille
1389 1845 1852 1943 gaudentium
1880 1845 2098 1918 dulcis
2123 1872 2308 1917 error
2327 1874 2499 1923 ocu-

400 1959 711 2032 lorum2?
743 1960 914 2059 quid
949 1959 1126 2031 mihi
1172 1982 1471 2032 mortem
1524 1961 1856 2037 nuntiatis
1904 1961 2151 2035 unius?
2202 1961 2500 2061 perdidit

404 2074 652 2161 misera
678 2074 1032 2171 geminos:
1069 2074 1246 2172 passi
1273 2095 1438 2145 sunt
1472 2075 1663 2146 enim
1689 2075 2094 2174 languorem
2126 2077 2498 2148 miserrimi

392 2192 719 2293 juvenes3
754 2191 901 2263 sine
937 2191 1152 2263 dubio
1190 2192 1462 2288 pariter,
1499 2218 1819 2289 unaque,
1861 2220 2004 2264 non
2034 2193 2492 2285 fraternitate,

405 2333 546 2378 non
599 2306 849 2377 animae
906 2333 1421 2405 corporumque
1480 2306 1825 2378 consortio
1847 2363 1866 2396 ,
1932 2306 2051 2404 sed
2103 2306 2493 2379 conditione

404 2421 779 2520 fragilitatis
813 2422 1189 2510 humanae,
1209 2448 1351 2519 qua
1383 2422 1479 2493 sic
1508 2422 1812 2493 extranei
1839 2447 2121 2521 quoque
2158 2421 2301 2493 duo
2335 2422 2492 2493 lan-

402 2563 611 2634 guere
641 2536 1040 2636 potuissent.
1079 2539 1239 2609 Non
1276 2536 1674 2634 negaverim
1711 2537 2040 2609 morbum
2069 2535 2491 2626 terribilem,

403 2675 828 2751 gravem,wet
872 2654 1275 2752 parentibus
1320 2653 1560 2751 utique
1609 2655 2106 2742 metuendum3
2163 2654 2248 2726 de
2295 2655 2494 2755 cujus

405 2787 638 2838 tamen
671 2767 938 2857 adbuc,
973 2788 1052 2839 ut
1086 2768 1480 2866 parcissime
1512 2767 1836 2853 dixerim,
1880 2769 2190 2839 remedio
2225 2795 2496 2864 quaere-

404 2903 608 2953 retur.
653 2882 846 2973 Quid
883 2885 1256 2973 refert,-an
1297 2883 1551 2955 medici
1593 2884 2073 2954 consenserint
2115 2904 2494 2979 utrumque

400 2999 822 3095 periturum,
870 3027 1095 3100 quum
1144 3000 1476 3072 eumdem
1518 2998 1812 3070 dixerint
1857 3025 1996 3071 esse
2050 2998 2496 3095 languorem?

402 3115 850 3187 manifestum
885 3137 985 3188 est
1016 3115 1103 3187 de
1132 3113 1409 3187 duobus
1436 3140 1580 3186 non
1609 3115 1854 3186 dixisse
1882 3139 2160 3202 verum,
2191 3138 2375 3211 quos
2403 3113 2489 3183 de

400 3229 608 3302 altero
644 3252 912 3305 constat
959 3259 1103 3304 esse
1149 3230 1493 3305 mentitos.
1543 3233 1708 3302 Jam
1759 3252 2032 3319 tamen,
2065 3228 2374 3331 judices,
2406 3227 2492 3299 de

402 3362 542 3415 tam
566 3345 831 3443 perdita
852 3346 1430 3446 pronunciatione
1457 3372 1600 3417 non
1628 3346 2022 3444 querimur,
2046 3342 2236 3440 quod
2256 3345 2491 3439 aegrOS,

2382 583 2496 669 ¹75

476 3507 519 3541 1.
553 3492 612 3544 Si
649 3491 753 3563 ipse
788 3502 1009 3560 sanetur.
1052 3491 1111 3542 ld
1149 3504 1259 3557 est,
1293 3510 1401 3543 non
1487 3504 1758 3562 speratum
1770 3508 1964 3561 aegrum
1984 3489 2093 3540 fato
2110 3506 2208 3540 suo
2227 3485 2498 3557 relinque-

397 3584 602 3625 tantum
623 3573 738 3638 ille,
756 3587 974 3646 propter
994 3594 1150 3645 quem
1170 3573 1302 3625 alter
1320 3592 1404 3625 oc-
1486 3568 1755 3644 re‚‘quam
1779 3569 2091 3623 crudelitate
2114 3582 2358 3621 vexatum
2379 3587 2494 3619 cer·

396 3649 613 3717 ciditur,
636 3667 697 3719 ut
709 3654 991 3723 4scensius
1016 3652 1289 3723 capiebat,
1308 3651 1400 3703 sed

396 3728 485 3781 ille
535 3732 648 3801 ipse
668 3770 684 3798 ,
736 3751 890 3805 quem
943 3730 1181 3783 medicus
1229 3729 1400 3782 occidi

395 3811 540 3876 min
572 3813 658 3867 hic
686 3816 829 3866 enim
855 3833 1068 3877 sensim,
1100 3812 1282 3864 ultima
1318 3831 1402 3864 re-

396 3891 599 3957 media,
634 3892 900 3956 inaudita,
935 3891 1165 3946 crudelia
1203 3891 1401 3944 nullam

394 3967 593 4023 habere
629 3974 1052 4035 excusationem,
1082 3971 1180 4022 nisi
1218 3972 1270 4021 in
1309 3969 1402 4020 de·

397 4056 764 4123 speratissimis
784 4051 1013 4119 morbis,
1026 4066 1079 4104 et
1098 4071 1159 4102 ex
1181 4051 1402 4121 quibus,

398 4155 563 4208 quum
578 4136 845 4191 ordinaria
861 4135 990 4187 nihil
1008 4134 1238 4186 efficiant
1252 4169 1266 4195 ‚
1283 4151 1403 4202 spe-

394 4228 541 4267 retur
567 4218 690 4287 aegri
721 4215 861 4267 salus
892 4234 953 4266 ex
987 4226 1131 4265 extra
1165 4209 1404 4262 ordinem

397 4292 680 4349 adhibitis:
706 4312 874 4366 quum
898 4294 1050 4348 aliter
1072 4303 1285 4367 praestet
1311 4289 1406 4342 de-

1481 3668 1544 3705 tae
1587 3653 1819 3723 objicere
1857 3652 2043 3704 morti:
2086 3650 2322 3704 nondum
2365 3668 2490 3701 vero

1482 3747 1589 3785 tam
1617 3734 1951 3805 desperatam
1976 3733 2194 3785 salutem
2222 3733 2380 3783 fuisse
2410 3730 2491 3782 di-

1481 3814 1579 3875 cit,
1605 3826 1664 3863 ut
1688 3832 1794 3865 non
1815 3813 2054 3884 potuerit
2076 3828 2222 3881 aeque
2249 3810 2335 3862 ille
2360 3809 2491 3862 alter

1482 3891 1718 3956 restitui,
1747 3906 1905 3964 atque
1933 3890 2053 3957 ille,
2078 3891 2170 3961 qui
2203 3888 2487 3942 convaluit.

1482 3973 1652 4025 Bmm.
1721 4010 1728 4016 .

1554 4071 1604 4104 2.
1626 4050 1807 4104 Dulcis
1824 4069 1966 4104 error
1980 4051 2268 4105 oculorum.
2289 4053 2366 4103 Ex
2379 4051 2491 4102 Vir-

1481 4133 1607 4203 gilio
1634 4132 2003 4203 desumptum,
2029 4132 2173 4204 apud
2193 4151 2352 4204 quem
2371 4132 2487 4182 AEn.

1483 4214 1564 4280 X,
1604 4214 1705 4283 392
1731 4235 1743 4265 :
1795 4236 1817 4260 α
1838 4213 2146 4287 Gratusque
2186 4210 2494 4285 parentibus

1496 4314 1518 4340 α
1539 4311 1705 4346 error.
1726 4315 1748 4339 ιο
1776 4293 1945 4361 qut.
2411 4326 2418 4333 .
