3200 5117
735 564 853 636 214
1231 554 1320 615 M.
1370 550 1620 613 men
1664 547 2303 630 QUINTILIANI

732 705 1000 780 gressu,
1040 673 1434 746 contrahere
1466 670 1790 769 populos,
1833 668 2126 739 condere
2166 666 2375 737 urbes
2412 664 2719 755 edocuit,
2751 685 2818 736 et

734 823 955 894 quum
992 792 1339 862 mentibus
1377 788 1623 859 nostris
1659 787 1876 857 varios
1910 785 2323 884 imposuerit
2351 805 2613 874 motu3‚
2650 783 2816 854 nul-

736 912 882 982 lum
919 909 1223 1006 profecto
1264 904 1621 975 meliorem
1659 901 2131 973 benevolentia
2171 900 2418 972 tribuit
2457 902 2814 972 affectum.

737 1026 930 1115 Quid
967 1024 1155 1095 enim
1182 1025 1357 1093 foret
1380 1022 1689 1090 humano
1723 1044 1971 1116 genere
2002 1018 2296 1106 felicius,
2333 1017 2386 1087 si
2412 1043 2655 1088 omnes
2680 1042 2820 1088 esse

737 1160 1014 1240 possent
1045 1137 1293 1209 amici?
1329 1163 1472 1207 non
1507 1134 1720 1224 bella,
1756 1133 2160 1221 seditiones»,
2199 1133 2590 1223 latrocinia,
2633 1133 2817 1223 lites»,

740 1279 1112 1354 caeteraque
1150 1254 1367 1343 mala,
1413 1279 1561 1350 quae
1607 1250 2007 1321 hominibus
2042 1276 2118 1320 ex
2151 1249 2387 1346 seipsis
2422 1270 2582 1320 nata
2623 1256 2818 1339 sunt,

739 1375 1030 1445 fortunae
1056 1370 1523 1442 accessissent:
1561 1368 1629 1437 id
1655 1367 1821 1465 quia
1848 1367 2152 1436 nimium
2189 1366 2317 1435 deo
2342 1366 2566 1436 visum
2592 1387 2723 1454 est,
2753 1389 2822 1437 at

740 1509 919 1560 certe
949 1487 1244 1557 honestis
1279 1482 1641 1554 convenire
1673 1481 2058 1570 mentibus»,
2097 1480 2307 1551 fidem
2336 1481 2556 1552 colere
2576 1540 2593 1570 ,
2626 1508 2822 1553 amo-

742 1603 829 1674 ris
851 1603 1142 1700 gratiam
1167 1580 1408 1671 referre
1425 1656 1442 1686 ,
1465 1596 1793 1668 omnibus
1812 1595 2241 1694 temporibus
2257 1653 2274 1683 ,
2296 1596 2627 1667 omnibus
2649 1624 2823 1693 gen-

742 1718 928 1787 tibus
963 1716 1387 1815 praecipuum
1425 1735 1490 1784 et
1521 1712 2046 1810 quodammodo
2080 1738 2349 1782 sacrum
2392 1712 2551 1800 fuit;
2596 1738 2824 1809 neque

744 1833 931 1904 enim
963 1832 1094 1902 nisi
1124 1830 1402 1929 optimis
1435 1828 1785 1900 mentibus
1816 1827 2181 1924 contingit,
2219 1846 2295 1897 ut
2326 1848 2444 1896 ant
2475 1827 2566 1897 sic
2594 1852 2824 1896 amare

741 1948 985 2035 sciant,
1017 1968 1135 2017 aut
1166 1947 1259 2017 sic
1287 1944 1505 2016 amari
1540 1965 1967 2014 mereantur:
2001 1942 2133 2012 hoc
2162 1969 2289 2038 ego
2320 1942 2582 2012 crimen
2614 1967 2823 2039 expa-

740 2061 1048 2134 vescam?
1068 2062 1268 2131 scires
1289 2080 1716 2157 quantopere
1737 2059 2082 2155 gloriarer,
2109 2080 2321 2156 pater,
2340 2059 2394 2128 si
2419 2085 2581 2129 cum
2606 2057 2826 2129 amico

749 2206 873 2275 ego
910 2205 1069 2249 meo
1109 2177 1469 2247 redissem:
1515 2175 1647 2245 nisi
1691 2176 1867 2245 forte
1910 2174 2362 2245 similitudine
2407 2173 2825 2271 flagitiorum

748 2293 995 2363 ductus
1011 2349 1028 2380 ‚
1048 2292 1226 2389 turpi
1247 2318 1359 2361 me
1384 2289 1878 2389 conjunxeram
1895 2290 2177 2390 juveni,
2200 2316 2353 2387 quae
2376 2289 2512 2359 vita
2534 2288 2680 2358 sine
2706 2287 2833 2357 du-

748 2405 865 2476 bio
900 2431 1158 2475 nomen
1199 2404 1517 2474 amicitiae
1555 2430 1698 2474 non
1730 2403 2009 2500 accipit:
2048 2403 2314 2472 tametsi
2352 2404 2435 2473 ad
2476 2401 2663 2500 paria
2698 2403 2833 2473 du-

752 2541 945 2591 cente
972 2540 1243 2610 natura‚
1270 2520 1435 2591 vitia
1460 2520 1828 2590 amborum
1860 2539 2350 2589 convenerunt.
2383 2518 2632 2618 Objice
2659 2517 2831 2588 mihi

752 2634 1059 2704 amicum
1077 2692 1095 2723 ‚
1114 2657 1179 2705 et
1197 2635 1410 2706 habes
1425 2634 1886 2705 maledicendi
1907 2634 2259 2704 materiam
2281 2661 2293 2703 ε
2319 2633 2654 2731 gladiator
2668 2634 2831 2723 fuit,

753 2773 966 2844 quare
991 2748 1256 2819 amicus
1288 2749 1470 2821 illius
1500 2749 1726 2820 fuisti?
1750 2749 1874 2838 ita,
1906 2748 2173 2846 opinor,
2203 2744 2511 2846 poenitet!
2543 2749 2741 2820 effert
2767 2770 2831 2819 te

752 2860 1028 2959 longius
1057 2863 1289 2950 dolor;
1322 2885 1389 2935 et
1420 2863 1642 2934 nimia
1669 2863 2044 2934 concitatus
2075 2862 2205 2951 ira,
2236 2889 2375 2961 quo
2402 2862 2832 2961 progrediare

756 3002 898 3048 non
930 2978 1229 3074 respiciS.

851 3092 1037 3161 XIV.
1076 3094 1232 3162 Non
1271 3092 1520 3180 sentis»,
1554 3112 1776 3189 pater,
1811 3091 1946 3161 hoc
1976 3111 2039 3162 te
2076 3091 2252 3162 mihi
2283 3090 2608 3190 objicere,
2641 3093 2834 3190 quod

756 3205 1019 3279 vivam?
1056 3207 1426 3304 quisquam
1475 3206 1561 3277 de
1600 3206 1722 3276 illa
1763 3205 2060 3276 amicitia
2103 3208 2296 3303 queri
2340 3226 2557 3306 potest
2598 3228 2839 3307 praeter

757 3321 1175 3419 pauperem?
1214 3326 1303 3392 At
1344 3349 1469 3419 ego
1509 3322 1872 3393 inimicum
1915 3322 2258 3394 habebam
2309 3324 2488 3397 illius
2525 3347 2834 3424 patrem:

760 3441 1086 3510 decuerat
1120 3440 1442 3538 quidem,
1481 3440 1891 3525 simultateS,
1934 3468 2101 3537 quas
2135 3442 2474 3513 maxime¹
2516 3444 2838 3514 omnium

763 3553 1078 3623 mortales
1104 3581 1245 3626 esse
1268 3554 1544 3625 voluere
1570 3555 1912 3653 sapientes
1932 3614 1949 3643 ‚
1978 3556 2047 3625 in
2078 3555 2185 3626 his
2210 3554 2519 3628 desinere
2539 3615 2558 3646 ,
2587 3556 2660 3627 in
2691 3558 2843 3656 qui-

760 3668 889 3737 bus
921 3690 1392 3741 nascerentur:
1430 3696 1599 3741 nam
1636 3671 1731 3742 sic
1762 3697 2041 3767 quoque
2080 3671 2488 3742 immodicas
2519 3672 2679 3742 serit
2705 3670 2844 3743 dis-

764 3782 1159 3853 cordiarum
1187 3785 1464 3856 fortuna
1489 3811 1757 3873 causata,
1788 3785 2052 3856 etiamsi
2081 3810 2222 3856 non
2247 3785 2657 3856 hereditaria
2684 3785 2847 3857 sub-

842 4038 884 4071 1.
928 4023 1164 4073 Maxime
1221 4024 1458 4076 omnium
1526 4024 1766 4076 mortales
1844 4024 2020 4076 Rabir.
2044 4029 2182 4077 Post.
2212 4043 2258 4075 e.
2290 4042 2348 4075 η
2368 4046 2382 4085 ς
2405 4026 2581 4086 Livio,
2606 4025 2725 4087 XL,
2747 4022 2845 4087 4ος

762 4099 1243 4155 celebratissimum
1264 4117 1341 4156 est
1366 4103 1590 4169 dictum,
1622 4126 1644 4149 ι
1665 4106 1765 4156 lui·
1845 4118 1898 4156 et
1912 4104 2051 4156 aliis:
2071 4107 2142 4155 ita
2161 4103 2390 4156 Declam-
2414 4102 2661 4155 CGLvu:
2684 4123 2706 4145 α
2722 4102 2848 4150 Nou

769 4207 791 4233 ο
812 4184 1034 4237 micitias
1083 4182 1276 4237 debere
1322 4203 1437 4238 esse
1479 4183 1729 4237 mortales
1749 4223 1766 4251 ‚
1853 4205 1874 4227 ιι
1895 4195 2109 4253 oportet
2134 4182 2456 4236 immortales
2484 4196 2600 4233 nse
2621 4179 2849 4230 inimici-

772 4284 793 4307 «ι
816 4263 1068 4314 amicitias
1092 4277 1336 4330 aeternas,
1359 4286 1381 4311 ι
1402 4264 1645 4317 Ciceroni
1664 4283 1764 4336 pro
1811 4286 1818 4292 ·
1853 4286 1876 4310 ι
1894 4266 1991 4317 tiae
2008 4301 2025 4328 ,
2046 4276 2143 4316 ete.
2167 4288 2189 4311 n
