3200 5117
712 506 990 632 DECL.
1037 564 1247 629 xm.
1298 560 1530 628 APES
1577 562 2054 627 PAUPERIS.
2313 562 2437 629 305

330 693 592 766 nullius
625 690 949 765 animalis
983 690 1246 762 damno
1279 686 1424 759 haec
1466 686 1582 759 edi
1622 686 1929 759 formula
1971 706 2227 787 potest:
2273 714 2440 761 nam

331 832 398 882 et
429 837 651 883 errare
691 808 990 911 pecudes
1027 807 1287 896 solent,
1318 825 1385 896 et
1409 804 1651 903 fugere
1686 803 2078 904 mancipia:
2110 803 2167 875 si
2198 803 2332 877 hoc
2361 805 2435 877 in

333 927 587 1000 caeteris
614 953 758 998 non
790 926 1053 1017 obstat,
1082 921 1315 1022 vagari
1348 943 1423 993 tu
1453 920 1675 994 nolles
1696 948 1895 1022 apes,
1922 921 1998 993 in
2019 949 2195 1023 opus
2218 923 2403 996 exire
2421 982 2440 1015 ,

335 1063 402 1115 et
433 1046 523 1121 ad
551 1041 1044 1140 quotidianum
1073 1065 1363 1111 censum
1391 1036 1645 1110 laboris
1675 1037 1934 1111 assidui
1956 1052 1973 1082 ¹
2002 1065 2151 1112 non
2181 1038 2447 1112 detrec-

333 1177 475 1230 tare
518 1157 863 1228 militiam.
904 1157 1018 1226 An
1056 1180 1201 1226 non
1248 1154 1407 1255 ipsae
1448 1152 1748 1226 domum
1786 1180 1915 1227 sua
1956 1177 2207 1255 sponte
2248 1183 2448 1229 revo-

336 1273 486 1347 lant
501 1333 520 1365 ,
545 1274 901 1373 finemque
919 1271 1175 1345 laboris
1194 1272 1303 1344 sui
1324 1270 1464 1343 sole
1489 1271 1900 1363 metiuntur,
1923 1292 1992 1345 et
2007 1257 2240 1350 omnis
2266 1275 2451 1347 intra
2486 1283 2495 1288 ’

337 1390 570 1463 solitas
593 1390 840 1463 domos
868 1389 1070 1461 turba
1091 1388 1438 1478 conditur,
1459 1413 1880 1487 noctemque
1901 1389 2215 1464 modesto
2230 1390 2450 1464 silen-

341 1507 435 1579 tio
457 1505 783 1580 trahunt?
806 1508 954 1606 Age
978 1532 1209 1606 porro,
1239 1525 1318 1577 ut
1344 1531 1489 1576 non
1507 1503 1591 1576 sit
1612 1531 1856 1577 earum
1882 1520 2063 1578 certa
2086 1507 2445 1605 possessio,

343 1625 514 1696 dum
540 1622 812 1697 volant:
840 1650 1100 1722 nempe
1133 1649 1357 1721 quum
1388 1643 1820 1711 remearunt,
1847 1622 2202 1712 concludi,
2228 1645 2452 1698 trans-

341 1741 543 1830 ferri,
585 1738 869 1830 donari,
900 1740 1140 1812 venire
1177 1758 1503 1838 possunt:
1547 1737 1623 1807 in
1651 1757 1982 1837 potestate
2020 1757 2216 1811 sunt:
2267 1766 2453 1839 quo-

310 1937 316 1948 ,
343 1855 554 1928 modo
584 1876 816 1927 autem
846 1873 1069 1953 potest
1094 1853 1245 1926 sine
1275 1853 1536 1926 damno
1565 1878 1726 1924 meo
1756 1853 1979 1951 perire
1997 1912 2016 1945 ,
2048 1854 2240 1953 quod
2269 1882 2455 1953 quo-

344 1970 511 2042 tidie
551 1997 796 2044 meum
831 1991 955 2042 est.
990 1973 1081 2041 At
1114 1989 1296 2040 extra
1333 1967 1631 2068 imperia
1671 1969 1984 2069 positum
2018 1989 2151 2043 est:
2193 1970 2455 2045 mirum

347 2084 577 2158 hercle
595 2144 615 2177 ,
643 2086 698 2158 si
724 2105 976 2184 negato
1008 2081 1428 2157 commercio
1458 2083 1798 2156 sermonis
1827 2082 2159 2177 humani,
2189 2087 2455 2160 suntin

349 2223 749 2274 caeterorum
775 2198 1193 2273 animalium
1226 2199 1844 2292 forma².Tamen,
1878 2228 2094 2300 quam
2126 2201 2459 2277 dominus

351 2317 577 2409 dedit,
611 2316 932 2389 incolunt
949 2316 1186 2388 sedem
1204 2373 1226 2405 ,
1255 2313 1730 2388 lascivientem
1750 2313 2024 2388 luxuria
2052 2316 2299 2416 fugam
2328 2318 2461 2390 tin-

351 2435 510 2507 nitu
541 2432 1085 2534 compescimus:
1120 2431 1365 2523 etiam,
1391 2431 1449 2504 si
1481 2429 1766 2503 diversis
1796 2431 2076 2531 regibus
2103 2453 2337 2506 coorta
2358 2461 2466 2508 se-

355 2550 531 2624 ditio
566 2551 656 2623 ad
692 2550 957 2622 bellum
992 2547 1464 2621 inflammavit
1495 2547 1669 2638 iras,
1715 2548 1965 2647 exiguo
1998 2548 2319 2648 pulvere,
2352 2552 2463 2625 vel

356 2666 571 2738 unius
600 2694 804 2767 poena
832 2665 1032 2738 ducis
1055 2663 1310 2736 resedit
1336 2664 1566 2734 omnis
1591 2684 1864 2736 tumor:
1902 2665 2025 2736 illa
2049 2694 2209 2740 vero
2239 2668 2468 2741 admi-

358 2784 581 2855 randa
622 2781 988 2870 sedulitas,
1036 2779 1229 2880 quod
1273 2777 1466 2876 operi
1512 2798 1694 2851 totus
1737 2779 2114 2854 insumitur
2156 2784 2340 2876 dies,
2391 2786 2466 2857 in

359 2897 814 2970 dominorum
845 2894 1103 2968 reditus
1131 2892 1362 2966 ablata
1397 2892 1846 2993 supplentur:
1884 2922 2009 2994 age
2032 2953 2054 2987 ,
2086 2897 2142 2969 si
2173 2899 2467 2999 obsequi

361 3035 672 3114 possent,
719 3011 895 3111 quid
933 3010 1240 3112 amplius
1295 3009 1722 3111 imperares?
1767 3012 2085 3113 Intelligo
2127 3013 2234 3088 his
2275 3019 2473 3090 vanis

362 3133 543 3204 ultra
584 3129 1061 3204 necessitatem
1115 3155 1257 3202 esse
1310 3155 1757 3228 responsum:
1808 3130 1865 3202 si
1907 3157 2054 3203 non
2095 3154 2259 3204 sunt
2309 3160 2472 3234 apes

365 3273 574 3340 meae,
606 3272 696 3317 ne
724 3244 795 3316 id
827 3244 1116 3344 quidem
1136 3302 1154 3334 ,
1188 3244 1378 3342 quod
1413 3243 1525 3316 his
1555 3243 1892 3336 efficitur,
1924 3273 2165 3318 meum
2195 3268 2327 3319 est:
2360 3270 2467 3321 at-

368 3361 494 3460 qui
542 3358 742 3431 nulla
785 3388 1103 3460 unquam
1162 3360 1460 3433 inveniri
1507 3361 1738 3460 potuit
1789 3361 2271 3461 impudentia,
2323 3390 2475 3463 quae

366 3480 632 3550 fructus
661 3477 887 3550 mellis
919 3478 994 3550 in
1024 3477 1328 3549 dubium
1357 3498 1661 3550 vocaret:
1693 3477 1825 3549 hoc
1857 3504 2017 3577 ergo
2048 3480 2196 3551 fieri
2220 3501 2477 3580 potest,

367 3615 448 3667 ut
477 3595 665 3694 quod
695 3596 1018 3684 nascitur,
1055 3622 1299 3669 meum
1331 3594 1456 3686 sit5
1489 3594 1679 3692 quod
1709 3618 2029 3695 generat,
2066 3597 2428 3671 alienum?

451 3843 493 3879 ι.
520 3825 606 3877 Ad
621 3827 986 3900 quotidianum
1011 3847 1220 3882 censum
1241 3827 1392 3881 labo-'
1463 3828 1665 3882 assidui
1688 3827 1890 3882 laboris.
1916 3831 2154 3884 (ἢκουον.
2168 3830 2351 3884 Servat
2368 3831 2483 3886 vul-

368 3905 443 3956 ris
466 3906 676 3958 assidui.
702 3907 836 3961 Sauo
860 3907 1045 3958 militia
1071 3906 1276 3960 solebat
1299 3927 1387 3960 au·
1465 3923 1573 3981 gat.
1600 3911 1776 3962 Burm.
1803 3914 1891 3965 oui
1910 3913 2244 3964 assentimus.
2270 3913 2366 3966 En.

369 4003 493 4057 gere
513 4003 721 4038 census.
744 3985 901 4038 Unde
922 3984 1085 4038 illud:
1111 3997 1204 4038 aut
1229 3987 1386 4040 vitem
1543 4008 1590 4041 2.
1612 3990 1748 4042 Sunt
1767 3989 2239 4061 informa.Rarior
2254 3992 2480 4060 locutio,

365 4085 519 4139 posce
539 4066 733 4122 libello.
765 4068 866 4121 Sed
900 4086 1065 4140 quum
1093 4069 1306 4120 intueor
1329 4065 1384 4120 «τό
1469 4069 1560 4123 sed
1574 4070 1818 4140 somam
1850 4069 1938 4121 hic
1972 4073 2178 4142 accipio
2216 4092 2317 4144 pro
2356 4092 2482 4126 con-

372 4145 761 4217 quotidianum,
793 4146 935 4199 malo
957 4165 1210 4217 pensum‚·
1238 4161 1295 4198 ut
1323 4148 1390 4199 sit
1472 4152 1702 4218 ditione,
1743 4164 1912 4218 statu,
1962 4152 2381 4205 consuetudine:
2424 4168 2487 4208 ut

372 4245 500 4278 non·
523 4228 806 4281 detrectare
845 4227 1099 4281 militiam
1119 4265 1138 4293 ,
1178 4228 1391 4300 expedi·
1474 4233 1578 4284 sint
1598 4230 1822 4298 similes,
1855 4250 1965 4283 non
1989 4231 2203 4285 divereae
2230 4251 2263 4284 a
2288 4235 2487 4291 ceteris

375 4306 600 4372 tionem,
642 4307 713 4357 ad
758 4306 1131 4380 quotidianum
1169 4326 1389 4379 pensum
1479 4309 1814 4365 animalibuS.
1838 4311 2008 4380 Bm.

593 4391 644 4446 5.
2145 4413 2213 4450 20
