3200 5117
549 533 759 599 DEC.
807 530 1001 596 XIX.
1052 526 1445 594 INFAMIS
1493 528 1589 592 IN
1641 523 2083 609 MATREM,
2134 530 2228 595 11.
2332 530 2462 618 399

360 655 752 756 primantur
777 651 1315 726 exclamationes
1333 707 1353 741 ,
1384 677 1504 722 ora
1532 649 1954 723 claudantur
1972 708 1990 740 ,
2015 651 2196 723 nihil
2226 673 2462 751 negat,

361 772 483 870 qui
517 772 649 844 hoc
683 771 964 844 fatetur.
993 768 1214 865 Atqui
1248 792 1697 842 summorum
1728 767 2125 842 facinorum
2156 769 2302 868 ipsa
2330 769 2467 840 im-

361 887 660 960 manitas
689 884 1096 959 innocentia
1121 905 1258 957 est:
1288 882 1520 958 filium
1555 903 1750 983 pater
1781 910 1927 956 non
1963 884 2288 975 demens,
2318 911 2464 958 non

363 1002 650 1075 insanus
684 1000 905 1073 occidi
934 1027 949 1071 :
990 999 1356 1072 hominem
1387 1017 1574 1071 extra
1608 1024 1849 1072 sensus
1883 1000 2313 1100 affectusque
2342 1026 2468 1099 po-

364 1117 574 1191 situm
606 1115 919 1215 quisquis
942 1141 1136 1186 nunc
1166 1114 1568 1201 miseratur,
1593 1112 1879 1186 occidit.

462 1232 585 1301 vl.
643 1229 856 1301 Vides
894 1254 1168 1319 senem,
1199 1226 1541 1325 sanguine
1571 1253 1699 1299 suo
1737 1224 2116 1318 fluentem,
2160 1227 2469 1304 laceratis

337 1347 757 1444 'exustisque
805 1345 941 1417 illis
982 1343 1448 1420 sanctioribus
1492 1343 2009 1443 carioribusque
2049 1346 2467 1438 visceribus,

370 1490 577 1562 super
619 1461 954 1533 exanimis
988 1460 1181 1533 unici
1225 1486 1474 1559 corpus
1508 1460 1808 1532 cruentis
1850 1459 2176 1533 manibus
2215 1460 2469 1562 jacen-

370 1601 515 1652 tem
540 1578 568 1649 ?
598 1578 883 1651 horreo¹
936 1577 1263 1667 cadaver,
1312 1597 1379 1648 et
1418 1574 1614 1649 velut
1646 1602 1966 1675 corpora,
2002 1603 2156 1675 quoe
2185 1577 2470 1652 caelestis
2574 1633 2581 1642 .

371 1694 788 1768 exanimavit
832 1694 1010 1793 ignis
1028 1707 1081 1781 ²,
1129 1692 1323 1765 adire
1366 1692 1654 1792 propius
1698 1693 1936 1765 timeo.
1985 1694 2095 1766 Ad
2144 1694 2469 1790 quaedam

368 1808 678 1881 facinora
699 1808 954 1882 sufficit
971 1807 1290 1882 claudere
1311 1807 1583 1896 oculos,
1609 1806 1842 1880 vultus
1866 1828 2200 1899 avertere,
2225 1830 2468 1900 tacere,

371 1925 652 2016 mirari,
684 1945 752 1997 et
783 1924 1224 1998 incredibiles
1254 1923 1688 1996 calamitates
1717 1923 2111 2021 relinquere
2144 1924 2287 1996 suis
2317 1951 2474 1997 cau·

372 2039 481 2110 sis.
514 2040 876 2130 Miserere,
915 2067 1003 2112 ne
1036 2039 1214 2139 quid
1247 2038 1550 2138 amplius
1585 2065 1881 2138 quaeras,
1918 2066 2010 2112 ne
2044 2040 2216 2139 quid
2253 2040 2474 2112 inter-

370 2183 605 2255 roges:
639 2157 992 2232 dicturum
1018 2184 1134 2229 me
1158 2178 1400 2257 putas,
1432 2183 1637 2256 parce
1664 2157 1931 2245 seculo,
1958 2183 2163 2255 parce
2188 2157 2469 2248 marito,

372 2297 576 2371 parce
618 2270 834 2372 patri?
861 2293 935 2344 tu
960 2298 1119 2343 vero
1148 2298 1353 2371 parce
1383 2270 1518 2360 illi,
1550 2270 1673 2368 qui
1707 2270 1971 2346 occisus
2000 2292 2122 2344 est.
2153 2274 2432 2344 Novum
2452 2327 2472 2361 ,

367 2386 669 2487 judiceS,
695 2388 923 2463 uxoris
946 2389 1020 2460 in
1045 2388 1299 2462 marito
1317 2386 1345 2433 ³
1373 2387 1640 2461 crimen
1667 2387 1930 2461 audite:
1957 2387 2316 2461 silentium
2340 2411 2472 2481 est,

378 2501 465 2574 de
521 2530 662 2602 quo
709 2505 1045 2603 queritur.
1108 2504 1388 2578 Solebat
1442 2503 1836 2603 indignatio
1885 2526 2109 2576 vestra
2162 2501 2477 2577 convicia

381 2637 612 2691 nostra
635 2619 808 2691 ferre
830 2647 977 2692 non
1009 2645 1238 2720 posse,
1261 2641 1328 2692 et
1350 2621 1756 2693 matronalis
1792 2620 2099 2720 dignatio
2135 2621 2360 2695 dicere
2389 2623 2479 2695 vi-

382 2731 709 2805 debatur:
742 2761 887 2807 non
922 2735 1143 2833 parcis
1182 2762 1345 2836 erga
1380 2761 1533 2828 me,
1573 2738 1855 2828 marite,
1895 2738 2152 2828 verbis3
2200 2738 2476 2813 nullam

380 2845 595 2920 habet
625 2848 836 2922 nostri
871 2869 1032 2930 tuus
1062 2876 1288 2922 sermo
1323 2850 1812 2940 reverentiam3
1848 2851 2052 2924 facile
2081 2852 2478 2951 prorumpis

379 2963 450 3035 in
477 2966 873 3066 opprobria;
899 2967 1101 3044 facile
1126 2968 1513 3067 quodlibet
1531 2968 1797 3069 objicis;
1825 2968 2189 3058 exclamas,
2215 2989 2282 3040 et
2305 2968 2475 3039 dum

379 3079 683 3155 nimium
706 3083 1009 3157 libertati
1028 3084 1217 3157 vocis
1236 3083 1581 3182 indulges,
1610 3105 1829 3181 potest
1847 3083 2147 3183 populus
2168 3082 2476 3181 aliquem

381 3196 465 3268 de
490 3224 603 3271 me
635 3200 858 3273 facere
887 3228 1270 3276 rumorem.
1305 3203 1419 3275 Tu
1438 3258 1458 3292 ,
1490 3200 1779 3288 mulier,
1816 3200 2059 3302 objicis
2089 3199 2269 3270 mihi
2294 3226 2475 3290 rem,

383 3336 537 3409 quoe
567 3314 750 3385 nulli
781 3343 1098 3415 unquam
1146 3318 1430 3391 crimini
1458 3316 1626 3407 fuit;
1661 3316 1880 3389 solam
1925 3316 2002 3387 in
2035 3314 2283 3386 nostris
2315 3341 2476 3386 mo-

459 3472 504 3507 1.
568 3455 789 3511 Homo.
853 3460 1078 3515 Videtur
1133 3463 1386 3535 periodus
1466 3461 1811 3533 corporibus,
1841 3461 2069 3526 etlouis,
2094 3460 2188 3513 ubi
2209 3472 2358 3513 erant
2391 3478 2483 3514 ex·-

384 3540 738 3609 transposita,
789 3554 841 3593 et
886 3541 1260 3613 subjungenda
1306 3563 1390 3596 se-
1468 3543 1686 3607 stiucta,
1707 3538 1944 3613 quaedam
1969 3538 2167 3590 tributa
2188 3540 2390 3612 religio.
2413 3542 2476 3593 V.

385 3617 568 3685 quenti
588 3637 600 3667 :
627 3619 753 3688 quia
784 3631 837 3670 et
874 3619 1153 3673 commode
1190 3620 1391 3675 locare-
1471 3623 1638 3674 Gron.
1658 3621 1724 3675 ad
1741 3622 1910 3672 Plaut.
1927 3622 2075 3672 Trin.
2094 3621 2168 3686 11,
2186 3639 2339 3688 Πρω.
2362 3621 2477 3674 138.

385 3706 489 3759 tur,
512 3708 638 3766 post
668 3715 851 3750 vocem
883 3699 1077 3768 occidi,
1109 3714 1231 3753 ante
1256 3701 1394 3756 vides
1472 3701 1691 3754 Senum.
1717 3693 2144 3753 Exhibet'autem
2159 3703 2247 3753 W.
2275 3700 2483 3754 celestis

385 3791 573 3825 senem.
627 3774 760 3829 Sunt
805 3790 982 3830 autem
1030 3780 1207 3831 omnia
1259 3781 1397 3833 acci-
1476 3782 1769 3845 exanimat,
1787 3782 1940 3833 Voss.
1966 3799 2047 3851 pr.
2073 3780 2381 3833 exinanivit.

385 3853 586 3926 pienda
623 3869 893 3930 tamquam
929 3878 994 3912 eo
1027 3860 1196 3928 dicta,
1219 3875 1279 3914 ut
1311 3882 1400 3916 os-
1547 3862 1597 3914 3.
1625 3862 1693 3913 In
1721 3863 1929 3915 marito.
1956 3861 2075 3913 vid.
2102 3860 2171 3914 ad
2192 3861 2340 3914 Decl.
2367 3860 2483 3928 XV,

390 3931 641 3986 tendatur
686 3936 760 3987 ita
797 3955 981 3990 recens
1013 3939 1212 3992 factum
1248 3959 1395 4008 esse,
1476 3942 1528 3995 6.
1557 3945 1764 3996 crimen
1791 3962 1920 3996 vero
1943 3940 2029 3994 hic
2056 3956 2136 3996 est
2158 3944 2482 4006 criminatio,

390 4024 448 4062 ut
484 4011 660 4065 adhuc
704 4014 816 4066 fieri
854 4014 1111 4082 videatur,
1153 4033 1204 4071 et
1235 4037 1395 4090 quam
1475 4025 1764 4076 accusatio.
1790 4026 1952 4076 Recte
1976 4034 2154 4077 autem
2176 4020 2368 4082 Badius
2392 4043 2487 4077 no·

388 4091 491 4161 ipsi
509 4092 648 4161 patri
670 4094 739 4145 sit
762 4090 903 4146 illius
928 4095 1180 4165 cogitatio
1206 4094 1321 4149 dira
1343 4111 1397 4151 et
1475 4117 1550 4156 tat
1566 4142 1584 4170 ‚
1618 4106 1844 4157 ironiam
1880 4121 1995 4155 esse
2037 4103 2105 4156 ad
2141 4104 2485 4158 imitationem

389 4169 628 4223 molesta.
656 4172 876 4227 Senum.
1475 4186 1749 4238 Ciceronis
1766 4223 1782 4250 ,
1809 4184 1874 4236 de
1900 4201 2005 4256 qua
2021 4185 2223 4240 Fabius
2242 4187 2368 4238 lust.
2389 4183 2483 4238 lib.

462 4267 513 4307 a.
538 4249 762 4307 Coelestis
784 4254 1107 4307 exanimavit
1131 4256 1279 4329 iqm's.
1302 4260 1393 4313 His
1477 4265 1570 4330 w,
1594 4281 1715 4335 cap.
1749 4281 1792 4317 ι.
1824 4264 1994 4318 Bum-
