3200 5117
836 612 872 655 2
1336 590 1426 654 M.
1476 589 1722 653 FABH
1768 588 2398 672 QUtNTthNt

833 709 1102 783 ambitu
1139 711 1534 782 tristissimae
1564 710 1994 800 calamitati5‚
2026 731 2287 807 poterat
2317 709 2619 807 allegare
2643 723 2661 754 ¹
2705 711 2901 782 vobis

833 824 1155 908 amissam
1196 852 1356 897 cum
1402 824 1620 896 oculis
1659 824 2153 923 cogitationum
2189 824 2512 896 omnium
2547 824 2899 896 temerita-

833 961 973 1039 tem
1003 968 1016 1011 :
1064 940 1180 1012 sed
1209 967 1427 1039 quum
1458 942 1812 1012 ostendere
1845 939 2317 1011 innocentiam
2352 966 2550 1011 suam
2585 939 2899 1011 moribus

830 1053 1056 1142 malit,
1092 1083 1305 1153 quam
1334 1056 1716 1144 adversis²;
1754 1082 1979 1153 neque
2014 1055 2256 1153 pietati
2293 1081 2517 1152 neque
2553 1055 2901 1126 conscien-

830 1168 937 1240 tiae
975 1195 1111 1241 suae
1154 1197 1428 1266 gravem
1461 1171 1636 1241 ferre
1676 1169 2172 1241 contumeliam
2211 1188 2457 1266 potest,
2501 1189 2578 1239 ut
2611 1168 2898 1267 parrici-

831 1283 1027 1353 dium
1073 1310 1215 1354 non
1262 1285 1497 1356 fecisse
1544 1285 1859 1356 videatur
1903 1284 2239 1355 beneficio
2280 1283 2624 1355 caecitatiS.
2662 1283 2897 1373 Quare

831 1425 975 1471 non
1004 1400 1213 1498 petit,
1239 1422 1320 1473 ut
1340 1402 1673 1473 miserum
1709 1401 1966 1499 putetis
1987 1457 2007 1490 ,
2032 1401 2166 1471 nisi
2192 1422 2261 1472 et
2293 1401 2625 1472 innocens
2656 1398 2895 1470 fuerit:

831 1542 974 1586 non
1003 1517 1200 1611 petit,
1238 1537 1313 1588 ut
1339 1517 1679 1589 afflictum
1710 1517 2045 1605 alleveti5‚
2077 1516 2208 1586 nisi
2243 1537 2309 1586 et
2342 1515 2728 1614 probaverit
2757 1540 2900 1585 sese

829 1630 1282 1703 infeliciorem
1326 1633 1513 1729 quod
1549 1654 1816 1732 patrem
1854 1632 2123 1720 amisit,
2170 1659 2383 1730 quam
2416 1632 2605 1730 quod
2638 1630 2892 1702 oculos.

830 1743 1178 1815 AEstimate
1203 1743 1533 1844 juvenem
1566 1747 1647 1817 iis
1674 1747 2015 1834 moribus,
2046 1746 2298 1841 quibus
2329 1745 2679 1817 videntem
2717 1743 2896 1815 aesti-

828 1855 1134 1944 marcus,
1166 1858 1334 1946 vita,
1379 1857 1677 1956 pudore,
1725 1859 1998 1955 pictate.
2039 1861 2216 1947 Quae
2256 1858 2309 1927 si
2352 1857 2587 1928 omnia
2619 1855 2786 1945 sibi,
2823 1878 2901 1928 ut

830 1989 1033 2040 erunt
1052 1970 1423 2067 promissa³
1438 2028 1455 2058 ‚
1480 1970 1926 2058 constiterint,
1946 1970 2140 2041 nullo
2158 1967 2557 2042 terrebiturl*
2578 1970 2895 2040 crimine:

829 2108 954 2153 nec
993 2084 1181 2179 quod
1210 2082 1732 2154 sceleratissima
1776 2084 2198 2155 feminarum
2242 2085 2708 2156 calamitatem
2743 2111 2900 2155 nos·

831 2217 1008 2266 tram
1036 2218 1389 2268 cruentato
1422 2197 1675 2295 pariete
1710 2198 1974 2271 imitata
2006 2222 2131 2288 est,
2161 2199 2698 2297 expavescimus,
2735 2200 2901 2288 Quo

834 2309 1249 2406 diligentior,
1272 2338 1408 2410 quo
1434 2312 1784 2384 sollicitior
1801 2313 1960 2399 fuit,
1982 2341 2066 2386 ne
2094 2312 2744 2412 deprehenderetur,
2767 2311 2900 2384 hoc

834 2528 886 2567 et
917 2531 994 2584 17.
1029 2515 1116 2568 Uti
1137 2518 1334 2570 ambitu
1360 2518 1670 2572 calamitatis
1698 2519 1825 2571 mihi

828 2593 1038 2645 videtur
1068 2596 1223 2646 etiam
1256 2611 1474 2663 notare,
1514 2617 1825 2669 exaggerare

1902 2522 2217 2592 promiserit.
2241 2544 2261 2567 ιι
2286 2520 2417 2572 Vide
2436 2522 2618 2572 Senee.
2647 2522 2898 2573 Controv.

1907 2621 2003 2672 29,
2038 2615 2089 2654 et
2117 2604 2250 2656 Just.
2277 2603 2401 2668 Vll,
2436 2603 2487 2653 6.
2521 2603 2779 2653 Promittit
2813 2600 2906 2674 hic·

832 2693 1054 2747 operose
1070 2676 1408 2746 calamitates,
1425 2693 1483 2731 ut
1496 2679 1708 2743 Fabius,
1725 2681 1827 2732 De-

832 2755 986 2808 clam.
1009 2756 1039 2808 5
1059 2778 1069 2808 :
1098 2781 1119 2804 ιι
1140 2760 1458 2831 Corruptum
1479 2779 1561 2811 me
1581 2761 1825 2832 precibus

840 2858 862 2882 a
880 2839 1076 2907 putatis
1120 2852 1278 2910 atque
1324 2841 1524 2893 ambitu
1570 2841 1828 2914 lacryma-

838 2936 860 2961 α
883 2935 1016 2967 rum.
1040 2938 1061 2962 n
1088 2920 1150 2969 In
1168 2917 1362 2989 quibus
1383 2920 1629 2971 omnibus
1650 2933 1729 2972 est
1747 2939 1830 2972 os·

834 2995 1055 3046 tentatio
1077 2995 1335 3066 quaedam.

912 3090 954 3125 ι.
999 3073 1255 3148 Alleqare.
1290 3077 1626 3131 Translatum
1663 3080 1829 3149 possit

833 3153 1022 3220 videri3
1044 3175 1163 3206 nam
1186 3157 1414 3210 Declam.
1443 3177 1470 3210 2
1497 3161 1609 3211 init.
1628 3180 1642 3222 ;
1663 3173 1714 3212 et
1730 3163 1832 3212 De·

837 3234 989 3287 clam.
1014 3251 1042 3303 7
1065 3237 1181 3298 δας
1208 3240 1331 3289 item
1353 3239 1584 3291 Declam.
1610 3258 1628 3291 ι
1646 3259 1690 3306 ι,
1715 3260 1832 3293 nec-

836 3335 946 3367 non
975 3319 1078 3384 340
1094 3355 1111 3382 ‚
1140 3318 1231 3369 ubi
1255 3317 1388 3371 vide.
1423 3323 1481 3372 ln
1504 3319 1582 3371 his
1606 3319 1832 3393 alleqare

836 3408 913 3447 est
949 3413 1057 3446 rem
1087 3398 1354 3466 proferre,
1382 3417 1495 3469 quae
1526 3403 1688 3468 possit
1719 3419 1831 3450 mo-

735 3475 742 3481 '
836 3489 957 3525 vere
980 3489 1101 3525 eum
1124 3475 1275 3542 cujus
1298 3475 1623 3527 voluntatem
1648 3497 1832 3529 secun-

839 3548 956 3603 dam
983 3550 1135 3603 nobis
1158 3554 1414 3621 cupimus.

914 3648 960 3681 a.
1018 3630 1265 3683 Adversis.
1309 3630 1517 3698 Quibus
1553 3632 1831 3685 oculorum

836 3703 1037 3758 lumina
1060 3721 1113 3759 et
1136 3707 1519 3764 oblectamenta
1543 3714 1659 3763 vitae
1674 3749 1690 3774 .‚
1718 3731 1831 3764 om-

838 3789 1094 3859 niumque
1119 3787 1251 3840 adeo
1276 3792 1656 3860 cogitationum
1680 3791 1831 3844 lasci-

836 3871 971 3921 viam
1014 3882 1067 3920 et
1103 3870 1375 3922 audaciam
1416 3872 1663 3943 perdidit.
1697 3873 1831 3926 Vide

837 3946 1070 4000 Declam.
1096 3966 1203 4019 seq.
1229 3951 1342 4001 init.

909 4027 961 4079 3.
993 4028 1061 4078 Ut
1084 4042 1233 4081 erum
1251 4030 1515 4101 promissa.
1544 4032 1829 4100 Quomodo

838 4106 1123 4176 promissa?
1142 4125 1235 4176 per
1250 4124 1394 4177 spem
1411 4113 1652 4186 pueritia
1673 4124 1834 4183 atque

1905 2684 2207 2756 incipiendo
2223 2698 2404 2735 orator
2419 2683 2562 2755 quod
2579 2696 2762 2754 postea
2783 2700 2903 2753 pro-

1904 2763 2067 2814 babit.
2100 2765 2173 2813 Ita
2199 2762 2556 2830 Quintilianus
2584 2763 2638 2812 in
2664 2762 2865 2814 Praefat.
2883 2799 2902 2827 ‚

1907 2842 2122 2912 lih.1‚§.
2151 2844 2240 2909 14:
2273 2865 2294 2887 οι
2313 2843 2506 2893 Facere
2523 2844 2719 2912 optima
2741 2861 2901 2913 quam

1913 2946 1936 2970 ι
1954 2925 2260 2996 promittere
2283 2923 2600 2975 maluerunt.
2622 2946 2643 2970 n
2677 2924 2759 2974 Sic
2779 2918 2910 2993 pro-

1907 3007 2099 3071 missor,
2121 3007 2299 3054 Horat.
2325 3006 2434 3056 Art.
2461 3006 2683 3068 Poetic.‚
2701 3024 2751 3055 v.
2784 3005 2902 3057 138.

1907 3086 1989 3137 Sic
2009 3083 2309 3153 promittere
2341 3102 2438 3153 pro
2465 3084 2662 3152 iactare
2687 3085 2902 3155 passim.

1908 3193 1978 3204 —
1999 3166 2065 3216 Ut
2087 3175 2247 3216 erant.
2276 3163 2333 3214 ld
2360 3178 2465 3229 est,
2486 3166 2529 3216 si
2552 3166 2727 3215 omnia
2751 3163 2904 3217 vobis

1910 3245 2149 3295 oratione
2164 3261 2277 3294 mea
2291 3281 2307 3306 .,
2317 3241 2519 3313 judices
2533 3281 2547 3306 ‚
2560 3241 2779 3313 probata
2795 3243 2908 3294 fue-

1909 3324 2012 3372 rint
2029 3358 2045 3384 ‚
2084 3333 2140 3371 ut
2177 3339 2319 3372 nuuc
2359 3323 2765 3391 promittuntur,
2809 3341 2906 3373 seu

1908 3400 2230 3450 affirmantur
2262 3417 2291 3449 ιι
2325 3417 2424 3449 me.
2457 3428 2528 3437 -
2558 3398 2903 3451 Constiten'nl.

1907 3479 2022 3528 Hoc
2047 3478 2257 3547 respicit
2279 3495 2344 3527 eo
2369 3476 2514 3547 quod
2537 3477 2593 3526 in
2615 3478 2773 3527 vitam
2793 3476 2909 3528 lau·

1910 3553 2225 3605 (latissimam
2262 3553 2420 3624 hujus
2450 3556 2656 3624 juvenis
2672 3593 2689 3620 ‚
2728 3553 2907 3625 pudo-

1909 3653 2125 3706 remque
2143 3649 2192 3686 et
2206 3633 2455 3706 pietatem
2468 3673 2485 3697 ,
2499 3652 2775 3705 nunquam
2796 3625 2907 3686 col·

1908 3715 2012 3767 lato
2037 3719 2103 3767 sit
2132 3718 2383 3779 mutatio,
2408 3735 2524 3787 quae
2555 3735 2663 3768 non
2693 3734 2908 3787 exspec-

1909 3806 2109 3845 taretur
2151 3808 2202 3845 et
2246 3796 2422 3846 minus
2470 3794 2717 3856 decen-en
2759 3793 2908 3864 quod

1910 3891 2116 3946 semper
2138 3874 2319 3927 similis
2342 3873 2442 3926 sibi
2463 3876 2639 3926 fuerit.
2668 3873 2786 3926 vid.
2808 3877 2910 3926 Vn·

1911 3953 2003 4005 lcr.
2027 3951 2235 4004 Maxim.
2261 3953 2350 4017 lv,
2372 3954 2435 4017 4,
2463 3971 2522 4022 73
2547 3966 2599 4004 et
2618 3954 2873 4005 Nostrum
2890 3990 2906 4019 ,

1909 4037 2075 4086 Instit.
2094 4037 2157 4098 V,
2180 4031 2239 4100 ζ,
2261 4047 2313 4085 et
2335 4034 2565 4086 Declam.
2596 4032 2711 4086 135.

1981 4115 2032 4182 4.
2060 4114 2361 4166 Ten-rebitur.
2393 4116 2494 4166 Hie
2521 4117 2691 4184 agitur
2717 4113 2784 4166 de
2809 4115 2911 4165 mi·

837 4181 1219 4237 adolescentiae.
1257 4187 1525 4251 Sic-infra:
1556 4211 1581 4233 a
1604 4191 1837 4242 Interro-
1913 4194 1993 4244 nie
2020 4194 2351 4244 accusatricis
2377 4209 2492 4263 qun
2518 4205 2715 4244 terrere
2744 4194 2910 4262 privi-
2949 4211 2953 4215 ·

840 4263 977 4329 gabo
992 4267 1088 4335 per
1105 4281 1218 4336 quae
1232 4284 1287 4320 ae
1300 4267 1616 4338 parricida·
1636 4270 1833 4324 scelera

1913 4292 2080 4343 gnum
2103 4275 2340 4345 speciosa
2365 4277 2601 4326 oratione
2625 4273 2853 4326 volebat.
