3200 5117
774 587 859 655 66
1509 587 2133 651 DECLAMATIO

775 740 999 784 unum
1031 711 1117 782 ab
1140 710 1506 782 affectibus
1524 710 1757 781 vestris
1784 733 1969 809 pem,
1994 711 2124 781 hoc
2153 707 2529 807 specialiter
2549 706 2864 781 obtinere

776 828 1113 914 desidem,
1134 854 1221 898 ne
1244 827 1644 924 turpissimo
1671 827 1873 897 militi
1902 853 2023 898 sua
2050 827 2264 924 prosit
2283 826 2638 923 iniquitas,
2656 853 2745 895 ne
2774 824 2862 894 ab

776 943 985 1043 hujus
1042 942 1280 1040 flagitii
1328 942 1632 1013 vindicta
1664 942 1959 1043 cujusvis
2008 969 2169 1011 eum
2217 942 2390 1011 ficti¹
2449 959 2757 1038 protegat
2799 961 2868 1016 ct

778 1078 1049 1128 excuset
1077 1057 1358 1128 invidia.
1398 1057 1605 1127 Miles
1641 1056 1847 1127 iratus
1883 1079 1947 1127 et
1976 1056 2310 1142 insolens,
2353 1057 2522 1126 dum
2555 1056 2860 1126 tribuni-

778 1173 955 1244 ciam
988 1200 1132 1243 non
1168 1195 1267 1244 est
1292 1172 1548 1244 veritus
1581 1172 2025 1270 dignitatem,
2048 1174 2556 1270 sempiternum
2580 1171 2866 1242 incussit

778 1288 1232 1387 opprobrium
1256 1289 1604 1386 paludatis
1622 1302 1670 1358 ².
1705 1290 1866 1359 Sera
1893 1290 2194 1386 querela,
2227 1314 2379 1386 quae
2405 1288 2600 1359 nullo
2617 1289 2866 1358 suffra-

777 1426 981 1502 gatur
1015 1403 1352 1503 oppressis
1384 1403 1724 1491 remedi03
1762 1425 1830 1474 et
1856 1424 2090 1474 tamen
2125 1403 2489 1500 diligenter
2519 1402 2862 1501 agendam

777 1546 917 1590 esse
951 1518 1165 1590 libera
1202 1546 1366 1590 voce
1412 1518 1841 1616 pronuncio,
1882 1545 2004 1616 per
2043 1545 2258 1617 quam
2300 1518 2614 1588 vivorum
2659 1515 2858 1587 saluti

779 1634 1191 1723 consulitur,
1239 1660 1360 1732 per
1407 1660 1622 1732 quam
1673 1633 2014 1705 securitati
2059 1632 2591 1730 magistratuum
2639 1632 2863 1730 provi-

779 1746 1002 1818 detur.
1039 1752 1179 1819 Lex
1211 1775 1251 1817 a
1282 1748 1573 1819 mortuis
1610 1770 2051 1846 peremptum
2079 1774 2223 1817 non
2259 1768 2558 1836 revocat,
2594 1748 2710 1818 sed
2752 1773 2866 1845 pe-

778 1860 1078 1933 rimendi
1137 1861 1443 1959 praecidit
1501 1862 1853 1934 licentiam
1877 1921 1894 1952 ,
1949 1862 2119 1933 dum
2171 1861 2675 1960 perimentibus
2702 1889 2866 1960 pen-

777 1965 1040 2047 denda'3
1067 1976 1298 2047 dictat.
1333 1977 1564 2076 IInjus
1590 1978 1675 2045 ad
1697 1977 1950 2046 Caium
1967 1977 2272 2046 Marium
2288 1976 2439 2047 loco
2457 1996 2862 2075 praesentem

778 2092 1034 2180 sentio,
1056 2092 1367 2190 judiceS,
1422 2091 1709 2161 actionis
1758 2090 2148 2188 plurimum
2174 2113 2482 2189 oportere
2522 2091 2865 2178 converti3

778 2228 853 2305 ut
886 2207 1059 2276 dum
1092 2203 1384 2275 habetur
1417 2232 1643 2274 sermo
1680 2204 1762 2273 de
1797 2204 2104 2301 legibuS,
2150 2206 2236 2275 ad
2291 2205 2520 2303 ipsum
2560 2204 2869 2302 peculia-

778 2319 938 2390 riter
967 2318 1335 2413 dirigatur,
1370 2319 1558 2414 apud
1609 2345 1818 2414 quem
1856 2319 2094 2416 legum
2137 2341 2234 2391 est
2265 2319 2866 2417 specialius-dele·-

784 2454 944 2528 gata
968 2432 1302 2502 custodia.

874 2552 961 2620 11.
989 2551 1193 2619 Nunc
1225 2548 1467 2646 igitur,
1495 2547 1619 2619 Cai
1645 2548 1862 2638 Mari,
1910 2549 2047 2621 dux
2085 2550 2519 2622 invictissimi
2545 2550 2869 2622 nominis

778 2667 1108 2736 hactenus
1144 2685 1209 2734 et
1232 2665 1405 2735 virtu
1418 2663 1499 2735 tis
1518 2720 1536 2752 ‚
1574 2691 1789 2762 quem
1813 2665 1901 2735 ad
1927 2664 2263 2736 ducatum
2293 2665 2506 2765 hujus
2538 2665 2867 2737 exercitus

780 2805 1085 2850 romanae
1122 2778 1466 2875 gravitatis
1499 2777 1984 2871 (sanctissimis
2027 2780 2315 2849 auribus
2354 2778 2489 2849 tuis
2523 2779 2746 2849 honos
2780 2779 2871 2851 sit

780 2894 1088 2988 habitus)
1122 2915 1188 2965 et
1217 2893 1424 2990 elegit
1448 2914 1512 2962 et
1536 2892 1834 2990 praefecit
1856 2892 2260 2990 prudentia3
2295 2918 2514 2981 nune,
2542 2891 2828 2989 inquam
2848 2949 2866 2982 ,

780 3030 1009 3080 totum
1033 3008 1160 3080 tibi
1185 3029 1503 3079 senatum
1529 3008 1754 3104 cogita
1776 3007 2280 3105 supplicantem
2297 3063 2316 3096 ,
2341 3034 2530 3078 nunc
2562 3009 2867 3104 reginam

779 3145 843 3194 et
869 3146 1075 3222 caput
1100 3122 1348 3195 mundi
1374 3125 1674 3192 Romam
1695 3179 1714 3211 ,
1758 3122 1955 3219 quasi
1984 3122 2120 3193 tuis
2151 3122 2448 3220 genibus
2473 3121 2869 3192 advolutam

778 3239 1162 3326 considera3
1191 3265 1278 3307 ne
1309 3235 1474 3333 legis
1506 3237 1654 3337 ejus
1688 3236 1986 3334 rigorem
2021 3237 2335 3307 emollias
2356 3293 2373 3324 ,
2416 3263 2502 3306 ne
2534 3236 2868 3306 sustineas

779 3354 1156 3423 temerariis
1193 3351 1600 3449 iniquorum
1629 3350 2261 3423 ausibusinfirmari
2284 3410 2302 3442 ,
2336 3377 2553 3449 quam
2579 3350 2665 3419 ab
2692 3349 2871 3420 anti-

855 3608 900 3641 ι.
928 3591 1140 3662 Flagitii
1166 3590 1393 3642 vindicta
1418 3591 1635 3661 cnjusvis
1663 3608 1779 3640 eum
1861 3607 1946 3643 tur
1969 3594 2107 3643 enim
2129 3593 2320 3643 lacuna
2350 3610 2439 3643 sex
2468 3605 2559 3644 aut
2588 3604 2789 3662 septem
2807 3590 2872 3640 li-

765 3668 902 3740 ftcti.
936 3670 1277 3739 Transposita
1312 3669 1558 3719 videntur
1585 3667 1744 3719 verba
1764 3707 1782 3732 ,
1865 3684 2092 3722 terarum
2119 3690 2301 3742 capax.
2336 3671 2526 3722 Manus
2567 3668 2745 3739 aliqua
2785 3687 2871 3719 re-

780 3763 830 3799 et
855 3749 927 3800 sic
951 3746 1291 3811 collocanda,
1311 3759 1370 3796 ut
1376 3744 1500 3817 ficti
1518 3746 1784 3817 praecedat
1864 3754 2066 3803 centior
2086 3753 2306 3802 inseruit
2326 3750 2587 3820 pudendi,
2611 3766 2709 3801 suo
2730 3751 2873 3819 iuge-

765 3828 987 3902 flaqitii.
1862 3832 1981 3895 nio,
2007 3849 2075 3883 an
2100 3850 2226 3882 vero
2252 3832 2565 3882 auctoritate
2589 3830 2785 3882 codicis
2804 3830 2873 3880 al-

853 3926 899 3960 2.
936 3906 1224 3959 paludatis.
1263 3909 1430 3975 Quasi
1458 3908 1658 3959 tribuni
1686 3927 1784 3981 pa·
1864 3913 2023 3962 terius
2066 3913 2244 3962 nescio
2270 3935 2280 3961 :
2307 3924 2448 3963 certe
2484 3910 2792 3982 pendenda,
2818 3908 2872 3959 id

778 3987 947 4038 ludati
968 3998 1171 4038 essent:
1202 3988 1276 4039 ita
1304 3987 1493 4056 saepius
1515 4005 1608 4038 eos
1631 3987 1784 4058 palu·
1866 3991 2009 4063 quod
2035 3994 2390 4063 reposuimus,
2419 3993 2486 4044 ad
2516 4007 2745 4044 mentem
2768 3990 2872 4042 hu·-

780 4069 1029 4121 damento
1053 4070 1283 4139 insignes
1306 4086 1490 4121 errans
1516 4067 1738 4120 inducit.
1862 4075 1949 4141 jus
1990 4075 2261 4143 scriptoris
2300 4075 2499 4145 optime
2535 4073 2746 4125 videtur.
2781 4091 2872 4122 ac-

851 4152 901 4202 3.
932 4150 1232 4202 Pendenda.
1268 4153 1326 4202 ln
1353 4148 1483 4202 cod.
1511 4150 1617 4201 MS.
1649 4151 1788 4200 inter
1866 4151 2205 4202 commodari.
2246 4154 2354 4203 Isto
2389 4151 2549 4203 modo
2582 4170 2638 4203 se
2669 4150 2870 4201 habent

782 4231 1646 4303 vocabulaperimentibusetdictat
1659 4249 1787 4282 non·
1865 4229 2104 4282 Gibsonii
2148 4229 2343 4282 notulae
2389 4249 2417 4282 e
2463 4231 2569 4282 Ms.
2612 4228 2831 4300 prolatae
2854 4248 2864 4277 :

780 4310 910 4363 nihil
936 4310 1143 4363 videtur
1169 4308 1486 4372 desiderari;
1515 4311 1784 4381 conspici·
1867 4325 2025 4379 quam
2053 4308 2277 4380 exempli
2306 4327 2465 4362 causa
2491 4306 2750 4360 dedimus.
2773 4306 2868 4356 Eu.
