3200 5117
642 580 885 646 DECL.
930 579 1012 643 x.
1060 575 1582 655 SEPULCRUM
1629 575 2220 640 INGANTATUM.
2337 584 2456 661 241

395 703 710 801 miasque
738 724 1012 800 poenas:
1057 698 1285 772 effecit
1322 694 1610 795 magus,
1657 723 1746 768 ne
1798 696 2026 770 filium
2069 697 2362 789 videres,
2404 723 2474 774 et

394 816 622 890 solum
663 815 853 916 apud
888 835 951 886 te
993 813 1312 913 reliquit,
1357 835 1439 885 ut
1482 812 1913 885 meminisses
1946 815 2134 913 quod
2183 815 2469 889 videras.

393 936 657 1005 Totum
683 952 922 1004 tamen
952 929 1127 1003 illud
1156 927 1478 1001 solatium
1505 946 1710 999 tuum
1739 927 1938 1019 refer,
1969 930 2214 1002 misera
2232 987 2251 1019 ‚
2277 931 2331 1002 si
2356 959 2475 1031 po·

395 1069 528 1139 tes,
555 1069 622 1121 et
643 1048 955 1148 primum
980 1046 1301 1118 confitere
1326 1040 1775 1140 simpliciter,⁴
1797 1069 1889 1115 an
1919 1043 2178 1143 soporis
2201 1046 2476 1145 pondus

396 1163 606 1252 illud,
637 1176 708 1233 et
735 1159 977 1232 nesciae
996 1157 1245 1256 quietis
1260 1156 1525 1227 vanitas
1552 1156 1797 1229 fuerit:
1832 1157 2019 1256 apud
2049 1158 2163 1230 me
2188 1159 2475 1258 quidem

396 1277 553 1351 satis
577 1276 861 1363 misera‘,
881 1272 1050 1345 ‘satis
1076 1298 1221 1343 eras
1244 1291 1462 1343 mater
1491 1265 1727 1342 iiifelix
1746 1327 1764 1359 ,
1796 1270 2004 1343 etiam
2032 1271 2087 1343 si
2123 1271 2258 1344 tale
2284 1299 2479 1345 som-

398 1392 602 1464 nium
630 1388 1057 1487 perdidisses.
1077 1387 1433 1476 Miserere,
1460 1386 1716 1484 inquit,
1737 1387 1985 1459 melius
2006 1386 2090 1458 de
2110 1389 2480 1463 affectibus

398 1501 575 1576 meis
604 1501 891 1573 sentias:
930 1510 1071 1572 non
1106 1525 1233 1597 ego
1270 1498 1548 1597 fatigata
1579 1498 1975 1597 planctibus
2006 1502 2184 1572 sensi
2215 1498 2482 1575 venisse

400 1634 718 1690 noctem:
753 1614 982 1686 videre
1002 1614 1239 1713 ¹filium
1280 1612 1641 1713 pervigiles
1679 1612 2020 1685 meruistis
2047 1628 2063 1656 ¹
2103 1615 2319 1705 oculi,
2363 1615 2485 1688 sed

401 1733 709 1833 primum
734 1731 906 1803 dum
940 1750 1209 1819 metuo,
1238 1730 1486 1801 umbra
1509 1729 1836 1828 processit
1862 1728 2125 1801 subito:
2152 1731 2247 1801 dii
2280 1733 2480 1804 boni!

402 1846 591 1946 quod
637 1872 764 1944 ego
815 1845 1153 1944 gaudium
1186 1902 1206 1935 ,
1253 1870 1466 1942 quam
1512 1844 1654 1951 vidi
1699 1843 2136 1920 felicitatem!
2188 1848 2488 1919 constitit

403 1983 561 2038 ante
604 1990 716 2034 me
739 1960 939 2035 'filius
982 1985 1180 2032 meus
1222 1958 1535 2032 discussis
1578 1960 1920 2048 tenebris;
1967 1961 2059 2032 ita
2100 1960 2488 2035 dimittatur

402 2077 820 2178 aliquando:
848 2074 1131 2175 prosilui
1156 2075 1466 2174 protinus
1484 2130 1503 2164 ,
1529 2094 1595 2145 et
1617 2075 1895 2165 accessi,
1920 2077 2187 2173 vultus,
2219 2076 2486 2164 c'oirias;

403 2219 521 2264 ora
564 2192 910 2291 perspexi3
956 2215 1153 2261 meus
1187 2212 1368 2261 erat:
1415 2216 1634 2287 quam
1659 2190 1891 2261 laetum
1935 2217 2038 2280 se,
2070 2191 2490 2291 quam'hila·

406 2334 551 2381 rem
589 2305 955 2380 offerebat!
990 2306 1344 2404 quomodo
1381 2306 1835 2404 persuadebat
1866 2306 2085 2396 mihi,
2118 2334 2205 2379 ne
2244 2308 2486 2381 crede-

406 2450 554 2495 rem
577 2421 822 2494 morti!
932 2514 937 2517 ,
1150 2436 1157 2443 ’
1306 2514 1313 2523 ἱ
1961 2426 1969 2434 ’

501 2539 689 2610 xlv.
743 2537 1080 2611 Scelerate
1116 2528 1343 2608 ⁸nescis
1382 2522 1573 2635 pater
1595 2594 1615 2628 ‚
1651 2564 1867 2635 quam
1901 2536 2207 2611 similem
2235 2538 2486 2611 viventi

410 2653 634 2726 filium
668 2653 1013 2726 clauseris.
1056 2653 1539 2725 Circumibant
1566 2673 1788 2724 totum
1815 2658 2064 2751 corpus
2093 2652 2488 2743 oculi,‘non

410 2769 846 2842 inveniebam
882 2768 1051 2866 quid
1077 2768 1256 2865 ignis
1284 2766 1568 2863 egisset:
1602 2767 2269 2861 subindedicebam,
2295 2771 2487 2843 hunc

408 2884 536 2981 ego
572 2883 825 2954 extuli?
861 2882 1049 2955 hunc
1092 2907 1257 2979 rogo
1289 2880 1638 2980 imposui?
1681 2885 1761 2952 ex
1802 2881 1932 2953 h'oc
1963 2910 2088 2980 ego
2125 2884 2490 2958 cineres‘et

409 3025 561 3072 ossa
587 2998 881 3097 collegi?
915 2998 971 3070 si
1002 2997 1153 3069 talis
1182 3017 1313 3084 est,
1343 2997 1517 3096 quid
1544 2998 1771 3070 habeo
1809 2999 1996 3096 quod
2026 2998 2352 3096 lugeam?
2379 3028 2489 3099 pe-

408 3115 568 3187 risse
609 3114 834 3199 filium
882 3140 1121 3185 meum
1162 3112 1293 3184 hoc
1328 3138 1472 3184 uno
1515 3103 1980 3212 intelligebam
2005 3170 2023 3203 ,
2063 3113 2250 3212 quod
2284 3113 2485 3185 illum

409 3254 553 3301 non
579 3249 891 3327 poteram
917 3228 1089 3326 patri
1116 3228 1496 3300 ostendere.
1524 3226 1962 3317 Confitebor‚
1992 3227 2232 3328 primae
2252 3248 2483 3299 tamen

414 3371 540 3416 nec
569 3371 695 3442 ego
725 3345 983 3416 credidi
1010 3344 1193 3415 ‘nocti
1216 3401 1236 3435 ,
1266 3365 1331 3416 et
1353 3365 1714 3443 tamquam
1744 3344 1934 3415 victis
1963 3345 2301 3417 irascebar
2333 3373 2488 3417 ocu-

413 3446 527 3545 lis,
553 3480 618 3537 et
646 3459 1128 3531 erubescebam
1155 3460 1434 3550 misera,
1464 3460 1519 3532 si
1546 3460 1740 3558 quies
1760 3461 2028 3532 fuisset:
2056 3488 2212 3533 ecce
2234 3462 2484 3535 iterum

404 3572 712 3673 juvenis,
754 3600 909 3646 ecce
946 3574 1139 3679 jam²
1178 3575 1490 3673 quotidie
1522 3576 1733 3675 venit.
1790 3577 1978 3669 Quid
2026 3577 2246 3649 habeo
2293 3575 2485 3680 quod

417 3689 860 3788 interpreter?
880 3718 1123 3764 verum
1149 3715 1249 3766 est
1280 3693 1551 3793 utique,
1582 3693 1770 3790 quod
1794 3720 2072 3794 semper
2097 3717 2234 3767 est:
2267 3696 2488 3771 novis·

493 3899 537 3934 1.
564 3883 833 3937 meruistis.
865 3888 946 3936 An
982 3904 1093 3938 non
1130 3889 1405 3941 metuistis?
1488 3888 1857 3958 Quotidievero
1871 3889 1959 3941 hie
1973 3909 2071 3961 pro
2090 3904 2220 3962 quot
2238 3891 2489 3945 noctibus

417 3980 524 4019 non
575 3963 691 4014 ausi
739 3963 887 4014 fuere
936 3964 1214 4036 pervigiles
1264 3966 1403 4018 oculi
1483 3975 1723 4044 ponitur,
1742 3986 1800 4023 ut
1821 3975 1895 4023 ita
1916 3972 2097 4037 hodie,
2117 3993 2215 4044 pro
2237 3974 2337 4025 hac
2362 3994 2485 4027 noc-

418 4041 798 4107 filiumvidere‚
812 4043 907 4094 sed
924 4043 1048 4096 dum
1064 4064 1161 4116 ego
1183 4049 1406 4116 primum
1488 4065 1539 4102 te
1554 4072 1568 4111 ς
1585 4048 1740 4102 ovid.
1762 4052 1899 4102 Fast.
1925 4052 1967 4100 11
1985 4088 2002 4115 .,
2016 4049 2082 4119 67
2103 4071 2117 4109 ;
2139 4064 2190 4102 et
2208 4052 2279 4105 ita
2302 4051 2484 4121 ωἷμιρον

418 4138 624 4191 metuo,
652 4124 837 4178 umbra
860 4128 1081 4197 propius
1117 4123 1183 4176 ad
1207 4145 1289 4177 me
1317 4144 1408 4179 ac·
1490 4127 1633 4199 apud
1654 4129 1842 4180 Sacros
1860 4130 2162 4198 scriptores.
2180 4132 2298 4183 vid.
2320 4136 2482 4184 Marc.

419 4209 588 4260 cessit.
610 4207 776 4258 nunu.
1487 4210 1629 4276 XIV,
1644 4210 1731 4272 303
1747 4212 1873 4263 Luc.
1892 4210 1956 4275 11,
1979 4227 1998 4261 r
2015 4226 2058 4271 ις
2075 4224 2126 4262 et
2143 4214 2255 4263 Act.
2273 4215 2486 4284 ΧΧἮῘ,

396 4350 400 4354 ¹
490 4306 539 4339 2.
574 4288 852 4358 Eoeejam.
892 4288 1026 4342 Ecce
1047 4288 1303 4360 quotidie,
1322 4291 1408 4342 W.
1502 4288 1589 4339 33.
1617 4290 1779 4339 Βῦιιιιι.

643 4375 690 4425 5.
2201 4377 2258 4427 16
