3200 5117
686 509 807 569 216
1192 510 1277 569 M.
1334 506 1575 568 fAssn
1624 508 2259 587 chthLtAxt

683 657 898 723 gnum
922 686 939 715 ,
974 630 1243 725 potuisti
1284 655 1394 697 me
1425 628 1860 725 redemptum
1896 656 2033 698 non
2067 630 2401 727 recipere:
2433 632 2768 702 manifes-

686 766 831 812 tum
856 765 955 813 est
976 771 1133 839 crgo
1156 766 1219 811 tc
1247 743 1539 841 patiente
1558 801 1575 831 ,
1600 742 1666 813 id
1689 766 1816 830 est,
1846 766 1911 814 te
1931 744 2234 831 volente,
2259 747 2564 815 amicum
2587 747 2762 816 mihi

684 859 1227 957 fuisse-juvenem
1255 879 1357 929 :et
1382 885 1545 928 sane
1572 885 1711 927 non
1733 857 1919 928 solus
1945 859 2012 928 in
2042 859 2170 928 hac
2189 861 2376 929 fuisti
2399 862 2763 947 sententia3

686 975 867 1043 idem
906 975 1046 1043 filio
1078 974 1382 1070 permisit
1412 996 1476 1044 et
1506 1001 1791 1072 pauper.
1825 975 2037 1070 Atqui
2068 976 2122 1046 si
2157 1004 2312 1077 pars
2339 976 2480 1047 haec
2512 1004 2762 1065 causae,

683 1116 831 1185 qua:
868 1091 1292 1161 confessione
1332 1092 1517 1183 longi
1557 1092 1812 1161 silentii
1845 1089 2155 1162 absoluta
2185 1092 2397 1163 hodie
2434 1093 2508 1163 in
2543 1120 2767 1163 acces—

685 1206 947 1277 sionem
982 1207 1288 1277 criminis
1318 1208 1592 1278 alterius
1623 1207 2013 1294 deducitur,
2042 1230 2262 1305 potest
2283 1208 2470 1305 apud
2499 1236 2615 1277 vos
2644 1209 2764 1277 im·

686 1345 946 1418 petrare
974 1325 1243 1394 veniam
1268 1381 1286 1410 ,
1319 1324 1581 1394 facilior
1609 1346 1790 1395 certe
1819 1325 2257 1421 sequentium
2292 1325 2467 1394 ratio
2497 1346 2620 1410 est3
2655 1323 2764 1393 ille

685 1439 875 1507 cnim
912 1466 1072 1507 sane
1104 1439 1305 1508 fuerit
1337 1438 1604 1508 inimici
1637 1439 1856 1525 filius,
1890 1438 1999 1507 hic
2022 1437 2169 1535 jam
2202 1459 2296 1507 est
2321 1438 2521 1507 amici
2554 1460 2761 1534 pater.

690 1555 826 1622 Nec
874 1553 1143 1649 ignoro,
1171 1553 1479 1653 judices,
1519 1581 1738 1650 quam
1787 1555 1966 1623 male
2012 1554 2136 1623 ista
2178 1553 2487 1622 defensio
2525 1554 2610 1623 de
2643 1553 2767 1623 hu-

692 1695 900 1740 mano
936 1695 1183 1765 genere
1220 1689 1586 1755 mereatur,
1624 1669 1677 1737 si
1714 1669 1884 1739 adeo
1918 1669 2091 1738 nihil
2126 1690 2222 1738 est
2253 1696 2375 1767 per
2404 1696 2474 1739 se
2509 1669 2770 1738 miseri-

688 1781 944 1869 cordia,
980 1804 1051 1852 ut
1084 1783 1215 1852 nisi
1248 1782 1529 1854 ulterior
1563 1783 1795 1878 aliqua
1833 1785 2195 1853 necessitas
2225 1784 2469 1881 pudori
2499 1783 2638 1852 vim
2671 1784 2764 1852 fe-

688 1897 884 1984 cerit,
920 1924 1039 1994 pro
1076 1924 1354 1968 summo
1390 1899 1683 1968 crimine
1719 1899 2120 1969 damnanda
2155 1899 2239 1968 sit
2271 1900 2506 1969 minus
2541 1923 2766 1969 neces·

688 2012 862 2082 saria
896 2012 1316 2083 humanitas.
1358 2015 1537 2108 Ergo
1573 2013 1628 2083 si
1666 2011 1972 2083 alienum
2010 2036 2076 2083 et
2111 2015 2458 2109 ignotum,
2494 2034 2768 2101 tamen,

688 2154 837 2224 quae
878 2127 1159 2223 publica
1193 2127 1512 2197 omnium
1551 2128 1981 2216 mortalium,
2019 2129 2278 2227 quippe
2313 2129 2446 2200 sub
2481 2155 2625 2198 nno
2662 2154 2773 2225 pa·

693 2261 880 2311 rente
902 2264 1183 2328 naturae,
1202 2242 1517 2337 cognatio
1532 2263 1654 2330 est,
1673 2242 2032 2313 hominem
2051 2244 2206 2314 cibo
2229 2242 2770 2339 fortejuvissem,

688 2382 891 2453 poena
916 2356 1206 2453 dignum
1240 2358 1584 2427 videretur
1607 2384 1898 2428 servasse
1925 2360 2303 2456 perituram
2328 2358 2636 2428 animam
2654 2413 2673 2443 ,
2700 2378 2770 2427 et

693 2471 1028 2565 ignovisse
1080 2472 1280 2542 rebus·
1320 2473 1682 2564 humaniS,
1727 2496 1793 2543 et
1831 2494 2142 2571 respectu
2181 2472 2576 2544 communis
2623 2498 2768 2541 om-

692 2588 891 2657 nium
922 2588 1147 2675 sortis,
1170 2589 1355 2660 velut
1382 2591 1660 2661 adorato
1686 2592 1979 2661 numine
2005 2591 2250 2689 stipem
2284 2591 2586 2687 posuisse
2613 2591 2771 2658 For-

693 2723 869 2771 tunae
897 2702 1024 2771 ¹?si
1052 2702 1180 2773 hoc
1208 2704 1467 2774 crimen
1497 2726 1625 2792 est,
1656 2704 1969 2775 laudetur
1995 2732 2154 2800 crgo
2181 2703 2579 2791 crudelitas,
2601 2701 2768 2773 nihil

694 2816 1025 2889 habeatur
1061 2818 1299 2916 piratis
1334 2820 1741 2917 laniatisque
1776 2820 2208 2917 prudentius.

790 2934 972 3003 XVI.
1020 2937 1352 3007 Ferantur
1394 2965 1552 3006 sane
1596 2938 1952 3033 profutura
1995 2938 2307 3007 humano
2349 2934 2579 3031 generi
2629 2933 2764 3003 duo

691 3048 1033 3147 exempla,
1060 3050 1233 3122 intra
1255 3074 1390 3122 tam
1418 3054 1620 3122 breve
1647 3074 1918 3148 tempus
1935 3048 2766 3149 proptermisericordiam

691 3165 862 3234 alter
887 3164 1277 3253 abdicatus,
1308 3167 1473 3236 alter
1497 3167 1776 3237 occisuS.
1813 3167 2022 3254 Quod
2051 3167 2310 3236 crimen
2329 3165 2382 3235 si
2406 3165 2765 3234 fatendum

690 3277 809 3364 sit,
834 3305 1007 3348 num
1024 3279 1342 3349 animum
1370 3280 1541 3350 mihi
1565 3280 1706 3376 ipse
1727 3280 1889 3350 finxi
1911 3337 1929 3367 ,
1957 3302 2075 3351 aut
2091 3308 2247 3351 mea
2266 3298 2590 3377 potestate
2611 3277 2774 3374 regi·

692 3413 801 3462 tur
814 3394 1137 3464 affectus?
1153 3422 1240 3464 an
1258 3394 1537 3464 arbitrio
1552 3396 1914 3466 formantis
1931 3423 2155 3467 mores
2175 3396 2496 3464 omnium
2518 3414 2771 3462 naturae

690 3510 1137 3606 compositus»,
1179 3536 1341 3580 cum
1371 3510 1664 3581 crimine
1701 3540 1815 3583 me
1840 3534 2041 3583 natus
2070 3510 2266 3583 sum?
2298 3536 2467 3582 nam
2500 3509 2639 3580 sive
2664 3535 2774 3578 cae·-

768 3666 1057 3717 r.Adorato
1074 3668 1483 3739 numinestipem
1502 3672 1695 3740 posuis·
1776 3691 1854 3722 nae
1901 3669 2116 3723 obnoxii
2165 3688 2372 3736 sumne,
2409 3682 2470 3720 ut
2506 3669 2776 3719 communi

689 3765 738 3799 se
748 3747 1003 3798 Fortunae.
1020 3748 1217 3799 Ponere
1231 3747 1317 3801 hic
1332 3764 1409 3802 est
1426 3750 1693 3817 dedicare,
1774 3750 1977 3799 numini
1991 3788 2005 3814 ,
2023 3748 2146 3801 hinc
2169 3751 2211 3800 si
2231 3750 2423 3800 misero
2445 3749 2563 3817 quis
2584 3748 2775 3817 stipem

688 3840 745 3877 ut
772 3846 906 3898 nimpe
940 3842 1165 3879 veteres:
1205 3829 1386 3881 alludit
1417 3845 1591 3884 autem
1624 3835 1692 3885 ad
1772 3834 2043 3901 porrigat,
2084 3832 2234 3901 quasi
2272 3829 2492 3880 adorato
2527 3829 2774 3889 numine,

690 3907 836 3958 illurn
871 3927 1098 3973 morem,
1130 3931 1236 3981 quo
1267 3914 1427 3983 stipes
1463 3914 1559 3968 diis
1593 3914 1690 3965 da·
1772 3907 1824 3959 id
1858 3923 1961 3971 est,
1989 3923 2102 3979 post
2127 3907 2405 3959 adoratum
2428 3925 2651 3971 numen,
2681 3905 2774 3956 de-

690 3986 840 4049 bant,
871 3986 947 4036 vel
966 3986 1238 4056 jaciebant
1268 3990 1319 4041 in
1343 3994 1514 4045 fontes
1541 4006 1591 4044 et
1613 3991 1688 4042 la·
1771 3987 1909 4040 dicat
1943 3992 2214 4053 Fortunae,
2253 4003 2303 4039 et
2328 4001 2508 4049 vovet,
2536 4002 2593 4038 ut
2622 3986 2771 4038 nobis

689 4082 781 4115 cus
810 4083 1010 4129 sacros,
1054 4064 1118 4117 de
1163 4086 1269 4139 quo
1310 4069 1426 4122 vide
1460 4070 1683 4124 Cnsaub.
1767 4068 1949 4122 volens
1979 4071 2316 4140 propitiaque
2341 4071 2434 4129 siu
2469 4068 2536 4120 de
2561 4067 2771 4118 numine

690 4141 755 4193 ud
778 4144 917 4195 Suet.
937 4144 1067 4213 Aug.
1093 4145 1177 4212 57,
1202 4161 1253 4197 et
1272 4147 1413 4219 Lips.
1432 4147 1495 4198 ad
1516 4149 1683 4199 Tacit.
1769 4150 2042 4212 Fortunae,
2067 4162 2124 4198 ut
2151 4149 2328 4199 omnia
2353 4146 2534 4211 obvia,
2559 4144 2634 4196 ita
2663 4141 2768 4194 vid.

690 4222 824 4291 XIV,
856 4220 931 4276 15.
955 4224 1090 4292 Quia
1120 4244 1242 4295 ergo
1278 4244 1459 4279 cinnes
1492 4230 1684 4279 Fortu·
1766 4228 1997 4281 Broukli.
2025 4228 2092 4280 ad
2113 4231 2266 4300 Prop.
2297 4230 2394 4294 111,
2422 4247 2467 4279 v.
2497 4227 2770 4295 47.Bunr.
