<?xml version="1.0" encoding="UTF-8"?>
<!DOCTYPE html PUBLIC "-//W3C//DTD XHTML 1.0 Transitional//EN"
    "http://www.w3.org/TR/xhtml1/DTD/xhtml1-transitional.dtd">
<html xmlns="http://www.w3.org/1999/xhtml" xml:lang="en" lang="en">
 <head>
  <title>
</title>
<meta http-equiv="Content-Type" content="text/html;charset=utf-8" />
  <meta name='ocr-system' content='tesseract 3.04.00' />
  <meta name='ocr-capabilities' content='ocr_page ocr_carea ocr_par ocr_line ocrx_word'/>
</head>
<body>
  <div class='ocr_page' id='page_1' title='image "./deinstitutioneo01flacgoog_0429.png"; bbox 0 0 3200 5117; ppageno 0'>
   <div class='ocr_carea' id='block_1_1' title="bbox 510 561 2376 645">
    <p class='ocr_par' dir='ltr' id='par_1_1' title="bbox 510 561 2376 645">
     <span class='ocr_line' id='line_1_1' title="bbox 510 561 2376 645; baseline -0.002 -10"><span class='ocrx_word' id='word_1_1' title='bbox 510 565 718 635; x_wconf 89' lang='lat' dir='ltr'>DEC.</span> <span class='ocrx_word' id='word_1_2' title='bbox 756 562 1033 632; x_wconf 83' lang='lat' dir='ltr'>XVIII.</span> <span class='ocrx_word' id='word_1_3' title='bbox 1075 561 1463 629; x_wconf 85' lang='lat' dir='ltr'><strong>INFAMIS</strong></span> <span class='ocrx_word' id='word_1_4' title='bbox 1503 563 1601 627; x_wconf 80' lang='grc' dir='ltr'>ΙΝ</span> <span class='ocrx_word' id='word_1_5' title='bbox 1640 561 2080 645; x_wconf 83' lang='lat' dir='ltr'>MATREM,</span> <span class='ocrx_word' id='word_1_6' title='bbox 2105 562 2155 629; x_wconf 91' lang='lat'>1.</span> <span class='ocrx_word' id='word_1_7' title='bbox 2251 565 2376 632; x_wconf 81' lang='lat'>385</span> 
     </span>
    </p>
   </div>
   <div class='ocr_carea' id='block_1_2' title="bbox 280 686 2417 4242">
    <p class='ocr_par' dir='ltr' id='par_1_2' title="bbox 280 686 2406 3437">
     <span class='ocr_line' id='line_1_2' title="bbox 290 686 2378 787; baseline -0.003 -21"><span class='ocrx_word' id='word_1_8' title='bbox 290 693 483 784; x_wconf 87' lang='lat' dir='ltr'><strong>Quid</strong></span> <span class='ocrx_word' id='word_1_9' title='bbox 523 692 659 765; x_wconf 81' lang='lat' dir='ltr'>ais?</span> <span class='ocrx_word' id='word_1_10' title='bbox 699 692 788 763; x_wconf 89' lang='lat' dir='ltr'>ab</span> <span class='ocrx_word' id='word_1_11' title='bbox 818 691 1076 762; x_wconf 86' lang='lat' dir='ltr'>incesto</span> <span class='ocrx_word' id='word_1_12' title='bbox 1111 687 1432 760; x_wconf 83' lang='lat' dir='ltr'>libidines</span> <span class='ocrx_word' id='word_1_13' title='bbox 1468 686 1863 787; x_wconf 82' lang='lat' dir='ltr'>coeperunt?</span> <span class='ocrx_word' id='word_1_14' title='bbox 1899 687 2032 759; x_wconf 89' lang='lat' dir='ltr'>boc</span> <span class='ocrx_word' id='word_1_15' title='bbox 2062 686 2378 787; x_wconf 87' lang='lat' dir='ltr'>primum</span> 
     </span>
     <span class='ocr_line' id='line_1_3' title="bbox 290 801 2381 908; baseline -0.002 -28"><span class='ocrx_word' id='word_1_16' title='bbox 290 834 635 907; x_wconf 84' lang='lat' dir='ltr'>umquam</span> <span class='ocrx_word' id='word_1_17' title='bbox 661 806 937 908; x_wconf 84' lang='lat' dir='ltr'>juvenis</span> <span class='ocrx_word' id='word_1_18' title='bbox 970 803 1290 877; x_wconf 83' lang='lat' dir='ltr'>admisit?</span> <span class='ocrx_word' id='word_1_19' title='bbox 1320 803 1454 875; x_wconf 88' lang='lat' dir='ltr'>hoc</span> <span class='ocrx_word' id='word_1_20' title='bbox 1482 801 1713 875; x_wconf 87' lang='lat' dir='ltr'>solum</span> <span class='ocrx_word' id='word_1_21' title='bbox 1741 823 2242 902; x_wconf 76' lang='lat' dir='ltr'><strong>argumentum</strong></span> <span class='ocrx_word' id='word_1_22' title='bbox 2272 830 2381 875; x_wconf 89' lang='lat' dir='ltr'>su-</span> 
     </span>
     <span class='ocr_line' id='line_1_4' title="bbox 289 918 2382 1021; baseline -0.003 -25"><span class='ocrx_word' id='word_1_23' title='bbox 289 925 429 996; x_wconf 84' lang='lat' dir='ltr'>mis</span> <span class='ocrx_word' id='word_1_24' title='bbox 476 949 556 995; x_wconf 78' lang='lat' dir='ltr'>ex</span> <span class='ocrx_word' id='word_1_25' title='bbox 600 920 870 995; x_wconf 79' lang='lat' dir='ltr'>forma?</span> <span class='ocrx_word' id='word_1_26' title='bbox 901 920 1013 993; x_wconf 91' lang='lat' dir='ltr'>dic</span> <span class='ocrx_word' id='word_1_27' title='bbox 1064 920 1325 1019; x_wconf 87' lang='lat' dir='ltr'>potius,</span> <span class='ocrx_word' id='word_1_28' title='bbox 1369 918 1800 1019; x_wconf 86' lang='lat' dir='ltr'>deprehendi</span> <span class='ocrx_word' id='word_1_29' title='bbox 1832 920 2169 1021; x_wconf 89' lang='lat' dir='ltr'>juvenem</span> <span class='ocrx_word' id='word_1_30' title='bbox 2204 919 2382 991; x_wconf 90' lang='lat' dir='ltr'>mihi</span> 
     </span>
     <span class='ocr_line' id='line_1_5' title="bbox 289 1057 2383 1124; baseline -0.001 -14"><span class='ocrx_word' id='word_1_31' title='bbox 289 1064 562 1110; x_wconf 89' lang='lat' dir='ltr'>venena</span> <span class='ocrx_word' id='word_1_32' title='bbox 601 1057 1047 1124; x_wconf 76' lang='lat' dir='ltr'>miscentem;</span> <span class='ocrx_word' id='word_1_33' title='bbox 1093 1062 1166 1106; x_wconf 88' lang='lat' dir='ltr'>m</span> <span class='ocrx_word' id='word_1_34' title='bbox 1207 1061 1455 1107; x_wconf 86' lang='lat' dir='ltr'>necem</span> <span class='ocrx_word' id='word_1_35' title='bbox 1499 1062 1734 1107; x_wconf 88' lang='lat' dir='ltr'>meam</span> <span class='ocrx_word' id='word_1_36' title='bbox 1776 1057 2198 1108; x_wconf 74' lang='lat' dir='ltr'>conscientia</span> <span class='ocrx_word' id='word_1_37' title='bbox 2229 1062 2383 1107; x_wconf 85' lang='lat' dir='ltr'>sce-</span> 
     </span>
     <span class='ocr_line' id='line_1_6' title="bbox 292 1149 2382 1249; baseline -0 -25"><span class='ocrx_word' id='word_1_38' title='bbox 292 1151 453 1224; x_wconf 90' lang='lat' dir='ltr'>leris</span> <span class='ocrx_word' id='word_1_39' title='bbox 485 1171 586 1223; x_wconf 90' lang='lat' dir='ltr'>est</span> <span class='ocrx_word' id='word_1_40' title='bbox 617 1171 945 1223; x_wconf 78' lang='lat' dir='ltr'>armatus,</span> <span class='ocrx_word' id='word_1_41' title='bbox 984 1149 1356 1222; x_wconf 84' lang='lat' dir='ltr'>Infinitum</span> <span class='ocrx_word' id='word_1_42' title='bbox 1401 1170 1501 1222; x_wconf 90' lang='lat' dir='ltr'>est</span> <span class='ocrx_word' id='word_1_43' title='bbox 1540 1170 1886 1249; x_wconf 89' lang='lat' dir='ltr'>quantum</span> <span class='ocrx_word' id='word_1_44' title='bbox 1930 1151 2177 1223; x_wconf 90' lang='lat' dir='ltr'>debeat</span> <span class='ocrx_word' id='word_1_45' title='bbox 2219 1172 2382 1223; x_wconf 89' lang='lat' dir='ltr'>ante</span> 
     </span>
     <span class='ocr_line' id='line_1_7' title="bbox 292 1264 2386 1366; baseline -0.001 -26"><span class='ocrx_word' id='word_1_46' title='bbox 292 1268 532 1340; x_wconf 88' lang='lat' dir='ltr'>fecisse</span> <span class='ocrx_word' id='word_1_47' title='bbox 558 1266 775 1356; x_wconf 89' lang='lat' dir='ltr'>filius,</span> <span class='ocrx_word' id='word_1_48' title='bbox 802 1287 882 1337; x_wconf 92' lang='lat' dir='ltr'>ut</span> <span class='ocrx_word' id='word_1_49' title='bbox 905 1266 995 1338; x_wconf 90' lang='lat' dir='ltr'>de</span> <span class='ocrx_word' id='word_1_50' title='bbox 1024 1266 1143 1337; x_wconf 87' lang='lat' dir='ltr'>illo</span> <span class='ocrx_word' id='word_1_51' title='bbox 1171 1265 1514 1338; x_wconf 87' lang='lat' dir='ltr'>incestum</span> <span class='ocrx_word' id='word_1_52' title='bbox 1546 1287 1747 1366; x_wconf 82' lang='lat' dir='ltr'>pater</span> <span class='ocrx_word' id='word_1_53' title='bbox 1772 1265 1907 1338; x_wconf 91' lang='lat' dir='ltr'>sibi</span> <span class='ocrx_word' id='word_1_54' title='bbox 1941 1264 2196 1338; x_wconf 82' lang='lat' dir='ltr'>credat.</span> <span class='ocrx_word' id='word_1_55' title='bbox 2222 1266 2386 1366; x_wconf 90' lang='lat' dir='ltr'>Spe-</span> 
     </span>
     <span class='ocr_line' id='line_1_8' title="bbox 296 1381 2388 1480; baseline -0.002 -25"><span class='ocrx_word' id='word_1_56' title='bbox 296 1384 520 1455; x_wconf 89' lang='lat' dir='ltr'>ciosus</span> <span class='ocrx_word' id='word_1_57' title='bbox 561 1381 727 1453; x_wconf 84' lang='lat' dir='ltr'>fuit!</span> <span class='ocrx_word' id='word_1_58' title='bbox 772 1381 928 1480; x_wconf 83' lang='lat' dir='ltr'>quis</span> <span class='ocrx_word' id='word_1_59' title='bbox 971 1382 1158 1454; x_wconf 85' lang='lat' dir='ltr'>enirn</span> <span class='ocrx_word' id='word_1_60' title='bbox 1206 1409 1348 1455; x_wconf 91' lang='lat' dir='ltr'>non</span> <span class='ocrx_word' id='word_1_61' title='bbox 1384 1402 1482 1454; x_wconf 87' lang='lat' dir='ltr'>est</span> <span class='ocrx_word' id='word_1_62' title='bbox 1520 1383 1868 1454; x_wconf 87' lang='lat' dir='ltr'>formosus</span> <span class='ocrx_word' id='word_1_63' title='bbox 1910 1381 2094 1455; x_wconf 83' lang='lat' dir='ltr'>filius</span> <span class='ocrx_word' id='word_1_64' title='bbox 2134 1381 2388 1454; x_wconf 79' lang='lat' dir='ltr'>matri?</span> 
     </span>
     <span class='ocr_line' id='line_1_9' title="bbox 295 1494 2393 1596; baseline -0.001 -27"><span class='ocrx_word' id='word_1_65' title='bbox 295 1517 537 1570; x_wconf 85' lang='lat' dir='ltr'>amant</span> <span class='ocrx_word' id='word_1_66' title='bbox 562 1494 975 1587; x_wconf 82' lang='lat' dir='ltr'>debilitates3</span> <span class='ocrx_word' id='word_1_67' title='bbox 1012 1495 1528 1596; x_wconf 86' lang='lat' dir='ltr'>amplectuntur</span> <span class='ocrx_word' id='word_1_68' title='bbox 1560 1495 1764 1568; x_wconf 90' lang='lat' dir='ltr'>illurn</span> <span class='ocrx_word' id='word_1_69' title='bbox 1795 1498 2203 1569; x_wconf 86' lang='lat' dir='ltr'>morborum</span> <span class='ocrx_word' id='word_1_70' title='bbox 2237 1522 2393 1596; x_wconf 77' lang='lat' dir='ltr'>sup-</span> 
     </span>
     <span class='ocr_line' id='line_1_10' title="bbox 295 1610 2390 1712; baseline 0 -31"><span class='ocrx_word' id='word_1_71' title='bbox 295 1610 813 1709; x_wconf 88' lang='lat' dir='ltr'>pliciorumque</span> <span class='ocrx_word' id='word_1_72' title='bbox 859 1610 1232 1712; x_wconf 81' lang='lat' dir='ltr'>pallorem3</span> <span class='ocrx_word' id='word_1_73' title='bbox 1277 1631 1344 1684; x_wconf 89' lang='lat' dir='ltr'>et</span> <span class='ocrx_word' id='word_1_74' title='bbox 1391 1611 1464 1682; x_wconf 90' lang='lat' dir='ltr'>in</span> <span class='ocrx_word' id='word_1_75' title='bbox 1518 1611 1695 1684; x_wconf 83' lang='lat' dir='ltr'>vires</span> <span class='ocrx_word' id='word_1_76' title='bbox 1736 1611 2030 1685; x_wconf 86' lang='lat' dir='ltr'>caritatis</span> <span class='ocrx_word' id='word_1_77' title='bbox 2071 1611 2390 1683; x_wconf 83' lang='lat' dir='ltr'>accrescit</span> 
     </span>
     <span class='ocr_line' id='line_1_11' title="bbox 298 1725 2390 1826; baseline -0.001 -28"><span class='ocrx_word' id='word_1_78' title='bbox 298 1727 449 1826; x_wconf 87' lang='lat' dir='ltr'>ipsa</span> <span class='ocrx_word' id='word_1_79' title='bbox 482 1725 861 1798; x_wconf 82' lang='lat' dir='ltr'>miseratio:</span> <span class='ocrx_word' id='word_1_80' title='bbox 893 1753 1037 1798; x_wconf 90' lang='lat' dir='ltr'>non</span> <span class='ocrx_word' id='word_1_81' title='bbox 1068 1726 1365 1826; x_wconf 89' lang='lat' dir='ltr'>impedit</span> <span class='ocrx_word' id='word_1_82' title='bbox 1392 1753 1585 1826; x_wconf 79' lang='lat' dir='ltr'>aegrae</span> <span class='ocrx_word' id='word_1_83' title='bbox 1622 1726 1894 1826; x_wconf 85' lang='lat' dir='ltr'>pietatis</span> <span class='ocrx_word' id='word_1_84' title='bbox 1917 1727 2240 1798; x_wconf 87' lang='lat' dir='ltr'>animum</span> <span class='ocrx_word' id='word_1_85' title='bbox 2269 1725 2390 1796; x_wconf 91' lang='lat' dir='ltr'>de-</span> 
     </span>
     <span class='ocr_line' id='line_1_12' title="bbox 296 1838 2390 1941; baseline 0 -29"><span class='ocrx_word' id='word_1_86' title='bbox 296 1840 645 1930; x_wconf 86' lang='lat' dir='ltr'>formitas,</span> <span class='ocrx_word' id='word_1_87' title='bbox 684 1838 1135 1939; x_wconf 84' lang='lat' dir='ltr'>pulchritudo</span> <span class='ocrx_word' id='word_1_88' title='bbox 1168 1867 1314 1913; x_wconf 90' lang='lat' dir='ltr'>non</span> <span class='ocrx_word' id='word_1_89' title='bbox 1349 1863 1598 1941; x_wconf 79' lang='lat' dir='ltr'>auget:</span> <span class='ocrx_word' id='word_1_90' title='bbox 1641 1842 2163 1914; x_wconf 89' lang='lat' dir='ltr'>amareliberos</span> <span class='ocrx_word' id='word_1_91' title='bbox 2205 1866 2390 1913; x_wconf 89' lang='lat' dir='ltr'>unus</span> 
     </span>
     <span class='ocr_line' id='line_1_13' title="bbox 298 1954 2388 2046; baseline -0.001 -19"><span class='ocrx_word' id='word_1_92' title='bbox 298 1955 588 2027; x_wconf 82' lang='lat' dir='ltr'>affectus</span> <span class='ocrx_word' id='word_1_93' title='bbox 618 1976 756 2026; x_wconf 87' lang='lat' dir='ltr'>est:</span> <span class='ocrx_word' id='word_1_94' title='bbox 793 1954 1029 2044; x_wconf 88' lang='lat' dir='ltr'>liberi,</span> <span class='ocrx_word' id='word_1_95' title='bbox 1061 1955 1340 2046; x_wconf 87' lang='lat' dir='ltr'>marite,</span> <span class='ocrx_word' id='word_1_96' title='bbox 1375 1955 1576 2028; x_wconf 89' lang='lat' dir='ltr'>liberi</span> <span class='ocrx_word' id='word_1_97' title='bbox 1607 1983 1752 2028; x_wconf 92' lang='lat' dir='ltr'>non</span> <span class='ocrx_word' id='word_1_98' title='bbox 1785 1976 2110 2028; x_wconf 83' lang='lat' dir='ltr'>amantur</span> <span class='ocrx_word' id='word_1_99' title='bbox 2140 1954 2388 2025; x_wconf 88' lang='lat' dir='ltr'>oculis:</span> 
     </span>
     <span class='ocr_line' id='line_1_14' title="bbox 298 2068 2391 2169; baseline -0.001 -28"><span class='ocrx_word' id='word_1_100' title='bbox 298 2097 442 2143; x_wconf 91' lang='lat' dir='ltr'>non</span> <span class='ocrx_word' id='word_1_101' title='bbox 476 2069 962 2169; x_wconf 87' lang='lat' dir='ltr'>complectitur</span> <span class='ocrx_word' id='word_1_102' title='bbox 984 2091 1206 2143; x_wconf 90' lang='lat' dir='ltr'>mater</span> <span class='ocrx_word' id='word_1_103' title='bbox 1233 2097 1384 2162; x_wconf 88' lang='lat' dir='ltr'>ore,</span> <span class='ocrx_word' id='word_1_104' title='bbox 1420 2098 1563 2143; x_wconf 92' lang='lat' dir='ltr'>non</span> <span class='ocrx_word' id='word_1_105' title='bbox 1593 2070 1832 2161; x_wconf 83' lang='lat' dir='ltr'>vultu;</span> <span class='ocrx_word' id='word_1_106' title='bbox 1866 2071 1983 2143; x_wconf 90' lang='lat' dir='ltr'>sed</span> <span class='ocrx_word' id='word_1_107' title='bbox 2010 2090 2113 2142; x_wconf 93' lang='lat' dir='ltr'>est</span> <span class='ocrx_word' id='word_1_108' title='bbox 2143 2069 2216 2140; x_wconf 92' lang='lat' dir='ltr'>in</span> <span class='ocrx_word' id='word_1_109' title='bbox 2248 2068 2391 2140; x_wconf 84' lang='lat' dir='ltr'>filio</span> 
     </span>
     <span class='ocr_line' id='line_1_15' title="bbox 299 2184 2390 2284; baseline -0.001 -26"><span class='ocrx_word' id='word_1_110' title='bbox 299 2186 504 2258; x_wconf 88' lang='lat' dir='ltr'>matri</span> <span class='ocrx_word' id='word_1_111' title='bbox 551 2186 784 2258; x_wconf 88' lang='lat' dir='ltr'>nescio</span> <span class='ocrx_word' id='word_1_112' title='bbox 831 2184 1004 2284; x_wconf 90' lang='lat' dir='ltr'>quid</span> <span class='ocrx_word' id='word_1_113' title='bbox 1051 2186 1344 2259; x_wconf 90' lang='lat' dir='ltr'>bomine</span> <span class='ocrx_word' id='word_1_114' title='bbox 1390 2188 1785 2260; x_wconf 78' lang='lat' dir='ltr'>formosius.</span> <span class='ocrx_word' id='word_1_115' title='bbox 1845 2186 2060 2259; x_wconf 79' lang='lat' dir='ltr'>Possit</span> <span class='ocrx_word' id='word_1_116' title='bbox 2104 2185 2390 2258; x_wconf 85' lang='lat' dir='ltr'>forsitan</span> 
     </span>
     <span class='ocr_line' id='line_1_16' title="bbox 300 2287 2394 2402; baseline -0.001 -28"><span class='ocrx_word' id='word_1_117' title='bbox 300 2301 565 2374; x_wconf 88' lang='lat' dir='ltr'>novitas</span> <span class='ocrx_word' id='word_1_118' title='bbox 598 2302 962 2375; x_wconf 87' lang='lat' dir='ltr'>sollicitare</span> <span class='ocrx_word' id='word_1_119' title='bbox 991 2302 1214 2391; x_wconf 85' lang='lat' dir='ltr'>visus,</span> <span class='ocrx_word' id='word_1_120' title='bbox 1255 2330 1650 2402; x_wconf 78' lang='lat' dir='ltr'>expugnare</span> <span class='ocrx_word' id='word_1_121' title='bbox 1690 2287 1998 2376; x_wconf 83' lang='lat' dir='ltr'>mentes:</span> <span class='ocrx_word' id='word_1_122' title='bbox 2038 2302 2112 2373; x_wconf 88' lang='lat' dir='ltr'>in</span> <span class='ocrx_word' id='word_1_123' title='bbox 2154 2300 2394 2374; x_wconf 86' lang='lat' dir='ltr'>matris</span> 
     </span>
     <span class='ocr_line' id='line_1_17' title="bbox 301 2415 2400 2518; baseline 0 -31"><span class='ocrx_word' id='word_1_124' title='bbox 301 2415 631 2514; x_wconf 91' lang='lat' dir='ltr'>adspectu</span> <span class='ocrx_word' id='word_1_125' title='bbox 661 2416 982 2489; x_wconf 89' lang='lat' dir='ltr'>coalescit</span> <span class='ocrx_word' id='word_1_126' title='bbox 1013 2417 1338 2509; x_wconf 87' lang='lat' dir='ltr'>infantia,</span> <span class='ocrx_word' id='word_1_127' title='bbox 1373 2418 1667 2517; x_wconf 87' lang='lat' dir='ltr'>pueritia</span> <span class='ocrx_word' id='word_1_128' title='bbox 1699 2418 2080 2516; x_wconf 79' lang='lat' dir='ltr'>consurgit,</span> <span class='ocrx_word' id='word_1_129' title='bbox 2107 2416 2400 2518; x_wconf 85' lang='lat' dir='ltr'>juventa</span> 
     </span>
     <span class='ocr_line' id='line_1_18' title="bbox 303 2530 2398 2630; baseline 0.001 -29"><span class='ocrx_word' id='word_1_130' title='bbox 303 2530 643 2628; x_wconf 87' lang='lat' dir='ltr'>subrepit,</span> <span class='ocrx_word' id='word_1_131' title='bbox 669 2533 1055 2629; x_wconf 90' lang='lat' dir='ltr'>speciosum</span> <span class='ocrx_word' id='word_1_132' title='bbox 1090 2559 1299 2604; x_wconf 89' lang='lat' dir='ltr'>suum</span> <span class='ocrx_word' id='word_1_133' title='bbox 1326 2535 1632 2630; x_wconf 89' lang='lat' dir='ltr'>quotidie</span> <span class='ocrx_word' id='word_1_134' title='bbox 1656 2535 1874 2625; x_wconf 89' lang='lat' dir='ltr'>videt,</span> <span class='ocrx_word' id='word_1_135' title='bbox 1900 2534 2219 2620; x_wconf 78' lang='lat' dir='ltr'>miratur,</span> <span class='ocrx_word' id='word_1_136' title='bbox 2243 2559 2398 2605; x_wconf 89' lang='lat' dir='ltr'>am·-</span> 
     </span>
     <span class='ocr_line' id='line_1_19' title="bbox 306 2642 2398 2748; baseline 0.002 -35"><span class='ocrx_word' id='word_1_137' title='bbox 306 2642 671 2740; x_wconf 87' lang='lat' dir='ltr'>plectitur:</span> <span class='ocrx_word' id='word_1_138' title='bbox 707 2670 859 2742; x_wconf 81' lang='lat' dir='ltr'>quae</span> <span class='ocrx_word' id='word_1_139' title='bbox 895 2644 1168 2716; x_wconf 88' lang='lat' dir='ltr'>tamdiu</span> <span class='ocrx_word' id='word_1_140' title='bbox 1200 2647 1490 2733; x_wconf 88' lang='lat' dir='ltr'>amavit,</span> <span class='ocrx_word' id='word_1_141' title='bbox 1522 2649 1809 2744; x_wconf 88' lang='lat' dir='ltr'>quando</span> <span class='ocrx_word' id='word_1_142' title='bbox 1843 2649 2131 2748; x_wconf 89' lang='lat' dir='ltr'>incipiet</span> <span class='ocrx_word' id='word_1_143' title='bbox 2161 2674 2398 2719; x_wconf 89' lang='lat' dir='ltr'>amare</span> 
     </span>
     <span class='ocr_line' id='line_1_20' title="bbox 307 2757 2397 2858; baseline 0.001 -28"><span class='ocrx_word' id='word_1_144' title='bbox 307 2757 666 2831; x_wconf 73' lang='lat' dir='ltr'>desinere?</span> <span class='ocrx_word' id='word_1_145' title='bbox 710 2786 852 2832; x_wconf 91' lang='lat' dir='ltr'>non</span> <span class='ocrx_word' id='word_1_146' title='bbox 898 2781 997 2831; x_wconf 91' lang='lat' dir='ltr'>est</span> <span class='ocrx_word' id='word_1_147' title='bbox 1037 2787 1248 2858; x_wconf 77' lang='lat' dir='ltr'>opuS,</span> <span class='ocrx_word' id='word_1_148' title='bbox 1298 2762 1788 2834; x_wconf 88' lang='lat' dir='ltr'>nocentissime</span> <span class='ocrx_word' id='word_1_149' title='bbox 1828 2790 2033 2834; x_wconf 85' lang='lat' dir='ltr'>senex</span> <span class='ocrx_word' id='word_1_150' title='bbox 2062 2821 2081 2852; x_wconf 90' lang='lat'>,</span> <span class='ocrx_word' id='word_1_151' title='bbox 2124 2763 2213 2835; x_wconf 92' lang='lat' dir='ltr'>ad</span> <span class='ocrx_word' id='word_1_152' title='bbox 2264 2762 2397 2835; x_wconf 91' lang='lat' dir='ltr'>hoc</span> 
     </span>
     <span class='ocr_line' id='line_1_21' title="bbox 306 2874 2398 2978; baseline 0.001 -33"><span class='ocrx_word' id='word_1_153' title='bbox 306 2875 504 2948; x_wconf 84' lang='lat' dir='ltr'>nefas</span> <span class='ocrx_word' id='word_1_154' title='bbox 546 2874 867 2965; x_wconf 87' lang='lat' dir='ltr'>caritate,</span> <span class='ocrx_word' id='word_1_155' title='bbox 909 2875 1028 2946; x_wconf 85' lang='lat' dir='ltr'>sed</span> <span class='ocrx_word' id='word_1_156' title='bbox 1059 2875 1395 2966; x_wconf 88' lang='lat' dir='ltr'>amentia,</span> <span class='ocrx_word' id='word_1_157' title='bbox 1431 2875 1550 2946; x_wconf 90' lang='lat' dir='ltr'>sed</span> <span class='ocrx_word' id='word_1_158' title='bbox 1590 2879 1823 2948; x_wconf 86' lang='lat' dir='ltr'>furore</span> <span class='ocrx_word' id='word_1_159' title='bbox 1866 2905 1880 2949; x_wconf 91' lang='lat'><strong>:</strong></span> <span class='ocrx_word' id='word_1_160' title='bbox 1916 2898 1990 2948; x_wconf 85' lang='lat' dir='ltr'>ut</span> <span class='ocrx_word' id='word_1_161' title='bbox 2030 2878 2102 2948; x_wconf 92' lang='lat' dir='ltr'>in</span> <span class='ocrx_word' id='word_1_162' title='bbox 2139 2877 2398 2978; x_wconf 87' lang='lat' dir='ltr'>juvene</span> 
     </span>
     <span class='ocr_line' id='line_1_22' title="bbox 309 2981 2401 3089; baseline 0 -27"><span class='ocrx_word' id='word_1_163' title='bbox 309 2981 436 3070; x_wconf 78' lang='lat' dir='ltr'>suo</span> <span class='ocrx_word' id='word_1_164' title='bbox 484 3010 712 3062; x_wconf 87' lang='lat' dir='ltr'>mater</span> <span class='ocrx_word' id='word_1_165' title='bbox 757 2990 970 3089; x_wconf 85' lang='lat' dir='ltr'>possit</span> <span class='ocrx_word' id='word_1_166' title='bbox 1017 2990 1544 3089; x_wconf 83' lang='lat' dir='ltr'>concupiscere,</span> <span class='ocrx_word' id='word_1_167' title='bbox 1611 2993 1803 3089; x_wconf 88' lang='lat' dir='ltr'>quod</span> <span class='ocrx_word' id='word_1_168' title='bbox 1861 2993 2206 3064; x_wconf 86' lang='lat' dir='ltr'>formosus</span> <span class='ocrx_word' id='word_1_169' title='bbox 2255 3013 2401 3081; x_wconf 90' lang='lat' dir='ltr'>est,</span> 
     </span>
     <span class='ocr_line' id='line_1_23' title="bbox 308 3106 2406 3206; baseline 0 -29"><span class='ocrx_word' id='word_1_170' title='bbox 308 3106 533 3179; x_wconf 86' lang='lat' dir='ltr'>oderit</span> <span class='ocrx_word' id='word_1_171' title='bbox 555 3126 824 3206; x_wconf 89' lang='lat' dir='ltr'>oportet</span> <span class='ocrx_word' id='word_1_172' title='bbox 841 3163 861 3197; x_wconf 90' lang='lat'>,</span> <span class='ocrx_word' id='word_1_173' title='bbox 889 3107 1076 3204; x_wconf 88' lang='lat' dir='ltr'>quod</span> <span class='ocrx_word' id='word_1_174' title='bbox 1113 3106 1301 3179; x_wconf 88' lang='lat' dir='ltr'>filius</span> <span class='ocrx_word' id='word_1_175' title='bbox 1330 3127 1428 3178; x_wconf 93' lang='lat' dir='ltr'>est</span> <span class='ocrx_word' id='word_1_176' title='bbox 1455 3135 1469 3178; x_wconf 92' lang='lat'><strong>:</strong></span> <span class='ocrx_word' id='word_1_177' title='bbox 1515 3127 1582 3179; x_wconf 90' lang='lat' dir='ltr'>et</span> <span class='ocrx_word' id='word_1_178' title='bbox 1604 3107 1779 3180; x_wconf 92' lang='lat' dir='ltr'>adeo</span> <span class='ocrx_word' id='word_1_179' title='bbox 1807 3107 2014 3180; x_wconf 87' lang='lat' dir='ltr'>sacris</span> <span class='ocrx_word' id='word_1_180' title='bbox 2042 3107 2406 3178; x_wconf 84' lang='lat' dir='ltr'>affectibus</span> 
     </span>
     <span class='ocr_line' id='line_1_24' title="bbox 280 3220 2405 3322; baseline -0.001 -29"><span class='ocrx_word' id='word_1_181' title='bbox 280 3248 453 3293; x_wconf 85' lang='lat' dir='ltr'>-non</span> <span class='ocrx_word' id='word_1_182' title='bbox 477 3221 843 3322; x_wconf 87' lang='lat' dir='ltr'>adjuvatur</span> <span class='ocrx_word' id='word_1_183' title='bbox 871 3222 947 3294; x_wconf 92' lang='lat' dir='ltr'>in</span> <span class='ocrx_word' id='word_1_184' title='bbox 980 3223 1285 3311; x_wconf 84' lang='lat' dir='ltr'>facinus,</span> <span class='ocrx_word' id='word_1_185' title='bbox 1327 3242 1403 3293; x_wconf 93' lang='lat' dir='ltr'>ut</span> <span class='ocrx_word' id='word_1_186' title='bbox 1441 3221 1530 3294; x_wconf 88' lang='lat' dir='ltr'>ad</span> <span class='ocrx_word' id='word_1_187' title='bbox 1571 3222 1746 3293; x_wconf 89' lang='lat' dir='ltr'>illud</span> <span class='ocrx_word' id='word_1_188' title='bbox 1792 3222 1925 3294; x_wconf 90' lang='lat' dir='ltr'>nisi</span> <span class='ocrx_word' id='word_1_189' title='bbox 1968 3248 2092 3322; x_wconf 90' lang='lat' dir='ltr'>per</span> <span class='ocrx_word' id='word_1_190' title='bbox 2124 3220 2405 3295; x_wconf 86' lang='lat' dir='ltr'>oblivio·</span> 
     </span>
     <span class='ocr_line' id='line_1_25' title="bbox 312 3336 1375 3437; baseline 0.005 -32"><span class='ocrx_word' id='word_1_191' title='bbox 312 3360 478 3408; x_wconf 90' lang='lat' dir='ltr'>nem</span> <span class='ocrx_word' id='word_1_192' title='bbox 507 3336 616 3407; x_wconf 91' lang='lat' dir='ltr'>sui</span> <span class='ocrx_word' id='word_1_193' title='bbox 651 3338 940 3408; x_wconf 88' lang='lat' dir='ltr'>transire</span> <span class='ocrx_word' id='word_1_194' title='bbox 970 3365 1113 3409; x_wconf 91' lang='lat' dir='ltr'>non</span> <span class='ocrx_word' id='word_1_195' title='bbox 1143 3337 1375 3437; x_wconf 88' lang='lat' dir='ltr'>possit.</span> 
     </span>
    </p>

    <p class='ocr_par' dir='ltr' id='par_1_3' title="bbox 311 3450 2417 4242">
     <span class='ocr_line' id='line_1_26' title="bbox 408 3450 2405 3554; baseline 0.001 -33"><span class='ocrx_word' id='word_1_196' title='bbox 408 3452 495 3522; x_wconf 90' lang='lat' dir='ltr'>X.</span> <span class='ocrx_word' id='word_1_197' title='bbox 547 3450 791 3541; x_wconf 80' lang='lat' dir='ltr'>Quid?</span> <span class='ocrx_word' id='word_1_198' title='bbox 837 3453 1027 3551; x_wconf 90' lang='lat' dir='ltr'>quod</span> <span class='ocrx_word' id='word_1_199' title='bbox 1081 3473 1148 3525; x_wconf 90' lang='lat' dir='ltr'>et</span> <span class='ocrx_word' id='word_1_200' title='bbox 1202 3453 1687 3526; x_wconf 89' lang='lat' dir='ltr'>incredibilius</span> <span class='ocrx_word' id='word_1_201' title='bbox 1735 3474 1876 3544; x_wconf 88' lang='lat' dir='ltr'>est,</span> <span class='ocrx_word' id='word_1_202' title='bbox 1931 3452 2120 3554; x_wconf 91' lang='lat' dir='ltr'>quod</span> <span class='ocrx_word' id='word_1_203' title='bbox 2164 3478 2405 3552; x_wconf 89' lang='lat' dir='ltr'>parem</span> 
     </span>
     <span class='ocr_line' id='line_1_27' title="bbox 312 3565 2412 3668; baseline 0 -32"><span class='ocrx_word' id='word_1_204' title='bbox 312 3565 616 3637; x_wconf 88' lang='lat' dir='ltr'>duorum</span> <span class='ocrx_word' id='word_1_205' title='bbox 648 3567 867 3665; x_wconf 89' lang='lat' dir='ltr'>poscit</span> <span class='ocrx_word' id='word_1_206' title='bbox 909 3567 1302 3639; x_wconf 82' lang='lat' dir='ltr'>insaniam?</span> <span class='ocrx_word' id='word_1_207' title='bbox 1334 3589 1401 3640; x_wconf 90' lang='lat' dir='ltr'>et</span> <span class='ocrx_word' id='word_1_208' title='bbox 1431 3568 1517 3640; x_wconf 89' lang='lat' dir='ltr'>ad</span> <span class='ocrx_word' id='word_1_209' title='bbox 1557 3570 1899 3641; x_wconf 89' lang='lat' dir='ltr'>incestum</span> <span class='ocrx_word' id='word_1_210' title='bbox 1941 3595 2118 3668; x_wconf 92' lang='lat' dir='ltr'>opus</span> <span class='ocrx_word' id='word_1_211' title='bbox 2160 3586 2297 3655; x_wconf 90' lang='lat' dir='ltr'>est,</span> <span class='ocrx_word' id='word_1_212' title='bbox 2334 3586 2412 3636; x_wconf 92' lang='lat' dir='ltr'>ut</span> 
     </span>
     <span class='ocr_line' id='line_1_28' title="bbox 311 3680 2410 3771; baseline -0.001 -19"><span class='ocrx_word' id='word_1_213' title='bbox 311 3680 589 3753; x_wconf 88' lang='lat' dir='ltr'>adamet</span> <span class='ocrx_word' id='word_1_214' title='bbox 637 3702 704 3753; x_wconf 94' lang='lat' dir='ltr'>et</span> <span class='ocrx_word' id='word_1_215' title='bbox 759 3682 985 3771; x_wconf 70' lang='lat' dir='ltr'>filius»,</span> <span class='ocrx_word' id='word_1_216' title='bbox 1037 3708 1185 3757; x_wconf 88' lang='lat' dir='ltr'>non</span> <span class='ocrx_word' id='word_1_217' title='bbox 1239 3704 1317 3755; x_wconf 90' lang='lat' dir='ltr'>ut</span> <span class='ocrx_word' id='word_1_218' title='bbox 1364 3681 1732 3757; x_wconf 86' lang='lat' dir='ltr'>adametur</span> <span class='ocrx_word' id='word_1_219' title='bbox 1787 3684 2057 3756; x_wconf 88' lang='lat' dir='ltr'>solum:</span> <span class='ocrx_word' id='word_1_220' title='bbox 2112 3682 2201 3753; x_wconf 92' lang='lat' dir='ltr'>ab</span> <span class='ocrx_word' id='word_1_221' title='bbox 2257 3701 2410 3751; x_wconf 89' lang='lat' dir='ltr'>utro</span> 
     </span>
     <span class='ocr_line' id='line_1_29' title="bbox 315 3793 2414 3898; baseline 0.001 -33"><span class='ocrx_word' id='word_1_222' title='bbox 315 3793 571 3868; x_wconf 90' lang='lat' dir='ltr'>deinde</span> <span class='ocrx_word' id='word_1_223' title='bbox 615 3795 824 3870; x_wconf 86' lang='lat' dir='ltr'>vultis</span> <span class='ocrx_word' id='word_1_224' title='bbox 873 3797 1179 3898; x_wconf 89' lang='lat' dir='ltr'>incipere</span> <span class='ocrx_word' id='word_1_225' title='bbox 1226 3826 1493 3898; x_wconf 91' lang='lat' dir='ltr'>preces,</span> <span class='ocrx_word' id='word_1_226' title='bbox 1536 3799 1771 3873; x_wconf 88' lang='lat' dir='ltr'>venire</span> <span class='ocrx_word' id='word_1_227' title='bbox 1805 3797 2244 3871; x_wconf 81' lang='lat' dir='ltr'>sermonem?</span> <span class='ocrx_word' id='word_1_228' title='bbox 2283 3823 2414 3867; x_wconf 92' lang='lat' dir='ltr'>au-</span> 
     </span>
     <span class='ocr_line' id='line_1_30' title="bbox 313 3909 2410 4011; baseline 0.001 -31"><span class='ocrx_word' id='word_1_229' title='bbox 313 3910 508 3981; x_wconf 89' lang='lat' dir='ltr'>debit</span> <span class='ocrx_word' id='word_1_230' title='bbox 535 3909 666 3982; x_wconf 88' lang='lat' dir='ltr'>boc</span> <span class='ocrx_word' id='word_1_231' title='bbox 701 3938 940 4010; x_wconf 78' lang='lat' dir='ltr'>rogare</span> <span class='ocrx_word' id='word_1_232' title='bbox 980 3913 1165 3987; x_wconf 88' lang='lat' dir='ltr'>filius</span> <span class='ocrx_word' id='word_1_233' title='bbox 1202 3935 1496 3987; x_wconf 88' lang='lat' dir='ltr'>matrem</span> <span class='ocrx_word' id='word_1_234' title='bbox 1512 3914 1550 4006; x_wconf 68' lang='grc' dir='ltr'>Ξ)1</span> <span class='ocrx_word' id='word_1_235' title='bbox 1574 3937 1793 3987; x_wconf 88' lang='lat' dir='ltr'>mater</span> <span class='ocrx_word' id='word_1_236' title='bbox 1827 3916 1959 3987; x_wconf 87' lang='lat' dir='ltr'>hoc</span> <span class='ocrx_word' id='word_1_237' title='bbox 2000 3915 2410 4011; x_wconf 86' lang='lat' dir='ltr'>impetratu-</span> 
     </span>
     <span class='ocr_line' id='line_1_31' title="bbox 314 4026 2409 4125; baseline 0 -30"><span class='ocrx_word' id='word_1_238' title='bbox 314 4051 467 4096; x_wconf 89' lang='lat' dir='ltr'>ram</span> <span class='ocrx_word' id='word_1_239' title='bbox 518 4050 589 4095; x_wconf 86' lang='lat' dir='ltr'>se</span> <span class='ocrx_word' id='word_1_240' title='bbox 636 4026 935 4125; x_wconf 85' lang='lat' dir='ltr'>sperabit</span> <span class='ocrx_word' id='word_1_241' title='bbox 966 4054 1008 4100; x_wconf 88' lang='lat' dir='ltr'>a</span> <span class='ocrx_word' id='word_1_242' title='bbox 1042 4027 1229 4100; x_wconf 84' lang='lat' dir='ltr'>filio?</span> <span class='ocrx_word' id='word_1_243' title='bbox 1265 4032 1478 4102; x_wconf 91' lang='lat' dir='ltr'>Hunc</span> <span class='ocrx_word' id='word_1_244' title='bbox 1520 4029 1840 4102; x_wconf 88' lang='lat' dir='ltr'>animum</span> <span class='ocrx_word' id='word_1_245' title='bbox 1895 4050 2134 4114; x_wconf 90' lang='lat' dir='ltr'>tuum,</span> <span class='ocrx_word' id='word_1_246' title='bbox 2171 4053 2409 4116; x_wconf 83' lang='lat' dir='ltr'>senex,</span> 
     </span>
     <span class='ocr_line' id='line_1_32' title="bbox 314 4140 2417 4242; baseline 0 -33"><span class='ocrx_word' id='word_1_247' title='bbox 314 4164 458 4238; x_wconf 92' lang='lat' dir='ltr'>quo</span> <span class='ocrx_word' id='word_1_248' title='bbox 493 4165 716 4237; x_wconf 91' lang='lat' dir='ltr'>quum</span> <span class='ocrx_word' id='word_1_249' title='bbox 754 4141 1053 4214; x_wconf 82' lang='lat' dir='ltr'>maxime</span> <span class='ocrx_word' id='word_1_250' title='bbox 1086 4163 1266 4215; x_wconf 90' lang='lat' dir='ltr'>taces</span> <span class='ocrx_word' id='word_1_251' title='bbox 1295 4144 1400 4242; x_wconf 90' lang='lat' dir='ltr'>(si</span> <span class='ocrx_word' id='word_1_252' title='bbox 1433 4171 1575 4217; x_wconf 91' lang='lat' dir='ltr'>non</span> <span class='ocrx_word' id='word_1_253' title='bbox 1609 4165 1707 4216; x_wconf 90' lang='lat' dir='ltr'>est</span> <span class='ocrx_word' id='word_1_254' title='bbox 1736 4142 2011 4233; x_wconf 91' lang='lat' dir='ltr'>callida,</span> <span class='ocrx_word' id='word_1_255' title='bbox 2034 4167 2178 4214; x_wconf 90' lang='lat' dir='ltr'>non</span> <span class='ocrx_word' id='word_1_256' title='bbox 2210 4140 2417 4211; x_wconf 89' lang='lat' dir='ltr'>mali-</span> 
     </span>
    </p>
   </div>
   <div class='ocr_carea' id='block_1_3' title="bbox 326 4256 2419 4432">
    <p class='ocr_par' dir='ltr' id='par_1_4' title="bbox 326 4256 2419 4432">
     <span class='ocr_line' id='line_1_33' title="bbox 326 4256 2419 4356; baseline -0.001 -26"><span class='ocrx_word' id='word_1_257' title='bbox 326 4282 463 4352; x_wconf 83' lang='lat' dir='ltr'>gna</span> <span class='ocrx_word' id='word_1_258' title='bbox 515 4256 951 4355; x_wconf 80' lang='lat' dir='ltr'>simulatio),</span> <span class='ocrx_word' id='word_1_259' title='bbox 1012 4260 1099 4333; x_wconf 90' lang='lat' dir='ltr'>de</span> <span class='ocrx_word' id='word_1_260' title='bbox 1153 4261 1292 4335; x_wconf 86' lang='lat' dir='ltr'>fide</span> <span class='ocrx_word' id='word_1_261' title='bbox 1342 4263 1515 4335; x_wconf 85' lang='lat' dir='ltr'>tanti</span> <span class='ocrx_word' id='word_1_262' title='bbox 1565 4261 1836 4336; x_wconf 89' lang='lat' dir='ltr'>sceleris</span> <span class='ocrx_word' id='word_1_263' title='bbox 1882 4262 2274 4356; x_wconf 79' lang='lat' dir='ltr'>interrogO,</span> <span class='ocrx_word' id='word_1_264' title='bbox 2326 4284 2419 4329; x_wconf 88' lang='lat' dir='ltr'>an</span> 
     </span>
     <span class='ocr_line' id='line_1_34' title="bbox 533 4371 2175 4432; baseline 0.004 -6"><span class='ocrx_word' id='word_1_265' title='bbox 533 4371 579 4426; x_wconf 88' lang='grc'>5.</span> <span class='ocrx_word' id='word_1_266' title='bbox 2101 4380 2175 4432; x_wconf 74' lang='grc' dir='ltr'>α5</span> 
     </span>
    </p>
   </div>
  </div>
 </body>
</html>
