3200 5117
730 539 1361 614 DECLAMATIO
1406 541 1457 608 1.
1506 543 1689 609 PRO
1732 542 2023 609 CAECO.
2369 543 2408 610 5

337 681 605 741 semota
635 653 989 768 penatium
1020 685 1207 766 parte
1239 665 1567 768 seposuit,
1605 663 1857 763 eripuit
1881 666 2204 735 Novercae
2237 690 2408 735 ocu-

340 777 858 881 lisvoluptatem
881 795 927 855 ¹.
955 785 1275 879 Namque
1297 780 1422 852 ista
1443 805 1664 874 quum
1683 778 2001 849 invssasisse
2018 802 2265 848 vacuos
2294 802 2407 875 pe·

350 909 580 969 nates²
628 896 1002 986 videretur,
1052 920 1273 993 quum
1325 893 1496 992 patri
1533 891 1756 965 filium
1792 918 2050 963 caecum
2085 890 2218 961 hoc
2265 916 2407 964 esse

348 1011 676 1101 crederet,
717 1011 905 1110 quod
946 1010 1303 1082 orbitatem
1345 1007 1738 1105 excogitavit
1775 1005 2408 1104 indulgentissimus

349 1150 582 1211 senex,
624 1125 1217 1223 quemadmodum
1260 1122 1373 1193 hic
1416 1122 1625 1193 miser
1669 1119 1843 1220 patri
1883 1147 2007 1192 suo
2047 1121 2120 1191 in
2164 1119 2406 1191 eadem

349 1237 559 1308 domo
585 1257 786 1325 esset,
818 1239 1138 1307 Novercae
1162 1236 1233 1306 in
1262 1234 1394 1307 alia
1418 1234 1674 1332 accepit
1698 1254 2028 1305 secretum
2055 1232 2242 1331 quod
2266 1254 2410 1336 erat

288 1381 293 1392 ‘
350 1351 705 1447 petiturus.
746 1349 962 1439 Quod
1009 1374 1147 1447 quo
1182 1348 1265 1421 sit
1302 1348 1538 1419 animo
1574 1347 1753 1419 senis
1795 1348 2090 1435 factum,
2132 1346 2411 1445 potestis

344 1461 765 1560 interrogare
790 1482 1310 1533 testamentum:
1354 1485 1580 1558 neque
1612 1487 1736 1558 ego
1765 1460 2247 1557 gravissimum
2281 1486 2409 1558 pa·-

345 1596 526 1645 trem
555 1601 872 1674 suprema
903 1603 1025 1647 sua
1042 1574 1284 1673 juveni
1303 1575 1581 1675 jactasse
1611 1574 2054 1664 crediderim,
2097 1594 2174 1645 ut
2210 1573 2408 1645 here-

347 1688 514 1759 dem
556 1690 777 1760 filium
823 1689 1210 1762 scriberet3.
1254 1692 1413 1761 Non
1459 1709 1557 1761 est
1599 1715 1703 1760 res
1747 1714 1899 1787 quae
1945 1688 2403 1786 4imputetur:

346 1801 550 1873 istam
591 1804 807 1901 magis
847 1826 1109 1904 oportet
1140 1804 1245 1878 vel
1281 1803 1515 1903 aliquo
1553 1804 1844 1894 indicio,
1879 1802 1987 1875 vel
2022 1803 2407 1901 suspicione

349 1916 677 1989 muliebri
704 1945 950 1991 arcana
982 1919 1207 1991 mariti
1241 1919 1805 2019 deprehendisse,
1835 1940 1904 1990 et
1934 1918 2161 1989 statim
2189 1917 2412 1988 omni-

350 2030 481 2102 bus
525 2032 928 2130 nuptiarum
977 2032 1414 2104 renunciasse
1460 2029 1932 2133 pignoribus5.
1971 2033 2153 2102 Nam
2189 2055 2409 2127 quum

350 2164 622 2242 propter
653 2145 1020 2243 pecuniam
1055 2172 1273 2235 ames,
1310 2146 1497 2217 idem
1531 2145 1783 2217 amoris
1809 2165 1886 2216 ·et
1922 2143 2066 2242 spei
2101 2143 2259 2214 finis
2286 2162 2405 2215 est.

446 2259 565 2329 ΙΙΙ.
612 2259 974 2332 Habuerat
1018 2261 1407 2332 adolescens
1451 2259 1760 2355 gladium
1805 2257 1878 2327 in
1921 2255 2245 2331 cubiculo
2284 2265 2407 2327 su'o

349 2396 652 2470 semper,
684 2372 822 2446 sive
849 2393 1216 2471 antequam
1247 2373 1322 2443 in
1351 2371 1529 2444 hanc
1555 2369 1906 2443 fortunam
1935 2368 2264 2442 incideret
2294 2395 2409 2468 pa·

351 2552 530 2605 odium
547 2591 564 2618 .,
586 2567 638 2605 et
660 2552 847 2606 malam
872 2555 1304 2608 existimationem
1325 2573 1340 2614 ;

353 2633 427 2682 sic
446 2629 715 2695 Phaedrus,
732 2629 941 2684 Fab.‘111
954 2669 975 2697 5
993 2630 1053 2697 8,
1080 2648 1142 2684 10
1158 2653 1171 2681 ε
1201 2654 1224 2676 ι
1239 2631 1345 2682 Ma-

354 2734 382 2758 ·
396 2729 602 2783 gnaqne
610 2711 800 2764 invidia
813 2711 1304 2764 criminatur-filium.
1315 2735 1337 2759 ι

430 2806 449 2841 t
463 2829 475 2841 .
494 2788 825 2862 Voluptatem
842 2788 1066 2842 dicendo
1087 2787 1342 2854 ostendit,

351 2868 720 2940 etiamjudicio
733 2870 922 2941 patris,
939 2886 1218 2921 novercam
1234 2886 1345 2920 cru·

350 2949 460 3002 deli
481 2951 656 3001 animo
680 2951 734 3001 iu
757 2950 1051 3022 privignum
1076 2951 1252 3002 fuisse.

427 3044 476 3078 2.
501 3027 556 3080 V
549 3045 703 3079 acuas
715 3037 938 3099 penates.
955 3027 1190 3099 Explicat
1207 3030 1343 3081 infra

352 3103 456 3156 hac
469 3104 703 3157 Declam.
730 3128 751 3151 a
770 3107 998 3176 Decepta
1014 3119 1118 3170 est,
1137 3104 1343 3171 mulier,

360 3204 383 3228 ιι
402 3184 721 3252 exspectatio
744 3196 848 3235 tna.
863 3188 1094 3235 Vener-as
1120 3185 1266 3256 quasi
1289 3185 1344 3236 in

362 3283 384 3303 ι-
404 3258 623 3310 domum
639 3277 856 3312 vacuam
881 3275 929 3313 et
955 3263 1063 3314 sine
1084 3261 1294 3313 herede.
1317 3284 1341 3309 n

355 3339 636 3411 Eleganter
652 3340 757 3392 hoc
774 3362 785 3390 :
808 3359 928 3393 nam
949 3355 1001 3393 et
1014 3340 1230 3393 heredes
1249 3359 1345 3412 pro

357 3420 583 3474 dominis
598 3421 931 3493 appellabant
940 3435 1139 3473 veteres
1150 3458 1166 3485 ‚
1180 3423 1345 3473 Instit.

358 3497 428 3551 de
459 3502 581 3552 Her.
612 3498 753 3570 qual.
788 3511 841 3551 et
866 3499 1015 3560 diff.;
1044 3499 1209 3551 Plant.
1234 3500 1348 3550 Me-

358 3578 525 3632 naecb.
560 3579 660 3643 111,
695 3598 722 3631 2
740 3617 758 3644 ,
794 3596 851 3632 12
871 3599 886 3642 ;
924 3593 975 3631 et
1007 3596 1200 3644 vacua,
1237 3595 1347 3651 que

360 3658 635 3710 dominnm
654 3677 763 3710 non
785 3656 999 3710 habent.

432 3736 483 3788 3.
525 3735 834 3788 Crediderim
852 3748 913 3788 ut
929 3734 1160 3788 heredem
1170 3734 1349 3808 filium

358 3816 602 3870 scriberet.
627 3817 794 3887 Lege,
803 3819 1023 3888 jactasse
1038 3816 1346 3869 crediderim.

359 3894 618 3946 Heredem
633 3891 814 3965 filium
829 3895 1034 3946 scribere
1048 3912 1150 3946 non
1167 3904 1239 3945 est
1251 3911 1350 3960 res,

361 3991 479 4046 quoe
508 3974 804 4044 imputetur.
831 3974 992 4026 Giton.
1018 4001 1090 4013 --
1119 3973 1189 4024 Ut
1215 3972 1331 4024 hers

358 4053 480 4104 dem
495 4051 679 4125 filium
707 4055 948 4106 scriberet.
981 4054 1048 4104 Ut
1070 4052 1171 4105 boc
1200 4052 1355 4116 loco,

363 4135 499 4185 sicut
516 4151 650 4204 sepe
660 4171 677 4198 ,
691 4152 791 4212 pro
805 4133 1035 4206 quamvis
1049 4134 1181 4184 sumi
1194 4145 1329 4203 puto
1339 4171 1356 4199 ,

361 4211 432 4266 de
447 4227 556 4284 quo
570 4210 688 4265 vide
701 4213 927 4266 Gronov.
947 4210 1013 4264 ad
1031 4211 1142 4264 Liv.
1159 4212 1326 4263 xxm
1338 4248 1355 4277 ‚

1425 2569 1508 2621 27.
1533 2552 1724 2606 Sensus
1749 2568 1854 2607 est:
1882 2556 2130 2623 Quamvis
2158 2553 2409 2610 scriberet

1423 2629 1587 2682 fllium
1619 2631 1866 2686 heredem
1882 2651 2036 2699 snon
2068 2647 2145 2685 est
2171 2652 2254 2686 res
2281 2637 2375 2686 ista
2392 2673 2409 2699 ‚

1424 2729 1570 2784 qne,
1605 2727 1664 2764 ut
1703 2712 2013 2767 beneficium
2053 2713 2411 2766 extraordina-

1422 2790 1557 2842 rium
1593 2790 1841 2861 imputari
1875 2793 2071 2863 possit,
2105 2810 2266 2863 quum
2292 2795 2411 2864 jure

1421 2871 1513 2924 fiat
1535 2884 1587 2922 et
1612 2889 1773 2921 more.

1492 2947 1542 3014 4.
1568 2948 1877 3018 Imputetur.
1895 2947 2060 2999 Tacit.
2081 2944 2148 3000 de
2166 2949 2409 3001 German.

1429 3049 1452 3074 α
1471 3030 1608 3096 Data
1627 3044 1738 3077 non
1756 3028 2042 3096 imputant,
2063 3043 2161 3077 nec
2184 3028 2413 3096 acceptis

1430 3127 1453 3152 α
1473 3103 1789 3175 obligantur.
1812 3127 1834 3150 n
1861 3101 1995 3155 Vide
2019 3105 2171 3154 etiam
2195 3102 2413 3155 Sueten.

1424 3184 1548 3234 Ner.
1569 3218 1585 3245 ‚
1613 3200 1660 3233 c.
1691 3182 1775 3234 36.
1803 3180 2020 3232 Plenum
2052 3193 2131 3233 est
2161 3182 2416 3251 imputare

1424 3257 1655 3332 beneficii
1683 3260 1795 3311 Ioco
1820 3258 1961 3330 quod
1981 3259 2092 3327 jam
2114 3257 2414 3328 vulgatum3

1425 3338 1520 3392 sed
1534 3340 2015 3411 frequentissimum
2034 3356 2197 3411 quum
2215 3341 2277 3391 sit
2291 3339 2416 3393 huic

1425 3421 1629 3470 auctori
1654 3430 1704 3469 et
1726 3417 1906 3469 seculo
1918 3456 1935 3485 ,
1954 3417 2136 3471 notula
2155 3417 2257 3471 hac
2276 3418 2417 3489 illus·

1425 3496 1677 3554 trandum
1698 3496 1815 3546 fuit.

1498 3574 1545 3627 5.
1571 3573 1887 3646 Nuptiarum
1907 3574 2225 3646 renunciasse
2241 3575 2421 3652 piqne-

1428 3655 1579 3706 ribus.
1610 3656 1724 3706 Hoc
1748 3668 1853 3718 est,
1883 3655 2080 3719 amori,
2109 3655 2418 3723 affectibus,

1429 3750 1565 3802 quos
1606 3734 1800 3803 nuptie
1839 3730 2068 3796 babent,
2107 3746 2200 3785 ant
2238 3737 2419 3788 conci·

1428 3811 1588 3876 liant3
1609 3816 1802 3885 quique
1819 3812 1886 3864 de
1905 3811 2010 3865 fide
2032 3812 2245 3867 alterius
2267 3817 2326 3866 in
2347 3813 2420 3868 al-

1431 3906 1598 3946 terum
1624 3895 1773 3964 qnasi
1797 3895 2015 3964 pignora
2043 3906 2195 3958 suut,
2224 3907 2274 3947 et
2302 3912 2421 3967 spe-

1430 3972 1606 4023 ciatim
1630 3974 1765 4023 inter
1788 3984 2031 4041 parentes
2052 3986 2105 4024 et
2126 3971 2320 4026 liberos
2347 3976 2421 4025 in-

1430 4051 1764 4104 intercedunt
1779 4087 1797 4115 ,
1820 4052 2260 4122 quemadmodum
2287 4055 2421 4104 inter·

1432 4132 1849 4199 consanguineos
1873 4131 2095 4205 affecti&
2116 4145 2168 4183 et
2189 4132 2422 4184 caritates

1432 4207 1590 4263 habet
1613 4209 1922 4280 promiscue.
