3200 5117
840 542 1113 606 DECL.
1159 542 1354 606 xvi.
1405 542 1688 605 AMICI
1734 543 2058 607 VADES.
2364 543 2481 609 351

399 666 528 740 ista
560 665 1135 767 deprehenderit,
1165 664 1241 737 in
1273 663 1550 736 alterius
1581 665 1812 737 fatum
1836 680 1854 711 ¹
1896 685 2191 737 transeat
2216 649 2493 739 =necesse

395 802 535 870 est,
579 802 944 880 tamquam
992 773 1375 852 orbitatem.
1419 777 1617 869 Quid
1663 779 1854 852 enim
1887 779 1942 853 si
1985 806 2101 852 me
2139 780 2493 856 detinente

397 920 614 971 matre
633 955 652 989 ‚
680 901 853 972 alter
880 927 918 971 e
946 899 1157 971 latere
1189 898 1576 971 revocaret?
1606 919 1674 971 et
1703 898 1759 972 si
1788 899 1974 972 bella
2002 900 2297 973 militem
2327 930 2495 1001 pos-

398 1038 668 1106 cerent;
690 1016 746 1090 si
773 1019 1082 1118 legatum
1103 1016 1323 1117 patria
1350 1015 1730 1114 dimitteret
1747 1047 1765 1106 ;
1785 1016 1998 1089 veluti
2020 1017 2110 1089 ad
2141 1019 2490 1118 propriam

398 1131 813 1204 descendam
862 1131 1283 1204 necessitatis
1334 1157 1508 1203 meae
1556 1131 2180 1230 complorationem
2200 1189 2219 1222 ,
2270 1133 2328 1205 si
2378 1161 2494 1207 me

399 1246 812 1320 damnatum
833 1275 1033 1348 poena
1051 1248 1573 1346 constringeret,
1591 1247 1919 1321 videlicet
1937 1247 2338 1346 effringeres
2362 1276 2496 1321 car·

399 1389 625 1435 cerem
651 1422 670 1456 ,
711 1386 965 1457 mater,
1011 1365 1327 1467 injiceres
1370 1364 1677 1437 carnifici
1724 1391 2061 1454 manum,
2106 1386 2175 1438 et
2210 1366 2493 1465 perituri

401 1479 528 1551 filii
549 1480 884 1580 jugulum
911 1483 1317 1555 auctoritate
1338 1481 1520 1583 juris
1551 1480 1871 1582 operires.

497 1596 617 1665 Vl.
654 1596 767 1667 Dii
792 1595 1112 1694 deaeque!
1141 1623 1356 1694 quam
1388 1595 1595 1695 longe
1626 1617 1724 1668 est
1746 1596 1891 1683 lex,
1921 1621 2076 1693 quae
2106 1598 2352 1668 retinet
2377 1597 2495 1670 ho·

400 1710 668 1783 minem
683 1769 702 1802 ,
718 1712 839 1809 qui
866 1739 1079 1812 poenae
1101 1740 1248 1784 non
1267 1712 1487 1784 venit!
1510 1712 1765 1801 nescis,
1789 1734 2134 1808 quantum
2152 1712 2492 1813 intelligo,

399 1846 646 1916 mater,
676 1847 1010 1925 quantam
1040 1826 1374 1899 invidiam
1401 1826 1708 1899 debeant
1728 1827 1953 1899 facere
1982 1826 2220 1898 liberis
2242 1854 2494 1927 paren-

399 1960 535 2031 tes,
572 1967 612 2012 a
647 1940 899 2037 quibus
930 1941 1450 2041 relinquuntur.
1480 1944 1731 2030 Mater,
1762 1968 1915 2040 quae
1949 1968 2020 2013 se
2054 1941 2276 2014 deseri
2313 1970 2493 2042 que-

399 2054 602 2146 ritur,
648 2055 825 2129 illud
871 2057 1210 2130 exclamet
1242 2086 1273 2130 :·
1304 2057 1533 2129 filium
1575 2085 1820 2129 meum
1860 2058 2091 2131 civitas
2128 2060 2494 2158 peregrina

398 2171 749 2261 sollicitat3
784 2195 862 2245 ut
888 2201 1196 2248 amoenos
1225 2174 1456 2247 nescio
1487 2174 1688 2277 cujus
1722 2201 2024 2247 recessus
2055 2175 2242 2249 orbis
2270 2195 2491 2275 petat,

400 2287 743 2361 debilitati
767 2316 941 2363 meae
964 2290 1307 2362 subtrahit
1328 2290 1661 2363 humeros
1691 2317 1705 2360 ε
1730 2289 2009 2391 juvenis
2038 2316 2238 2362 meus
2264 2290 2495 2362 abdu-

400 2411 579 2476 citur
596 2432 833 2477 amore
860 2406 1236 2478 meretricis
1254 2461 1273 2494 ‚
1303 2427 1371 2478 et
1388 2407 1475 2478 ab
1501 2405 1746 2478 officiis
1770 2405 2108 2478 civitatis²
2137 2404 2316 2478 vitiis
2339 2405 2495 2476 abs·-

398 2519 689 2592 trahitur
713 2523 1104 2596 oculorum.
1137 2513 1501 2623 Ejusmodi
1537 2521 1803 2620 gemitu
1833 2521 2066 2594 filium
2093 2548 2364 2594 necesse
2397 2541 2496 2592 est

401 2636 867 2732 persequaris,
900 2655 979 2707 ut
1009 2636 1198 2737 quod
1232 2637 1567 2726 detineor,
1604 2636 1826 2708 obiter
1859 2658 1923 2707 et
1952 2662 2156 2735 poena
2188 2636 2310 2708 sit:
2347 2662 2493 2708 non

399 2747 567 2820 facit
604 2749 733 2820 ista
773 2749 881 2821 lex
916 2751 1003 2823 ad
1042 2752 1328 2841 liberos,
1376 2750 1499 2850 qui
1544 2750 2017 2823 misericordia
2058 2751 2489 2823 detinentur:

401 2881 479 2933 ut
516 2883 717 2963 turpe
754 2864 837 2935 sit
876 2865 1064 2964 quod
1104 2866 1347 2939 recedo
1370 2924 1390 2956 ,
1429 2865 1502 2937 in
1540 2892 1623 2937 eo
1660 2885 1932 2936 tantum
1970 2885 2105 2954 est,
2151 2866 2240 2936 ad
2280 2893 2494 2963 quem

397 3002 701 3053 revertor
716 3009 734 3069 ;
769 3001 834 3052 et
863 3003 943 3053 ut
965 2981 1235 3054 facinus
1259 2982 1345 3053 sit
1365 2980 1596 3053 relicta
1621 3002 1870 3070 mater,
1896 3007 2040 3053 non
2064 2979 2334 3084 faciunt
2363 2980 2494 3052 nisi

398 3122 618 3169 causae
647 3097 1132 3197 relinquendi:
1170 3099 1385 3170 homo
1408 3155 1427 3189 ,
1464 3098 1584 3197 qui
1619 3096 1706 3169 ad
1739 3117 2117 3195 tyrannum
2158 3116 2492 3185 revertor,

399 3207 453 3278 si
488 3213 676 3283 malo
713 3212 952 3285 animo
983 3212 1304 3312 relinquo
1348 3232 1680 3302 matrem,
1722 3211 1978 3311 dignus
2014 3236 2174 3282 sum
2218 3210 2342 3309 qui
2378 3210 2496 3281 de-

402 3321 642 3396 tinear.
675 3330 835 3399 Non
866 3348 969 3400 est
995 3327 1223 3427 itaque
1257 3330 1447 3428 quod
1479 3326 1781 3402 subinde
1808 3326 2116 3400 nominis
2144 3325 2345 3399 vestri
2374 3327 2496 3398 be-

479 3562 522 3598 t.
547 3546 616 3599 In
637 3545 1061 3621 alteriusfatum.
1084 3551 1406 3604 obscuriora
1484 3565 1537 3603 et
1579 3551 1947 3615 calamitosos,
1985 3551 2077 3621 qui
2116 3566 2227 3600 non
2268 3561 2496 3620 possunt

401 3623 511 3679 haec
533 3627 726 3681 verba:
757 3629 1039 3702 legendum
1062 3646 1194 3703 puto
1213 3671 1229 3697 ,
1252 3650 1405 3684 excu-
1483 3630 1670 3684 adesse
1694 3632 2025 3703 parentibus.
2052 3633 2221 3683 Burin.

398 3715 522 3757 ,ναίω
541 3720 676 3761 sunt.
698 3727 753 3779 p.
781 3708 818 3762 1.
845 3728 889 3760 c.
914 3721 964 3762 et
985 3713 1029 3762 si
1049 3728 1202 3783 quem
1229 3709 1312 3762 lex
1332 3712 1404 3763 ita
1557 3729 1605 3763 α.
1636 3711 1715 3764 Ab
1747 3710 1939 3785 officiis
1969 3711 2208 3764 civitatis.
2243 3712 2376 3779 Quis
2404 3709 2492 3763 hic

399 3784 817 3858 deprehenderit.-
850 3791 1054 3859 excepti
1086 3802 1140 3841 et
1172 3791 1405 3841 excusati
1483 3790 1635 3842 locus
1670 3789 1899 3863 publicis
1940 3790 2158 3854 officiis,
2197 3807 2362 3861 quum
2399 3807 2495 3842 soa

403 3863 471 3915 ab
494 3863 583 3916 illa
607 3864 723 3936 lege
751 3866 1040 3919 calamitosi
1069 3868 1251 3931 liberi3
1281 3881 1334 3920 et
1361 3871 1405 3920 si
1483 3868 1648 3919 modo
1688 3882 1739 3920 et
1776 3872 1981 3941 privata
2018 3867 2210 3919 damna
2245 3881 2496 3939 queratur

399 3942 484 3996 lex
506 3945 561 3995 in
585 3943 883 3997 calamitate
906 3944 1310 4017 deprehenderit
1325 3959 1406 3998 ta·
1483 3951 1688 4002 mater?
1729 3970 1894 4024 quare
1935 3949 2145 4002 maliem
2189 3948 2362 4018 legere
2377 3986 2395 4013 ‚
2431 3948 2495 4000 ab

401 4021 476 4075 les
491 4021 686 4074 liberos
697 4060 713 4088 ,
732 4041 949 4076 necesso
962 4038 1069 4090 est,
1084 4037 1144 4076 ut
1155 4062 1173 4090 ,
1187 4025 1263 4077 ini
1282 4044 1408 4078 con-
1485 4028 1679 4103 officiis
1688 4030 1899 4100 pietatis
1914 4029 2498 4083 vicinabsmhiturocu-

402 4103 726 4170 siderentur,
755 4117 1022 4178 tamquam
1054 4109 1097 4158 si
1122 4121 1274 4177 pater
1297 4124 1405 4157 non
1487 4111 1966 4165 lorum.Francium
1981 4109 2321 4163 offenderunt
2337 4112 2494 4160 etiam

401 4185 622 4240 haberet
659 4184 823 4239 fliium
844 4225 862 4253 ,
903 4187 996 4240 sed
1034 4188 1197 4241 orbus
1235 4201 1371 4241 esset
1391 4226 1408 4254 ,
1486 4193 1710 4246 civitatis
1730 4190 1937 4266 officia,
1960 4194 2051 4265 qui
2069 4193 2312 4247 coecitatis
2330 4191 2496 4243 corri-

404 4286 568 4341 quum
598 4268 741 4324 idem
772 4272 840 4323 cit
867 4288 981 4323 nou
1012 4269 1211 4324 habere
1239 4269 1406 4336 filios,
1485 4271 1660 4345 gebat.
