3200 5117
915 519 1980 589 nEcL.1x.oLAn1ATon.
2057 482 2066 489 ’
2181 474 2186 479 ’
2267 618 2272 623 .
2361 542 2484 610 ,ιη

411 646 806 741 aestimatim
854 647 1151 746 figurare
1196 665 1433 717 tamen
1478 643 1788 747 potestis„
1831 644 1952 743 qui
2002 663 2169 717 tune
2209 643 2489 717 animus

411 762 620 852 mihi,
654 788 809 862 quae
841 760 1158 860 cogitatio
1184 759 1416 832 fuerit.
2282 834 2288 842 ,

503 880 660 950 Vll.
702 882 1022 976 Namque
1056 898 1125 949 et
1148 897 1400 949 natura
1428 875 1609 947 redit
1635 875 1708 947 in
1741 875 2063 948 extremis
2090 874 2293 948 tristis
2323 901 2488 975 prae-

409 993 616 1066 teritae
644 992 1006 1093 voluptatis
1037 991 1446 1081 recordatio,
1482 1011 1548 1063 et
1575 989 1752 1062 mihi
1779 1017 2002 1090 quum
2031 990 2299 1090 generis
2328 1018 2490 1064 con-

409 1107 722 1196 scientia,
776 1133 1001 1203 quum
1049 1107 1344 1178 fortunae
1395 1105 1704 1178 conscius
1725 1120 1740 1150 ¹
1797 1104 2174 1202 aliquando
2221 1105 2487 1204 fulgor,

360 1268 369 1276 -
408 1246 634 1320 quum
651 1220 970 1293 liberales
988 1241 1162 1292 artes
1179 1278 1198 1311 ,
1225 1246 1448 1316 quum
1467 1220 1703 1293 omnia
1720 1219 2077 1318 quondam
2097 1221 2490 1293 honestiora

410 1335 807 1423 munerario
822 1334 1317 1423 meo,domus,
1334 1333 1633 1424 familia,
1660 1334 1892 1423 amici,
1919 1356 2296 1435 caeteraque
2314 1362 2490 1408 nun·

409 1475 624 1547 quam
646 1448 944 1521 'videnda
967 1448 1041 1520 in
1070 1448 1320 1520 ultima
1347 1448 1584 1520 mortis
1609 1449 2104 1548 exspectatione
2135 1477 2490 1523 succurre-

409 1585 565 1637 rent
591 1563 855 1637 tenenti
888 1564 1157 1637 servilia
1188 1590 1418 1654 arma,
1454 1585 1522 1636 et
1553 1563 2018 1662 ignominiosa
2049 1586 2270 1639 morte
2300 1567 2489 1667 peri-.

316 1763 326 1773 ·
407 1697 561 1749 turo
575 1735 593 1768 ,
615 1697 766 1750 tum
782 1735 801 1768 ‚
821 1678 877 1750 si
897 1677 1039 1749 ulla
1059 1678 1326 1751 miseris
1355 1698 1459 1750 est
1477 1677 1681 1768 fides,
1701 1677 1871 1777 quid
1888 1679 2142 1751 horum
2163 1681 2488 1757 omnium

405 1792 629 1891 ignari
661 1807 944 1892 agerent
966 1774 1394 1894 propinqui,
1433 1791 1610 1864 nihil
1652 1793 1849 1895 pejus
1883 1792 1966 1864 de
2014 1794 2291 1867 fortuna
2329 1822 2490 1869 mea

407 1909 864 2010 suspicantes,
897 1937 1111 2009 quam
1143 1909 1332 2009 quod
1366 1907 1811 2009 scripseram3
1847 1908 2024 1983 illud
2066 1932 2302 1983 tamen
2337 1938 2492 2009 gra-

406 2024 801 2111 vissimum,
827 2024 1017 2124 qnod
1045 2045 1351 2127 patrem,
1384 2023 1505 2123 qui
1538 2023 1806 2095 tamdiu
1835 2051 1981 2096 non
2008 2024 2302 2113 veniret,
2328 2031 2493 2124 cap-

330 2158 337 2164 ·
408 2158 561 2211 tum
583 2139 950 2239 putabam:
970 2166 1133 2238 ergo
1149 2159 1288 2210 tota
1304 2137 1716 2237 cogitatione
1737 2138 2136 2212 intentusin
2160 2161 2487 2231 mortem,

406 2254 883 2351 exspectabam
913 2275 1287 2327 cruentum
1321 2252 1524 2325 illum
1554 2255 2045 2327 confectorem.
2084 2254 2265 2345 Quis
2296 2252 2489 2327 enim

354 2425 359 2430 .
407 2366 682 2440 dubitet
723 2368 895 2468 quid
946 2369 1266 2440 futurum
1306 2365 1554 2455 fuerit,
1596 2365 1652 2437 si
1697 2393 1824 2465 ego
1873 2364 2329 2466 pugnassem?
2373 2364 2490 2437 ille

407 2508 689 2579 quoque
727 2483 992 2557 occisus
1035 2503 1166 2571 est,
1201 2481 1322 2581 qui
1364 2482 1544 2554 inter
1580 2508 1740 2570 noS,
1779 2502 1857 2554 ut
1890 2501 2204 2581 apparet,
2251 2480 2492 2552 fortior

406 2597 560 2671 fuit.
582 2599 712 2670 His
732 2597 1262 2697 cogitationibus
1285 2597 1601 2686 attonito,
1620 2617 1690 2668 et
1712 2599 1785 2668 in
1807 2618 2104 2670 mortem
2114 2597 2269 2698 jam
2295 2622 2490 2696 paene

409 2711 761 2802 demerso,
804 2713 1164 2812 inopinata
1200 2710 1432 2783 subito
1475 2710 1681 2782 amici
1723 2711 1863 2783 mei
1897 2712 2155 2810 species
2185 2712 2485 2784 offulsit:

287 2846 317 2893 .“
408 2828 768 2929 obstupui,
815 2849 1184 2927 totumque
1226 2853 1472 2926 corpus
1519 2826 1853 2926 percurrit
1900 2827 2195 2927 frigidus
2243 2854 2488 2927 pavor3

402 2963 636 3042 neque
678 2942 896 3032 aliter,
943 2968 1159 3041 quam
1200 2940 1257 3013 si
1297 2966 1473 3012 vana
1514 2937 1925 3040 objiceretur
1961 2939 2175 3011 oculis
2223 2938 2488 3038 imago,

408 3080 644 3131 mente
670 3078 912 3159 captus
933 3057 1106 3130 steti.
1132 3057 1272 3129 Ubi
1297 3055 1613 3155 primum
1637 3054 1755 3127 lux
1769 3054 2019 3150 rediit,
2045 3053 2490 3150 laxatumque

404 3195 505 3248 est
531 3176 664 3248 iter
685 3175 832 3248 voci
847 3206 867 3264 ;
902 3174 1074 3274 quid
1108 3193 1218 3264 tu,
1247 3172 1537 3270 inquam
1557 3230 1575 3263 ,
1602 3198 1745 3270 quo
1771 3197 1933 3244 casu
1961 3169 2326 3271 pervenisti
2353 3169 2491 3242 hue

410 3290 655 3362 miser?
690 3290 1043 3387 numquid
1077 3312 1143 3364 et
1177 3310 1244 3363 te
1275 3289 1649 3363 vendidere
1691 3286 1973 3388 piratae?
2010 3289 2101 3359 At
2131 3282 2247 3359 ille
2290 3313 2489 3358 com-

413 3399 648 3497 plexus
681 3402 973 3476 cervices
995 3428 1220 3493 meas»,
1254 3402 1498 3476 effusis
1532 3402 1608 3475 in
1637 3423 1874 3502 pectus
1908 3427 2151 3474 meum
2184 3399 2490 3474 lacrimis

413 3514 676 3589 solutus
690 3530 744 3604 ²,
771 3518 1147 3618 intercepto
1180 3518 1570 3620 propejam
1598 3517 1875 3617 spiritu,
1906 3544 2080 3607 sero,
2095 3517 2248 3619 jam
2283 3516 2493 3616 trepi-

488 3682 505 3716 ι
521 3704 532 3715 .
566 3666 806 3720 Fortunae
840 3670 1082 3724 conscius.
1107 3669 1248 3742 Lego
1280 3688 1409 3725 con·
1563 3689 1610 3723 2.
1646 3671 1895 3725 Lacrimis
1923 3670 2130 3725 solutus.
2165 3671 2374 3737 Malim,
2408 3670 2491 3745 ef·

404 3764 579 3817 graus.
604 3747 838 3800 Gnouov.
859 3749 936 3803 Cl.
957 3749 1158 3805 schult.
1182 3753 1412 3805 conscius
1477 3749 1634 3821 sunu
1651 3751 1707 3801 ἰη
1721 3760 1899 3821 peenas
1917 3768 2090 3801 meum
2117 3748 2491 3803 incriminatu-

410 3823 662 3895 explicat,
692 3825 1020 3897 respondens
1035 3865 1053 3894 ,
1090 3831 1406 3883 conveniens
1491 3839 1619 3879 uam.
1635 3828 1683 3879 E
1672 3827 1869 3899 ffundt‘
1887 3830 2026 3880 enim
2045 3827 2333 3898 eleganter,
2347 3826 2412 3879 de
2428 3829 2491 3883 iis

410 3902 661 3969 fortunae,
678 3905 829 3975 quasi
848 3902 936 3957 isse
949 3905 1126 3977 fulgor
1138 3926 1249 3960 non
1263 3909 1408 3978 igno·
1490 3907 1583 3977 qui
1606 3918 1769 3957 ruunt
1792 3907 1848 3958 in
1872 3905 2161 3977 amplexus.
2191 3906 2258 3959 Ut
2282 3905 2492 3977 effinxis-

411 3997 579 4052 raret,
604 3982 771 4057 qualis
799 3998 935 4037 esset
967 3998 1145 4038 nostra
1176 3988 1407 4045 fortuna.
1489 3989 1618 4041 simo
1642 3987 1890 4059 amplexu
1918 4007 2001 4039 me
2032 3988 2250 4055 invasit,
2277 3989 2489 4042 Petron.

409 4062 601 4119 Nullus
618 4081 746 4114 vero
764 4061 950 4114 dubito
968 4065 1095 4135 quin
1112 4066 1239 4119 vitio
1258 4065 1409 4118 libra·
1487 4069 1771 4134 CXXXIX,
1791 4069 1859 4121 de
1881 4086 1988 4140 quo
2002 4068 2214 4139 plenius
2234 4067 2303 4120 ad
2317 4068 2488 4120 Valer.

410 4144 609 4199 riorum
630 4143 929 4196 emendatio
942 4145 1197 4197 Gronovii
1217 4148 1283 4199 sit
1299 4165 1409 4199 cor-
1487 4150 1630 4204 Flac.
1649 4152 1670 4201 1
1687 4190 1708 4227 ²
1727 4151 1848 4222 762.
1864 4149 2102 4202 Solutum
2121 4168 2247 4202 vero
2268 4149 2491 4203 lacrimis

410 4238 565 4297 rupta
578 4262 595 4293 ‚
615 4239 666 4278 et
685 4243 944 4299 congruus
964 4225 1265 4298 legendum.
1483 4242 1683 4301 pectus,
1707 4229 1854 4304 quod
1879 4242 2032 4283 autea
2060 4230 2366 4284 adstrictum
2383 4239 2491 4280 ste-
