3200 5117
829 540 951 614 με
1453 539 1572 601 Ex
1618 539 2278 620 QUINTlLlANO

825 681 1007 731 trum
1062 684 1198 749 est,
1260 689 1400 733 non
1456 665 1998 763 reprehendere,
2045 667 2100 737 si
2147 666 2404 738 falsum
2457 689 2591 738 est:
2638 669 2939 740 facinus

825 803 1087 866 meum,
1109 804 1247 847 non
1265 779 1583 875 probare,
1600 780 1655 848 si
1676 783 2268 851 verum.—Dives.
2290 781 2535 852 Levius
2551 780 2935 852 fallaciam

823 919 997 980 esse,
1040 920 1250 989 quam
1301 894 1566 965 facinus
1613 896 1887 994 probari
1923 916 2165 994 potest.
2206 940 2303 950 -
2339 898 2417 967 P.
2470 901 2723 970 Utrum
2776 897 2878 969 sit
2910 955 2933 986 ,

822 1007 1314 1104 quaestionibus
1358 1009 1865 1082 inveniendum
1918 1013 2261 1081 est.-D.
2306 1012 2684 1101 Quomodo
2734 1013 2931 1084 scire

821 1122 1065 1218 potes?
1120 1124 1408 1194 obscura
1462 1151 1594 1195 nox
1650 1124 2063 1222 percussoris
2115 1126 2425 1197 notitiam
2477 1127 2785 1199 abstulit.
2815 1169 2931 1180 —

820 1238 900 1306 P.
923 1238 1081 1308 Tibi
1118 1266 1275 1311 vero
1295 1241 1596 1340 junioris
1633 1241 2040 1313 electionem
2072 1243 2338 1312 auferre
2368 1270 2508 1313 non
2546 1242 2929 1340 potuit.—

819 1354 914 1424 D.
944 1355 1322 1428 Inimicum
1345 1385 1457 1428 me
1481 1358 1727 1446 habe5‚
1765 1359 1925 1430 inde
1956 1386 2255 1429 accusas,
2276 1403 2372 1411 —
2393 1360 2474 1428 P.
2506 1358 2719 1456 Atqui
2744 1380 2818 1428 et
2838 1379 2928 1428 tu

822 1469 993 1539 mihi
1015 1470 1341 1542 solatium
1364 1500 1505 1543 non
1529 1473 1851 1571 impleres
1870 1531 1888 1561 ,
1927 1493 1996 1543 et
2026 1471 2142 1543 ille
2168 1472 2449 1543 interim
2473 1471 2844 1569 aufugeret
2869 1485 2923 1541 ¹:

819 1585 1110 1656 falleris:
1146 1587 1485 1678 hominiS,
1510 1589 1708 1688 cujus
1741 1590 1989 1660 unicus
2011 1588 2268 1659 occisus
2298 1608 2428 1676 est,
2460 1614 2642 1659 unus
2670 1585 2927 1658 inimi·

820 1727 940 1773 cus
961 1723 1078 1775 est.
1098 1707 1295 1775 ——D.
1330 1707 1474 1776 Cur
1508 1733 1651 1776 non
1689 1726 1751 1776 te
1776 1705 2033 1804 potiu8,
2067 1731 2284 1802 quam
2311 1703 2788 1775 filium?—-P.
2816 1705 2927 1773 Ut

819 1817 890 1886 in
942 1817 1058 1888 illo
1096 1840 1473 1918 utrumque
1512 1821 1878 1919 perimeres
1917 1848 1932 1890 :
1980 1819 2275 1917 ideoque
2312 1818 2427 1890 ille
2464 1817 2725 1888 occisus
2772 1839 2918 1906 est,

820 1953 897 2002 ut
926 1931 1266 2022 viderem3
1300 1934 1410 2005 ille
1447 1935 1720 2023 fortior,
1753 1935 1907 2024 ille,
1940 1935 2059 2032 qui
2097 1935 2169 2004 iu
2208 1960 2361 2003 mea
2395 1953 2609 2003 morte
2639 1930 2917 2029 aliquid

820 2046 1084 2144 egisset.
1108 2052 1304 2119 -—D.
1354 2052 1499 2120 Cur
1528 2077 1670 2120 non
1707 2049 2184 2120 ambos—P.
2218 2047 2404 2137 Quia
2441 2044 2722 2116 defendi
2763 2071 2916 2116 non

822 2183 1112 2257 poteras,
1139 2167 1340 2234 ——D.
1386 2164 1568 2254 Quis
1606 2192 1883 2234 mecum
1921 2164 1989 2234 in
2022 2184 2175 2234 actu
2214 2159 2650 2232 stetitP—P.
2700 2159 2916 2232 Faci-

822 2304 952 2348 nus
1008 2279 1102 2348 sic
1156 2279 1524 2376 deposuisti
1557 2293 1612 2368 ²,
1671 2305 1757 2348 ne
1809 2279 1895 2348 ab
1949 2277 2086 2348 alio
2136 2276 2453 2375 cognosci
2504 2295 2753 2373 posset.
2812 2318 2917 2328 -—

817 2396 904 2464 D.
943 2395 1140 2481 Quos
1174 2415 1369 2465 testes
1403 2393 1736 2464 adhibes?
1761 2437 1857 2446 ——-
1884 2395 1960 2463 P.
1994 2397 2070 2463 ln
2103 2393 2225 2463 has
2255 2390 2601 2489 angustias
2631 2388 2913 2459 facinus

820 2507 1180 2596 strinxisti,
1239 2531 1315 2581 ut
1359 2510 1484 2581 soli
1532 2510 1884 2598 adessent,
1920 2509 2039 2606 qui
2072 2528 2329 2605 ageret,
2362 2529 2428 2578 et
2455 2506 2566 2577 cui
2598 2532 2742 2576 non
2775 2531 2917 2575 cre-

816 2624 1127 2694 deretur:
1169 2627 1451 2697 fortuna
1485 2625 1691 2696 etiam
1729 2625 1901 2694 mihi
1942 2646 2080 2694 tam
2114 2624 2328 2695 socios
2362 2620 2651 2709 ademit,
2686 2646 2910 2718 quam

820 2763 1089 2808 servos:
1138 2739 1252 2810 ille
1289 2739 1462 2810 mihi
1512 2766 1636 2837 pro
1682 2759 1973 2834 utroque
2010 2759 2168 2808 erat.
2220 2740 2349 2808 Pro
2392 2736 2586 2809 sociis
2624 2733 2910 2832 sanguis

820 2852 966 2941 hic,
1010 2881 1133 2952 pro
1176 2856 1381 2928 servis
1417 2876 1761 2926 tormenta
1793 2876 1989 2926 stent.
2017 2857 2222 2924 -D.
2261 2856 2413 2924 Hoc
2456 2872 2688 2924 autem
2737 2876 2911 2949 pro-

817 2968 1109 3041 bationis
1139 2998 1357 3068 genus
1386 2971 1566 3042 inter
1595 2970 1846 3041 liberos
1878 2970 2202 3068 iniquum
2230 2990 2346 3040 est.
2369 3012 2466 3022 -
2493 2967 2575 3037 P.
2608 2964 2909 3037 Nullum

818 3083 1030 3157 videri
1077 3085 1283 3158 debet
1325 3088 1650 3184 iniquum
1682 3144 1700 3176 ,
1749 3086 1938 3184 quod
1990 3107 2093 3156 est
2145 3085 2456 3157 unicum.
2500 3126 2598 3138 -
2628 3085 2715 3153 D.
2773 3082 2907 3151 Pro

821 3200 1029 3271 fidem
1066 3202 1469 3273 hominum!
1495 3202 1800 3301 judices»,
1832 3201 2161 3273 attendite
2190 3229 2202 3272 :
2248 3228 2368 3272 cur
2398 3226 2538 3271 non
2576 3198 2646 3269 id
2677 3196 2907 3297 potius

819 3317 1110 3415 egissem
1151 3346 1272 3417 per
1309 3318 1569 3389 alium?
1592 3363 1687 3372 -—
1711 3319 1790 3389 P.
1825 3318 2166 3417 Quisquis
2203 3316 2517 3406 mandat,
2568 3340 2905 3413 magnam

819 3562 887 3599 te.
909 3573 932 3595 a·
958 3551 1162 3621 Nempe
1188 3571 1350 3622 quum
1369 3555 1481 3622 jam
1502 3551 1690 3603 dixerit
1715 3551 1816 3604 sibi
1897 3566 1974 3604 est
2001 3552 2133 3603 alius
2163 3550 2382 3622 quilibet
2408 3562 2598 3601 auctor
2622 3546 2812 3608 cadim
2841 3559 2907 3597 nt

817 3646 1025 3696 gravem
1083 3648 1198 3681 esse
1260 3648 1450 3681 noxam
1511 3633 1709 3681 saevitiae
1761 3632 1813 3680 in
1897 3632 1950 3681 in
1991 3629 2225 3681 Declam.
2279 3651 2300 3673 οι
2321 3627 2462 3695 Quid
2506 3627 2614 3679 ais?
2649 3628 2906 3696 juvenem

817 3704 1031 3756 divitem
1068 3725 1244 3770 reum,
1283 3727 1441 3778 quem
1485 3707 1682 3758 talione
1726 3728 1818 3777 pe·
1904 3728 2115 3761 «meum
2152 3709 2284 3761 alius
2331 3708 2551 3770 occidit,
2592 3721 2646 3758 et
2680 3719 2738 3758 tu
2772 3703 2906 3758 mihi

817 3787 905 3850 tit,
927 3786 979 3837 id
1000 3799 1105 3853 est,
1127 3787 1388 3858 supplicio
1411 3789 1596 3858 capitis
1613 3827 1629 3854 ,
1651 3788 1720 3838 ob
1745 3791 1820 3840 in·
1904 3815 1924 3836 u
1947 3791 2189 3844 solatium
2225 3789 2441 3842 ultionis
2474 3786 2660 3858 imples
2684 3809 2696 3838 ι
2721 3799 2776 3838 te
2807 3804 2903 3837 ac-

816 3867 1093 3919 rei-fectum
1125 3883 1334 3934 natum,
1357 3888 1386 3920 a
1406 3868 1674 3939 judicibus
1693 3888 1819 3941 pos·
1904 3896 1925 3918 a
1947 3892 2075 3925 cuso
2112 3871 2309 3924 scilicet
2329 3910 2346 3938 ,
2389 3886 2445 3922 ut
2474 3871 2683 3921 interim
2717 3869 2903 3920 nescio

818 3946 974 4014 tulat,
1012 3963 1069 4000 ut
1093 3951 1429 4002 considerent
1463 3951 1609 4023 quid,
1649 3949 1702 4001 id
1742 3965 1819 4002 est
1904 3975 1924 3997 κ
1948 3954 2061 4023 quis
2095 3950 2181 4002 ille
2206 3951 2459 4020 effugiat,
2496 3946 2711 4011 evadat,
2742 3959 2844 3998 etc.
2873 3970 2897 3991 ι

817 4030 987 4082 scelus
1009 4033 1236 4098 inimici,
1266 4046 1450 4103 arguat
1466 4070 1482 4097 ,
1503 4050 1612 4083 non
1638 4032 1819 4104 quales
1899 4032 2000 4084 vid
2016 4031 2083 4084 ad
2102 4030 2335 4084 Declam.
2353 4032 2472 4093 VH,
2492 4047 2607 4098 cap.
2626 4028 2679 4091 5,
2697 4024 2790 4077 flu.
2806 4019 2900 4077 En.

818 4131 1002 4183 poeuas
1023 4116 1074 4164 in
1101 4134 1219 4165 eum
1248 4114 1460 4166 ultionis
1494 4132 1652 4166 eausa
1685 4117 1817 4165 irro·
1973 4131 2019 4165 τι.
2052 4112 2360 4182 Deposuisti.
2393 4114 2561 4181 Lege,
2592 4108 2898 4180 disposuisti.

817 4208 920 4261 get.
948 4196 1023 4246 Eo
1897 4190 2002 4243 vid.
2027 4190 2096 4242 ad
2126 4191 2273 4243 Decl-
2300 4190 2423 4252 vn,
2452 4207 2469 4240 1
2489 4205 2534 4250 t,
2568 4187 2661 4240 ubi
2682 4185 2901 4257 facinus

897 4290 937 4323 ι,
967 4276 1034 4324 Ι·.“ε
1057 4273 1149 4324 me
1170 4277 1372 4326 interim
1400 4275 1690 4345 aufuqeret.
1717 4273 1819 4327 Ille
1896 4272 2163 4336 ordinare,
2185 4273 2461 4343 disponere.
