3200 5117
797 552 922 628 364
1296 550 1385 611 M.
1436 548 1688 610 FAssn
1738 546 2378 628 QUlNTlmAM

791 677 1100 748 occidere
1121 674 1291 744 velle
1317 702 1329 742 :
1358 674 1522 743 hinc
1559 694 1832 744 tantum
1859 673 2112 771 accipis
2134 675 2308 744 vires
2326 732 2344 760 ‚
2375 696 2448 745 ut
2472 673 2647 744 mori
2674 670 2891 772 possis

793 791 1283 890 deprehensus,
1315 793 1413 859 Ut
1441 789 1702 876 sciatis,
1736 788 1998 884 inquit,
2031 815 2271 858 verum
2304 815 2445 859 esse
2477 787 2667 887 quod
2701 788 2889 888 obji-

791 907 896 976 cio
917 963 933 993 ,
958 927 1023 975 et
1042 904 1355 975 abdicare
1377 902 1596 972 volui:
1629 928 1767 972 non
1797 922 2050 1000 potest,
2082 925 2299 999 pater,
2327 903 2599 973 efficere
2626 927 2846 997 genus
2867 958 2887 990 ‚

793 1020 1130 1119 querendi
1153 1020 1558 1119 pertinacia,
1581 1018 1999 1115 probationis
2018 1033 2030 1059 ¹
2049 1074 2061 1087 .
2082 1021 2191 1087 Tu
2210 1076 2228 1106 ‚
2250 1046 2470 1114 quum
2490 1017 2682 1108 dicis;
2704 1016 2894 1088 filius

796 1164 909 1207 me
942 1136 1160 1207 voluit
1194 1136 1534 1223 occidere,
1570 1134 1819 1203 videris
1857 1134 1977 1204 tibi
2016 1136 2239 1205 facere
2276 1135 2614 1232 prioribus
2639 1132 2893 1234 judici·

794 1253 924 1324 bus
956 1252 1282 1324 invidiam
1307 1283 1322 1339 ;
1356 1253 1770 1337 exclamare,
1798 1279 1915 1321 vos
1944 1251 2173 1322 faciles
2193 1310 2210 1342 ,
2236 1279 2352 1323 vos
2380 1252 2847 1322 misericordes
2867 1307 2885 1339 ,

797 1367 986 1436 hunc
1019 1366 1193 1436 mihi
1227 1365 1526 1436 redditis,

895 1485 1082 1553 Vlll.
1120 1482 1253 1553 Sed
1292 1480 1809 1578 iniquissimum
1844 1500 1979 1568 est,
2029 1500 2102 1551 ut
2138 1479 2521 1568 abdicatio,
2562 1506 2715 1578 quae
2759 1505 2888 1549 nec

800 1599 868 1668 in
910 1598 1012 1669 sui
1056 1597 1268 1669 valuit
1300 1597 1665 1683 effectum,
1706 1596 1917 1666 fidem
1966 1596 2211 1695 majori
2252 1595 2531 1666 crimini
2577 1615 2885 1694 praestet:

798 1740 942 1784 non
987 1740 1142 1783 sum
1190 1740 1341 1783 reus
1389 1710 1790 1809 inexplorati
1838 1711 2156 1808 pudoris,
2204 1738 2332 1781 nec
2379 1729 2691 1780 anteacta
2737 1709 2891 1780 vitae

800 1856 973 1899 meae
1008 1828 1138 1899 sub
1172 1827 1511 1898 hodierna
1545 1826 1853 1924 primum
1885 1825 1999 1896 lite
2034 1846 2431 1898 tractantur.
2468 1826 2753 1896 Felicior
2792 1825 2893 1894 in-

800 1944 1119 2015 nocentia
1159 1963 1252 2013 est
1296 1942 1461 2012 citra
1504 1941 1961 2039 suspiciones‘,
1999 1940 2237 2011 certior
2277 1961 2432 2038 post
2476 1959 2773 2011 reatum:
2826 1959 2893 2009 et

803 2082 1151 2157 quantum
1187 2057 1490 2129 infamiae
1537 2077 1861 2154 praestant
1898 2055 2161 2157 objecta
2212 2056 2383 2126 dum
2424 2075 2703 2143 nutant,
2739 2075 2893 2125 tan-

802 2173 1118 2244 tumdem
1140 2188 1162 2216 ²
1191 2171 1610 2244 auctoritatis
1633 2172 1945 2242 absoluta
1967 2171 2352 2242 restituunt.
2371 2173 2479 2240 An
2496 2170 2748 2242 scilicet
2766 2196 2889 2240 su-

802 2311 1078 2385 peratus
1104 2310 1200 2358 est
1226 2288 1440 2386 gratia
1462 2307 1677 2385 pater,
1710 2308 1773 2356 et
1803 2286 1989 2384 apud
2019 2313 2216 2357 senes
2237 2343 2253 2374 ‚
2284 2308 2349 2358 et
2372 2286 2557 2384 apud
2576 2306 2890 2384 parentes

803 2404 1199 2474 auctoritate
1243 2402 1609 2500 praevalui?
1653 2402 1980 2491 viderint,
2031 2403 2150 2500 qui
2203 2402 2710 2473 calamitatibus
2749 2400 2890 2471 suis

803 2517 895 2586 sic
922 2516 1407 2607 blandiuntur,
1436 2537 1511 2587 ut
1538 2516 1667 2586 sibi
1699 2516 1977 2587 affuisse
2008 2518 2287 2588 credant
2311 2515 2851 2588 misericordiam
2869 2568 2889 2602 ,

803 2633 1152 2702 favorem:
1202 2631 1383 2702 filius
1426 2659 1466 2702 a
1502 2653 1692 2729 patre
1737 2632 2032 2721 delatus,
2077 2659 2446 2730 nunquam
2492 2631 2737 2729 poterit
2775 2656 2890 2700 su-

805 2748 1030 2845 perior
1064 2775 1242 2837 esse,
1278 2748 1407 2818 nisi
1444 2775 1668 2818 causa.
1702 2749 1877 2818 Sane
1915 2770 2147 2819 tamen
2184 2751 2520 2837 feramus,
2555 2768 2630 2818 ut
2660 2746 2893 2844 prima

805 2861 1239 2933 abdicatione
1279 2889 1420 2933 non
1465 2863 1791 2960 egesseris
1842 2884 2062 2934 totum
2113 2863 2461 2952 dolorem,
2501 2861 2721 2933 multa
2766 2859 2891 2930 tibi

806 2978 889 3049 de
940 2978 1353 3049 criminibus
1398 2980 1567 3049 meis
1611 2979 2023 3050 verecundia
2066 2978 2439 3075 querendi,
2490 2975 2706 3047 multa
2753 3001 2891 3071 pa-

806 3114 1013 3164 ternae
1047 3094 1310 3191 pietatis
1342 3093 1696 3164 abstulerit
1723 3094 2083 3164 infirmitas
2102 3152 2119 3182 ,
2148 3094 2316 3193 quid
2343 3119 2486 3163 non
2515 3089 2748 3189 implet
2775 3116 2894 3161 re-

807 3207 1015 3305 petita
1070 3207 1363 3278 delatio?
1414 3235 1719 3281 reversus
1773 3236 1839 3278 es
1890 3208 1962 3279 in
2016 3210 2249 3280 forum
2285 3210 2437 3309 jam
2489 3206 2577 3277 ad
2616 3205 2893 3307 judices

806 3321 1030 3392 iratos
1078 3323 1366 3410 Quanto
1411 3343 1658 3393 terrore
1709 3343 1954 3393 cuncta
1990 3325 2286 3423 perculit
2327 3322 2551 3422 pudor
2592 3321 2710 3392 ille
2741 3320 2889 3421 jam

806 3435 965 3507 victi
1004 3455 1069 3506 et
1100 3436 1450 3508 redeuntis
1493 3437 1565 3506 in
1606 3436 2008 3508 damnatam
2045 3434 2644 3510 colluctationem?
2680 3435 2893 3506 acrior

808 3577 1079 3654 semper
1099 3577 1176 3619 ex
1196 3552 1610 3621 verecundia
1641 3551 1868 3622 dolor:
1893 3553 2010 3624 sed
2030 3554 2432 3655 etjudicum
2451 3578 2615 3623 cura
2633 3569 2895 3650 quanto

809 3663 1184 3761 malignior
1221 3665 1392 3735 circa
1438 3665 1823 3740 rediturum
1860 3667 2097 3738 reum?
2141 3695 2353 3764 quam
2399 3665 2634 3737 multis
2671 3663 2893 3763 placet

887 3895 929 3930 ι.
983 3880 1155 3931 Genus
1200 3880 1474 3952 querendi,
1519 3883 1811 3953 pertinacia
1965 3905 2012 3935 α.
2049 3885 2253 3956 Oly'ecta
2284 3883 2412 3933 dum
2452 3892 2641 3932 nutant
2668 3888 2904 3930 tantum-

805 3958 1139 4029 probationis.
1161 3960 1298 4013 Male
1324 3960 1430 4013 haec
1455 3963 1610 4033 vulgo
1634 3963 1813 4014 distin·
1891 3966 2025 4015 dem.
2059 3968 2298 4017 Pessime.
2339 3966 2505 4032 Lege:
2534 3964 2605 4014 Et
2636 3972 2895 4032 quantum

809 4055 1044 4110 guantur
1063 4044 1115 4092 in
1138 4043 1382 4095 omnibus
1399 4043 1782 4113 exemplaribus
1796 4082 1811 4108 ‚
1893 4044 2129 4115 infamia?
2146 4053 2391 4115 praestant
2411 4043 2601 4110 objecta
2616 4041 2892 4100 damnato,

811 4142 927 4194 quae
950 4122 1080 4186 vidi;
1116 4143 1297 4176 sensus
1338 4129 1508 4190 enim,
1552 4125 1812 4197 querendi
1894 4123 2214 4173 tantumdem
2227 4120 2548 4172 auctoritatis
2560 4117 2908 4170 absolutor-es—

811 4205 1151 4275 pertinaciam
1178 4224 1286 4256 non
1308 4225 1465 4276 posse
1488 4207 1701 4259 efficere
1725 4224 1813 4277 ge·
1894 4206 2107 4259 tituunt.
2125 4206 2289 4257 Giton.
2313 4202 2480 4254 Nobis
2502 4214 2677 4255 autem
2689 4198 2901 4252 videtur

812 4304 910 4337 nus
936 4286 1279 4357 probationis.
1313 4287 1475 4339 Gnou.
1897 4305 2053 4356 posse
2077 4284 2289 4356 vulgata
2317 4284 2528 4335 servari.
2553 4283 2644 4334 En.
