3200 5117
938 557 1207 621 DECL.
1259 556 1377 620 lx.
1427 554 2000 633 GLADIATOR.
2333 580 2336 585 ·
2387 584 2456 625 21
2479 571 2511 633 5

435 706 676 757 eamus
704 681 899 770 odia,
934 707 1011 755 ac
1038 678 1296 751 diutius
1326 678 1708 750 inimicitia:
1733 668 2092 771 maneant,
2125 710 2341 782 quam
2378 689 2514 760 ini-

433 799 619 873 mici.
630 800 901 869 Tamen
911 795 1149 896 siquid
1163 794 1486 866 adversus
1495 780 1559 865 te
1576 793 1719 893 ipse
1731 796 2078 869 commisit
2088 798 2483 876 adolescens
2497 864 2515 895 ,

434 915 519 986 sit
554 912 767 987 hostis
802 931 869 984 et
904 934 1137 985 meus:
1178 909 1234 981 si
1268 908 1620 999 innoxius,
1645 931 1726 989 “et
1759 912 1953 983 omni
1991 939 2241 987 vacans
2277 918 2516 1018 culpa,

438 1031 791 1104 caritatem
826 1027 1072 1101 mereri
1108 1027 1332 1126 cupit,
1367 1026 1421 1097 si
1456 1026 1715 1099 nullius
1748 1052 1862 1099 me
1896 1030 2104 1102 amici
2143 1032 2324 1106 lilius
2357 1036 2524 1108 vali-

440 1147 596 1221 dius
617 1164 836 1232 amat,
857 1146 979 1242 qui*
1002 1141 1289 1214 tandem
1312 1141 1442 1229 vis,
1464 1160 1681 1239 pater,
1705 1169 2023 1242 respuam
2038 1203 2057 1235 ,
2085 1167 2151 1219 et
2175 1147 2376 1222 iratas
2401 1152 2525 1223 ob-

432 1260 675 1361 jiciam
710 1256 1114 1333 manus?·tu
1146 1283 1425 1354 quoque
1456 1283 1604 1329 non
1642 1256 1891 1330 odisses
1921 1286 2333 1360 pauperem,
2367 1267 2423 1337 si
2460 1284 2525 1338 te

442 1394 743 1449 amaret:
774 1371 1007 1445 inserit
1025 1397 1096 1443 se
1119 1385 1166 1462 ¹,
1189 1391 1255 1442 et
1276 1371 1627 1443 beneficiis
1647 1394 1888 1446 certat:
1913 1402 2114 1448 noras
2137 1378 2530 1452 adolescen-

446 1510 588 1561 tem
618 1487 857 1560 omnia
884 1486 1063 1558 ultro
1089 1506 1551 1585 praestantem3
1584 1507 1650 1557 et
1677 1488 1773 1559 sic
1798 1515 1914 1597 me
1943 1492 2255 1582 amabat,
2284 1523 2532 1593 quam-

448 1605 545 1676 vis
561 1626 634 1676 tu
658 1630 835 1676 esses
859 1602 1182 1674 inimicus
1198 1602 1399 1701 patri.
1422 1601 1693 1702 Adjice‚
1719 1604 1773 1674 si
1794 1624 1984 1676 tanta
2005 1605 2077 1677 in
2101 1609 2530 1684 adolescente

448 1718 718 1791 indoles
751 1719 913 1807 fuit,
944 1736 1279 1816 quantam
1304 1717 1500 1789 nulla
1522 1744 1839 1815 unquam
1866 1737 2243 1819 cognovere
2263 1729 2496 1798 secula
2513 1787 2532 1818 ,

450 1835 506 1906 si
552 1834 721 1905 fides
764 1832 1282 1932 antiquissima,
1326 1853 1391 1903 et
1428 1859 1591 1904 cum
1636 1833 1925 1906 deorum
1969 1858 2138 1910 coetu
2184 1841 2535 1937 permixtis

452 1948 769 2021 inaudita
813 1947 1279 2047 temporibus3
1328 1947 1382 2018 si
1429 1971 1541 2018 me
1591 1975 1866 2046 semper
1913 1951 2154 2024 habuit
2200 1955 2535 2027 cariorem

453 2065 695 2164 spiritu
719 2091 843 2135 suo
861 2122 880 2152 ‚
905 2063 1205 2135 etiamne
1230 2063 1675 2162 despicienda
1700 2065 1872 2136 mihi
1900 2068 2219 2140 rarissimi
2245 2069 2411 2141 boni
2431 2098 2537 2142 oc-

455 2181 635 2253 casio
677 2180 851 2251 fuit?
888 2201 957 2251 at
997 2206 1124 2278 ego
1166 2201 1571 2277 perpetuam
1616 2182 1991 2278 quamdam
2038 2183 2213 2254 mihi
2249 2184 2539 2282 gloriam

462 2321 644 2385 reor,
680 2295 868 2391 quod
899 2294 1017 2365 ille
1049 2294 1328 2369 caelestis
1360 2294 1636 2366 animus
1671 2322 1783 2367 me
1819 2297 2291 2395 potissimum,
2328 2327 2539 2397 quem

461 2432 761 2499 amaret,
780 2409 1089 2506 elegerit,
1106 2408 1435 2505 quodque
1450 2436 1575 2506 ego
1589 2409 1722 2480 sim
1746 2409 2075 2507 probatus
2089 2430 2277 2482 tanto
2282 2438 2311 2513 J
2325 2413 2539 2483 udice.

460 2532 580 2600 Me
607 2554 882 2626 quoque
912 2527 1119 2623 igitur
1141 2526 1311 2597 feret
1334 2526 1520 2597 fama
1544 2553 1667 2624 per
1691 2548 1925 2620 gentes
1944 2584 1963 2616 ,
1983 2546 2052 2598 et
2073 2528 2282 2600 amici
2312 2528 2545 2601 laudi—

464 2644 597 2715 bus
639 2642 961 2713 illustrior
1001 2641 1263 2713 vivam:
1311 2641 1541 2711 credet
1578 2640 1827 2737 aliquis
1874 2642 2057 2719 idem
2104 2669 2218 2715 me
2263 2668 2386 2741 pro
2425 2643 2546 2714 illo

466 2759 676 2830 fuisse
706 2759 1075 2829 facturum.

566 2875 722 2943 XV.
757 2873 901 2942 Cur
928 2897 1150 2966 quum
1182 2869 1449 2941 inimici
1480 2895 1605 2940 nos
1633 2893 1969 2957 essemuS‚
1995 2898 2111 2942 vos
2140 2873 2346 2943 amici
2377 2873 2550 2943 fuis—

470 2988 593 3061 tis?
627 2986 814 3059 aliud
850 2986 981 3057 hoc
1016 2985 1165 3056 loco
1198 2985 1460 3055 crimen
1495 3010 1826 3081 agnosco:
1866 2985 2296 3083 peccavimus
2323 2982 2511 3056 enim
2532 3043 2550 3075 ,

470 3104 713 3189 fateor,
739 3099 1207 3199 peccavimus,
1231 3098 1419 3198 quod
1445 3125 1670 3195 quum
1694 3099 1898 3169 amici
1924 3124 2224 3171 essemus
2247 3155 2265 3186 ,
2289 3124 2410 3170 vos
2435 3099 2556 3169 ini·

475 3217 639 3289 mici
668 3216 915 3287 fuistis.
953 3218 1149 3302 Haec‚
1173 3213 1477 3313 judiceS,
1512 3213 1774 3285 diutius
1805 3240 2232 3310 exsequerer,
2267 3212 2401 3283 nisi
2435 3212 2558 3283 ab·

401 3321 407 3331 ’
478 3331 697 3407 soluta
716 3352 940 3403 essent
966 3330 1117 3427 ipso
1138 3329 1372 3430 judice
1393 3348 1615 3427 patre:
1639 3329 1930 3427 longum
1945 3330 2100 3431 jam
2123 3329 2314 3401 istius
2334 3328 2560 3400 crimi-

481 3446 586 3516 nis
610 3466 881 3543 tempus
908 3467 1011 3519 est
1025 3476 1042 3535 3
1076 3472 1442 3542 nunquam
1460 3444 1743 3544 objecit;
1770 3470 2135 3542 nunquam
2158 3444 2562 3516 excanduit:

484 3581 550 3631 et
573 3559 741 3656 quid
766 3559 940 3633 hoc?
964 3559 1142 3632 inter
1166 3586 1325 3647 nos,
1356 3580 1569 3657 pater,
1600 3559 1993 3647 conveniat,
2021 3584 2110 3631 ne
2133 3559 2188 3630 si
2217 3558 2563 3657 longiores

487 3672 734 3770 repetis
763 3675 1088 3763 offensas,
1124 3674 1310 3773 apud
1344 3672 1684 3773 malignos
1717 3673 2009 3747 videaris
2037 3698 2151 3747 me
2180 3673 2391 3745 iratus
2419 3700 2564 3745 non

484 3788 875 3861 redemisse.
914 3790 1049 3863 Sed
1088 3791 1144 3862 si
1181 3790 1351 3889 quid
1390 3811 1546 3862 ante
1580 3791 2082 3890 commisissem
2116 3790 2273 3863 odio
2307 3811 2428 3862 tuo
2462 3791 2571 3862 di-

568 4039 888 4093 ulamma.
906 4038 1127 4091 Videtur
1141 4018 1340 4091 dictum
1364 4056 1492 4111 pro,
1571 4040 1756 4093 alienis
1791 4041 2000 4092 familiis
2035 4038 2264 4091 adscribi
2290 4036 2569 4089 volebant:

491 4118 727 4175 insinuat
756 4139 812 4174 se
840 4122 895 4173 'm
928 4119 1337 4175 familiaritatem
1364 4136 1490 4174 nos·
1572 4134 1632 4174 ut
1654 4120 1807 4173 ovid.
1830 4122 1957 4173 Met.
1984 4120 2132 4185 xm,
2154 4118 2220 4188 37
2240 4141 2254 4181 ς
2274 4118 2415 4171 Suet.
2438 4118 2569 4185 Aug.

492 4200 643 4257 trum.
669 4202 793 4270 Quo
825 4200 988 4257 verbo
1021 4199 1235 4273 quidem
1270 4214 1492 4252 utuntur
1570 4203 1671 4268 42:
1699 4200 1794 4255 sed
1822 4214 1875 4254 et
1906 4220 2041 4272 pre,
2070 4203 2385 4271 cuicumque
2413 4199 2487 4249 rei
2520 4216 2575 4250 se

494 4297 695 4337 veteres
713 4323 730 4351 ‚
753 4282 820 4335 ‹le
839 4284 901 4336 iis
918 4318 935 4349 ,
956 4283 1125 4354 quise
1147 4280 1274 4334 dolo
1297 4293 1351 4332 et
1372 4293 1492 4333 astu
1569 4283 1891 4348 immiscere,
1915 4300 2050 4353 saepe
2071 4281 2291 4333 occurit.
