3200 5117
1240 574 1332 635 M.
1384 571 1635 635 FABII
1683 571 2319 653 QUINTILIANI

738 700 823 772 de
851 725 968 797 spe
995 695 1437 768 successionis
1469 693 1879 793 expulerim3
1911 693 2334 765 oneraverirn
2360 693 2654 764 vinculis
2678 718 2826 764 rna-

739 846 908 903 nus·;
962 813 1359 885 foedaverim
1407 810 1724 881 membra
1770 809 2204 899 verberibuS,
2260 809 2548 907 persolvi
2606 810 2823 907 gratia

740 958 881 1003 non
923 949 1141 1027 potest
1187 954 1314 998 nec
1358 926 1543 996 malo
1581 926 1779 1024 patri.
1820 929 2196 1022 Arrogans‚
2248 925 2591 1024 impotens
2629 951 2818 995 sum:

739 1048 902 1120 nolo
933 1045 1244 1144 quotidie
1266 1044 1551 1130 mereri,
1584 1042 1933 1140 quidquid
1960 1041 2136 1111 mihi
2169 1042 2406 1113 deberi
2442 1044 2644 1142 eoepit
2676 1043 2824 1141 pri-

740 1191 855 1236 mo
899 1163 1054 1234 die:
1103 1160 1363 1249 facilis,
1401 1159 1626 1245 ηιίῑὶε,
1671 1156 2080 1254 indulgens,
2123 1157 2455 1228 vocabula
2497 1179 2659 1229 sunt
2702 1159 2825 1228 ista

741 1279 1027 1350 minoris
1059 1278 1383 1368 affectus3
1417 1294 1693 1372 propter
1721 1274 1865 1343 haec
1907 1273 2200 1344 aleretur
2244 1274 2546 1362 amicu5‚
2583 1301 2824 1373 pasce-

741 1415 926 1465 retur
960 1415 1343 1464 extraneus.
1367 1394 1693 1461 Vestrum
1724 1389 1896 1485 quin
1929 1389 2145 1459 immo
2172 1390 2435 1460 crimen
2466 1412 2599 1478 cst,
2636 1391 2822 1487 quod

744 1508 1094 1580 interdurn
1128 1507 1318 1577 aliud
1347 1531 1622 1577 sumus:
1652 1525 1717 1575 et
1745 1503 1972 1598 (unde
2003 1504 2450 1575 manifestum
2486 1527 2582 1576 est
2615 1506 2826 1576 diver-

741 1625 1006 1695 sitatem
1035 1643 1336 1694 nostram
1365 1620 1595 1692 venire
1626 1618 1714 1689 de
1745 1618 2053 1689 moribus
2087 1618 2512 1715 liberorum)
2546 1646 2690 1691 non
2722 1621 2829 1690 in-

740 1740 973 1810 venias
995 1763 1314 1835 asperum
1345 1756 1607 1833 patrem
1628 1791 1646 1824 ,
1670 1734 1800 1804 nisi
1818 1734 1967 1833 jam
1995 1733 2339 1831 peccantis
2370 1735 2596 1805 aetatis.
2630 1734 2826 1823 Quid

741 1856 876 1944 ais,
919 1855 1218 1952 rigidus,
1258 1852 1542 1923 immitis
1573 1877 1766 1922 sum:
1814 1849 1968 1919 ideo
2005 1877 2239 1948 pasce,
2283 1872 2552 1921 tantum
2587 1879 2823 1950 pasce,

744 1996 888 2041 non
922 1971 1101 2041 ultra
1129 1968 1316 2039 malo
1350 1982 1366 2010 ¹
1421 1993 1543 2065 pro
1573 1965 1958 2036 reverentia
1991 1966 2566 2038 nominisnostri.
2604 1968 2827 2057 Quid-

743 2085 914 2184 quid
949 2085 1270 2183 praestatis
1304 2082 1536 2170 inviti,
1570 2103 1633 2151 et
1668 2108 1889 2177 quum
1924 2080 2131 2151 alitur
2149 2102 2378 2180 pater,
2411 2110 2620 2178 quem
2649 2110 2825 2178 que-

742 2200 910 2269 reris
930 2198 1299 2294 indignum
1314 2210 1364 2285 ²,
1389 2196 1695 2293 accipere
1714 2195 1887 2265 mihi
1904 2195 2474 2267 videnturomnes
2490 2218 2823 2295 parentes,

746 2313 815 2382 Si
850 2312 988 2399 vis,
1030 2315 1359 2381 affectum
1385 2309 1628 2380 debes:
1665 2310 1771 2381 sin
1808 2309 2077 2401 minuS,
2108 2313 2499 2383 necessitate
2532 2313 2825 2384 servitu-

745 2450 881 2497 tem
897 2484 915 2515 ,
937 2426 1337 2526 patientiam
1360 2454 1373 2498 2
1394 2453 1534 2497 non
1554 2446 1885 2524 tanquam
1902 2448 2092 2527 pater
2107 2428 2338 2519 alitur,
2357 2429 2476 2528 qui
2494 2450 2824 2527 tanquam

746 2545 969 2617 bonus
998 2566 1285 2616 amatur.

843 2663 962 2731 IX.
1009 2663 1276 2760 Sepone
1299 2661 1615 2761 juvenis,
1648 2663 1853 2734 differ
1885 2663 2234 2761 querelas,
2273 2685 2439 2736 tunc
2485 2662 2823 2750 irasceris,

747 2794 913 2847 tunc
940 2777 1220 2878 objicies
1244 2778 1418 2848 mihi
1440 2837 1458 2869 ‚
1495 2806 1717 2875 quum
1740 2781 2266 2878 prosperitatum
2284 2838 2303 2869 ,
2339 2807 2560 2876 quum
2588 2804 2829 2850 secun-

749 2889 998 2961 dorum
1027 2892 1257 2964 officia
1288 2893 1683 2991 deposcam:
1718 2920 1860 2964 non
1886 2894 2037 2965 talis
2065 2896 2149 2965 ad
2176 2916 2293 2965 tua
2314 2921 2543 2992 genua
2567 2891 2826 2992 provol-

747 3032 890 3095 vor,
910 3028 986 3079 ut
1004 3009 1437 3081 extimendus
1458 3009 1587 3080 sim
1612 3037 1625 3079 ε
1652 3009 1827 3080 nulli
1848 3009 2075 3081 malus
2091 3031 2187 3082 est
2205 3034 2417 3110 pater,
2439 3037 2659 3110 quum
2685 3034 2826 3079 esse

748 3122 952 3221 coepit
985 3124 1244 3194 infelix.
1280 3126 1547 3223 Aspicis
1583 3125 1962 3224 collapsum
1984 3184 2001 3214 ,
2039 3147 2104 3195 et
2137 3153 2214 3196 ex
2247 3126 2439 3197 omni
2475 3123 2826 3195 calamita-

747 3257 896 3308 tum
922 3266 1167 3337 genere
1194 3240 1520 3310 miserum
1544 3296 1562 3329 ,
1591 3259 1690 3329 et,
1717 3239 1892 3311 ultra
1923 3241 2111 3336 quod
2135 3240 2596 3312 accidentium
2626 3262 2829 3309 men-

751 3379 905 3423 sura
947 3380 1089 3424 non
1136 3353 1303 3442 exit,
1355 3354 1427 3424 in
1489 3354 1775 3425 orbitate
1819 3356 2272 3428 mendicum:
2320 3356 2493 3453 riget
2532 3352 2825 3451 squalidi

748 3468 987 3567 capitis
1013 3489 1325 3539 concreta
1348 3470 1625 3540 canities
1643 3526 1661 3559 ,
1692 3470 1883 3568 vigor
1903 3470 2181 3567 pristini
2209 3469 2435 3542 vultus
2457 3467 2685 3540 vacuis
2712 3467 2828 3538 lu-

749 578 864 640 108

751 3672 907 3705 senex
922 3654 1115 3717 vivam3
1137 3673 1255 3705 nam
1273 3668 1424 3726 pater
1444 3673 1552 3706 non
1574 3672 1743 3725 asper,

751 3732 848 3783 nisi
871 3734 1114 3801 peccanti
1137 3735 1306 3796 aetati5
1330 3731 1434 3784 vid.
1460 3734 1615 3784 infra.

1824 3673 1930 3724 gno
1954 3657 2095 3726 patri
2117 3654 2389 3706 voluntate
2428 3666 2550 3719 tua,
2582 3669 2683 3703 nec
2714 3649 2830 3719 lege

1826 3748 2074 3800 coactus,
2105 3734 2409 3787 adhibueris
2439 3732 2707 3783 alimenta.
2733 3728 2827 3781 Vel
2881 3739 2884 3741 ’

828 3828 871 3861 1.
890 3812 1013 3862 Non
1034 3810 1173 3862 ultra
1198 3811 1355 3863 malo.
1376 3814 1513 3880 Lege
1538 3823 1744 3863 tantum

745 3909 922 3961 pasce,
954 3910 1060 3942 non
1096 3891 1250 3944 ultra.
1284 3893 1556 3945 Malo-etc.
1586 3893 1747 3962 Quod

747 3968 1062 4022 beneficium
1084 3972 1137 4023 in
1164 3991 1345 4023 omnes
1370 3985 1450 4025 est
1472 3985 1714 4044 parentes
1730 4012 1748 4039 ‚

751 4049 793 4099 si
809 4050 965 4100 etiam
980 4049 1129 4101 malis
1146 4063 1196 4101 et
1213 4049 1333 4102 ideo
1348 4051 1576 4120 indignis
1594 4053 1752 4122 patri-

749 4125 848 4178 bus
878 4126 1121 4180 alimenta
1152 4144 1480 4199 praestentur.
1511 4131 1591 4181 Tu
1625 4149 1748 4181 vero

751 4226 815 4260 eo
850 4210 1013 4279 magis
1045 4208 1114 4260 ad
1148 4212 1489 4262 reverentiam
1519 4214 1749 4265 nominis

749 4290 955 4359 paterni
978 4287 1298 4356 contuleris,
1325 4309 1430 4363 quo
1460 4290 1582 4343 licet
1610 4291 1751 4344 indi-

1827 3814 1997 3879 malo,
2025 3834 2122 3885 pro
2148 3817 2313 3885 magis
2340 3832 2500 3884 roge,
2524 3813 2723 3882 gratius
2743 3811 2830 3861 mi—

1826 3894 1884 3946 hi
1926 3909 2036 3960 est,
2078 3898 2124 3948 si
2172 3896 2299 3967 quid
2344 3896 2597 3966 praestatis
2646 3894 2831 3958 inviti,

1830 3977 1955 4047 quia
1994 3995 2281 4047 agnoscere
2320 3974 2631 4041 ostenditis,
2674 3991 2829 4045 quam

1830 4054 1986 4107 nobis
2012 4054 2216 4108 debetis
2242 4055 2607 4108 reverentiam.
2631 4056 2723 4105 En.

1905 4154 1952 4188 2.
1988 4137 2288 4209 Indignum.
2313 4139 2429 4188 Vox
2464 4132 2552 4186 illa
2591 4132 2833 4205 indignus

1830 4219 2000 4287 gravis
2039 4232 2118 4270 est
2156 4219 2208 4269 in
2240 4220 2392 4287 jure,
2420 4215 2521 4268 vid.
2560 4217 2637 4266 tit.
2672 4214 2735 4265 ff.
2769 4212 2833 4263 de

1832 4294 1910 4349 lu's
1933 4314 2050 4368 quoe
2073 4309 2129 4348 ut
2152 4296 2391 4368 indiqm's.
