3200 5117
1081 526 1598 591 ExcERPTA.
1995 501 2005 508 ⁴
2258 521 2371 602 43.

290 806 334 823 ιὶ
349 806 366 822 Ι
381 805 539 825 mm
550 798 2189 826 mmmmmmmmmmmmmssuv'ssmw
2203 797 2384 818 ἋΛΌἏ

907 1018 1788 1095 GLADIATOR.

1004 1291 1697 1352 ARGUMENTUM.

299 1441 493 1501 Dives
527 1455 585 1501 et
619 1462 852 1526 pauper
885 1442 1105 1504 odiosi.
1134 1441 1276 1502 Filii
1308 1461 1525 1502 eorum
1562 1441 1693 1501 duo
1731 1439 1937 1500 dilecti
1977 1440 2095 1499 sibi
2130 1441 2393 1502 invicem

383 1536 579 1598 fuere.
611 1539 814 1598 Poscit
845 1538 1072 1622 legatio
1111 1539 1385 1600 divitem.
1411 1537 1599 1598 Vadit
1636 1536 1830 1598 filius:
1863 1538 2260 1619 piraticatur:
2301 1562 2399 1600 re-

388 1633 623 1693 scribit.
679 1636 959 1694 Moratur
1003 1649 1193 1718 pater.
1245 1637 1492 1695 Amicus
1537 1634 1748 1693 vadit:
1801 1634 2121 1694 venditum
2174 1638 2399 1717 reperit

387 1734 775 1815 gladiatore¹
821 1748 1140 1820 paratum:
1186 1735 1386 1794 subit:
1437 1735 1725 1794 moritur.
1774 1734 2146 1815 Redemptus
2197 1734 2393 1794 redit:

388 1846 630 1913 patrem
653 1832 929 1892 defuncti
959 1833 1102 1892 alit:
1130 1832 1469 1893 abdicatur.
1503 1831 1677 1912 (vid.
1711 1831 1982 1892 Declam.
2010 1831 2144 1910 lX.)

402 2062 649 2134 Filius.
696 2061 918 2152 Licet,
958 2061 1265 2163 judica,
1310 2089 1423 2134 me
1468 2088 1678 2134 nemo
1726 2061 2045 2133 miserior
2090 2060 2409 2132 exstiterit

300 2197 560 2276 praeter
591 2204 858 2267 unum,
898 2204 1111 2274 quem
1161 2199 1229 2249 et
1277 2204 1404 2276 ego
1446 2176 1783 2248 miserum
1824 2176 1997 2265 feci,
2035 2202 2403 2275 nunquam

301 2311 551 2363 tamen
586 2289 766 2363 hanc
799 2290 1149 2362 miseriam
1185 2290 1430 2363 timere
1464 2289 1695 2391 potui,
1746 2317 1832 2361 ne
1876 2312 2029 2390 post
2079 2290 2411 2391 redemp-

308 2426 471 2477 tum
494 2431 616 2503 per
633 2405 897 2477 alienas
917 2432 1172 2478 manus
1197 2405 1424 2478 filium
1442 2462 1460 2494 ,
1482 2405 1658 2505 patri
1692 2404 2154 2477 misericordia
2177 2404 2407 2504 displi-

314 2523 888 2594 ceret.-—Pater.
924 2522 1397 2610 Misericordia
1430 2550 1647 2621 quam
1683 2549 1828 2593 non
1858 2521 2251 2621 displicet²;
2286 2522 2407 2593 sed

319 2661 454 2706 nec
480 2660 666 2706 error
693 2636 938 2733 placet.
959 2640 1152 2708 —F.
1186 2640 1332 2709 Cur
1353 2635 1565 2736 igitur
1587 2635 2106 2708 abdicas?-—P.
2134 2635 2410 2707 Inimici

321 2749 553 2821 filium
589 2750 900 2824 dilexisti.
930 2795 1028 2807 --
1053 2755 1132 2824 F.
1176 2755 1333 2825 Non
1371 2754 1573 2825 dilexi
1612 2753 1874 2841 filium,
1908 2751 2027 2824 sed
2071 2752 2406 2824 amicum.

321 2867 524 2937 -P.
567 2867 725 2940 Non
773 2866 1023 2939 desinit
1054 2895 1196 2940 esse
1239 2868 1462 2958 filius,
1511 2871 1681 2966 quia
1715 2868 1980 2941 amicus
2017 2894 2032 2938 ε
2083 2867 2415 2940 debuerat

324 2978 638 3051 desinere
681 2982 824 3051 fore
859 2980 1155 3067 amicus»,
1195 2981 1362 3080 quia
1399 2982 1553 3052 talis
1581 2982 1789 3052 filius.
1818 2982 2015 3051 -F.
2056 2981 2204 3078 Ego
2242 2979 2413 3051 dili-

324 3116 606 3193 gentem
636 3096 857 3168 odisse
891 3123 1036 3168 non
1074 3117 1390 3196 poteram
1418 3123 1433 3168 :
1470 3124 1683 3195 quem
1725 3123 1851 3167 nec
1886 3117 1963 3167 tu
1992 3121 2371 3194 pauperem
2393 3151 2411 3183 ,

329 3210 386 3279 si
426 3229 490 3280 te
533 3233 862 3300 amasset,
910 3211 1395 3310 oderas—P.
1442 3210 2121 3309 Impotentissimum
2157 3236 2271 3281 me
2303 3209 2412 3281 fe-

330 3322 506 3394 cisti.
534 3324 757 3395 Nemo
782 3352 946 3397 cum
977 3327 1094 3399 illo
1119 3349 1277 3416 stat,
1307 3354 1521 3426 quem
1548 3324 1737 3397 filius
1762 3325 2026 3397 deserit.
2048 3369 2145 3378 —-
2162 3327 2241 3395 F.
2267 3325 2413 3398 Me·

332 3458 605 3526 mento,
639 3458 866 3537 pater,
900 3465 1024 3536 pro
1054 3465 1192 3539 quo
1226 3460 1326 3512 tot
1359 3439 1668 3540 pericula
1699 3438 2036 3510 subierint
2057 3434 2110 3530 3,
2148 3463 2286 3508 non
2324 3436 2415 3508 di-

333 3577 441 3623 ces
497 3551 843 3624 desertum
896 3579 1060 3625 esse.
1091 3598 1187 3608 ——
1215 3555 1297 3624 P.
1347 3555 1523 3626 Mihi
1573 3582 1798 3627 unum
1851 3552 2252 3642 auferebas»,
2309 3549 2414 3624 illi

413 3770 455 3805 1.
486 3752 801 3810 Gladiatore.
833 3758 892 3818 ln
928 3756 1074 3809 MSS.
1099 3756 1336 3833 eritsqla-
1489 3775 1535 3810 2.
1553 3758 1905 3836 Misericord{a
1928 3775 2087 3832 quam
2110 3775 2217 3809 non
2234 3756 2417 3830 displi-

334 3831 475 3883 diate
506 3837 862 3907 superscripta
900 3835 1091 3887 ultima
1127 3835 1337 3907 syllaboe
1415 3851 1508 3890 cet.
1526 3841 1649 3891 Post
1664 3838 1774 3891 haec
1789 3838 2146 3892 admirationis
2159 3852 2418 3909 punctum

336 3931 399 3970 a,-
424 3927 491 3961 an
516 3924 572 3961 nt
592 3912 894 3982 piratican‘,
916 3916 990 3966 sic
1013 3932 1204 3966 novum
1224 3933 1338 3965 ver·
1417 3936 1764 3990 poneremus,
1790 3921 1892 3972 uisi
1914 3916 2239 3988 subintelligi
2260 3931 2417 3990 puta-

335 3987 466 4039 bum
493 3986 757 4062 gladium,
787 3992 869 4044 vel
897 3990 1191 4064 gladiatam
1221 3993 1336 4044 for·
1414 4013 1589 4047 remus
1602 3995 1823 4066 aliquid,
1845 3995 2043 4047 scilicet
2061 3994 2415 4047 misericordia

337 4072 529 4121 mavit?
549 4070 632 4122 vel
656 4071 967 4142 legendum,
992 4091 1110 4124 cum
1128 4070 1338 4145 gladia·
1419 4093 1578 4148 quam
1607 4077 1759 4142 dicis,
1790 4075 1872 4128 vel
1911 4075 2102 4146 affers,
2137 4089 2228 4129 aut
2261 4076 2416 4148 quid-

340 4158 447 4200 ποτε
471 4162 857 4220 comparatum,
890 4150 962 4206 nd
992 4150 1338 4222 pugnandum
1418 4155 1548 4208 libet
1572 4156 1757 4209 simile.
1786 4158 1877 4208 Eo.

337 4228 553 4281 scilicet.
1493 4234 1541 4285 3.
1558 4235 1834 4287 Subierint.
1857 4237 1996 4305 Lege
2017 4235 2273 4287 subierim.
