3200 5117
794 532 1065 595 DECL.
1111 532 1260 595 XV.
1309 521 1522 595 olm
1569 531 1864 598 POTIO
1908 535 2003 598 11.
2318 537 2443 603 333

363 655 568 726 tristis
602 652 1065 753 comploraret
1090 651 1428 724 affinitas?
1459 654 1618 724 Non
1646 655 1863 754 pudet
1889 681 2052 754 ergo
2068 708 2088 748 ,
2113 657 2302 755 quod
2328 684 2448 731 va-

365 768 526 840 catis
558 767 1006 868 lupanarium
1041 765 1372 865 quereIiS,
1409 788 1476 839 et
1505 767 1593 839 ad
1623 795 1741 840 vos
1773 769 2179 842 deferuntur
2208 798 2446 845 aman-

363 884 545 956 tium
586 883 786 957 rixae?
822 883 1069 958 videtis
1105 882 1294 956 hunc
1325 884 1739 956 accusatoria
1774 887 1997 959 fronte
2028 888 2447 960 terribilem?

366 999 599 1071 oscula
630 999 886 1099 poscit,
917 997 1274 1070 destitutos
1311 999 1621 1097 queritur
1653 998 2030 1099 amplexus.
2061 1001 2291 1075 Vultis
2324 1029 2447 1075 nos

367 1115 555 1187 abire
592 1116 821 1214 potius
853 1115 926 1186 in
963 1135 1198 1186 nostra
1234 1135 1519 1204 secreta,
1557 1114 1796 1211 ibique
1831 1116 2083 1215 gaudia
2114 1117 2449 1215 querelas·

368 1255 503 1328 que
531 1250 794 1302 mutata
814 1244 829 1273 ¹
866 1227 1375 1301 conversatione
1405 1229 1857 1300 consumere?
1889 1257 2033 1303 non
2066 1255 2450 1330 agnoscunt

369 1345 553 1443 leges
579 1374 658 1417 ac
671 1347 832 1447 jura
851 1345 1139 1416 miseros
1157 1358 1182 1388 ²
1209 1372 1222 1413 :
1251 1343 1364 1415 hic
1389 1342 1768 1416 audiuntur
1786 1347 1973 1419 seriae
1998 1346 2446 1422 calamitates:

369 1488 517 1533 non
547 1482 649 1533 est
676 1458 935 1532 ultione
965 1460 1220 1559 dignus
1237 1516 1255 1550 ,
1282 1458 1368 1530 de
1398 1487 1536 1556 quo
1561 1480 1781 1558 potest
1803 1461 2071 1535 efficere
2097 1465 2447 1555 meretrix,

372 1598 451 1648 ut
487 1595 829 1674 queratur.
872 1574 1249 1672 Ecquando
1296 1600 1654 1673 unquam,
1689 1573 1997 1673 judices,
2043 1577 2326 1650 audistis
2362 1578 2449 1650 de

369 1693 701 1765 veneficio
720 1691 955 1762 vivum
976 1711 1384 1788 querentem
1404 1746 1422 1780 ,
1443 1689 1718 1761 facinus
1737 1689 1867 1762 hoc
1885 1717 2157 1790 semper
2177 1719 2258 1764 ex
2275 1719 2452 1765 rnor-

372 1810 560 1882 tibus
593 1808 852 1909 accepit
883 1807 1237 1880 invidiam.
1272 1807 1344 1878 Si
1377 1805 1856 1896 latrocinium,
1895 1808 2138 1906 probes
2172 1834 2449 1897 cruore,
2552 1789 2562 1807 ’

371 1923 772 1996 vulneribus
793 1951 807 1994 :
829 1922 884 1995 si
899 1920 1330 2020 sacrilegium
1350 1977 1369 2010 ,
1386 1921 1627 2020 spoliis
1646 1920 2027 1993 numinum
2045 1979 2064 2011 ,
2087 1922 2452 2020 praedaque

374 2039 833 2140 templorum:
869 2039 964 2111 ita
988 2038 1410 2111 veneficium
1445 2037 1501 2110 si
1532 2064 1813 2137 arguaS,
1844 2060 2114 2137 oportet
2139 2039 2453 2112 ostendas

373 2179 575 2257 putre
596 2157 928 2230 livoribus
947 2156 1234 2229 cadaver
1249 2212 1270 2246 ,
1297 2155 1476 2227 inter
1497 2154 1937 2227 efferentium
1962 2182 2209 2228 manus
2232 2155 2457 2227 fluens

373 2271 529 2343 tabe
564 2297 833 2371 eorpuS.
869 2273 965 2341 Ut
984 2269 1140 2371 jam
1169 2270 1353 2343 istud
1381 2269 1684 2370 objicere
1717 2270 1961 2369 possit,
1997 2291 2064 2342 et
2092 2270 2227 2343 vita
2254 2270 2457 2344 debet

377 2384 639 2483 aliquid
671 2412 814 2457 esse
842 2411 1073 2485 passa,
1105 2383 1294 2481 quod
1332 2383 1665 2455 invidiam
1695 2385 1931 2456 mortis
1970 2384 2314 2458 imitetur:
2350 2413 2459 2457 ve·

378 2498 712 2570 neficium
735 2525 937 2587 voca,
963 2497 1152 2596 quod
1182 2496 1479 2569 caecitate
1504 2518 1867 2594 grassatur,
1897 2498 2087 2597 quod
2116 2501 2188 2570 in
2223 2499 2459 2599 aliqua

382 2611 922 2710 deprehenditur
941 2611 1292 2686 debilitate
1313 2613 1787 2700 membrorum
1808 2641 1822 2685 :
1845 2614 2096 2712 profer,
2118 2614 2418 2714 agedum
2437 2671 2459 2706 ,

383 2726 684 2824 corporis
719 2745 947 2816 notas,
984 2727 1058 2797 in
1096 2753 1264 2825 quas
1301 2753 1370 2798 se
1402 2728 1619 2799 noxiae
1664 2729 1962 2827 potionis
1993 2756 2205 2828 vagus
2239 2731 2463 2803 fervor

382 2841 706 2914 effuderit
721 2899 739 2931 ,
767 2842 888 2913 ubi
913 2842 1191 2940 depasta
1212 2862 1522 2914 senectus
1537 2842 1565 2888 3
1588 2842 1960 2915 visceribus
1983 2844 2292 2915 saevitura
2314 2871 2462 2917 con-

382 2958 650 3031 sederit.
675 2959 1004 3058 Adspicio
1029 2986 1151 3058 par
1176 2958 1526 3031 laboribus
1551 2985 1798 3058 corpus
1818 3017 1838 3049 ,
1870 2958 2159 3032 retinere
2181 2985 2305 3031 sua
2332 2961 2464 3031 mi-

384 3073 696 3164 nisteria,
731 3073 1192 3146 sufficientem
1220 3072 1545 3145 animum
1573 3074 1767 3146 seriis
1797 3073 2095 3164 actibus,
2124 3094 2461 3146 accusato-

388 3187 488 3257 ria
515 3189 837 3262 firmitate
866 3191 1250 3263 robustum.

482 3304 570 3372 V.
598 3303 852 3391 Crede,
867 3304 1142 3403 juvenis
1160 3365 1180 3397 ,
1197 3306 1528 3379 omnibus
1549 3307 1672 3403 qui
1696 3326 1761 3378 te
1788 3304 1997 3377 modo
2018 3331 2426 3376 noveramus
2444 3362 2461 3394 ,

389 3448 549 3503 modo
577 3450 913 3522 intelligimus
930 3473 943 3502 z
971 3453 1203 3505 heredem
1228 3474 1386 3527 quem
1470 3455 1631 3521 solet,
1650 3454 1744 3506 ubi
1756 3473 1860 3526 pax
1878 3467 1957 3507 est
1976 3456 2111 3506 inter
2128 3466 2364 3508 amantes
2378 3491 2395 3522 ,
2415 3467 2469 3508 et

391 3547 635 3586 enectum
666 3533 1104 3596 medicaminibus
1127 3538 1386 3607 pestiferis
1467 3552 1620 3586 amor
1642 3535 1697 3585 in
1725 3532 2032 3604 tranquillo.
2056 3534 2226 3584 Bona.

391 3612 747 3683 conploraret
778 3612 1025 3666 affinitas.
1056 3615 1225 3665 Nemo
1249 3616 1389 3667 enim
1541 3631 1588 3665 2.
1616 3614 1847 3666 Miseros.
1869 3611 2075 3665 Scilicet
2099 3630 2160 3664 ex
2183 3611 2390 3677 amore,
2410 3625 2469 3664 ut

391 3693 638 3748 heredem
670 3713 824 3746 suum
858 3713 1062 3747 veneno
1093 3692 1258 3760 tollit,
1295 3692 1391 3748 sed
1468 3696 1667 3768 passim
1688 3693 1833 3767 apud
1852 3695 2237 3746 comicos.Te1-.
2257 3696 2388 3746 Eun.
2414 3695 2466 3759 1,

392 3794 528 3847 sepe
547 3773 767 3840 accidit,
786 3788 846 3827 ut
864 3775 940 3827 illi
959 3775 1028 3827 ad
1043 3792 1177 3848 quos
1192 3774 1392 3827 heredi·
1478 3790 1496 3825 1
1521 3795 1532 3825 :
1566 3795 1588 3819 α
1612 3774 1769 3825 Nunc
1794 3792 1921 3844 ego,
1946 3786 1998 3825 et
2021 3772 2168 3824 illum
2191 3773 2469 3825 scelestum

393 3871 473 3909 tas
487 3856 761 3928 pervenire
776 3854 1074 3921 debegnon
1090 3869 1391 3928 exspectare
1478 3873 1502 3897 ⁶·
1520 3869 1661 3916 esse,
1706 3866 1759 3903 et
1801 3870 1885 3903 me
1930 3854 2176 3903 miserum
2227 3852 2414 3903 sentio.
2440 3873 2462 3895 κ

391 3936 555 3988 velint
570 3948 794 3986 mortem
806 3932 975 3999 iuius,
995 3952 1024 3985 a
1045 3952 1151 4004 quo
1171 3933 1391 3987 heredes
1471 3934 1643 3984 Bunn.

394 4016 573 4086 ocripti
592 4026 732 4064 suut.
756 4015 925 4065 Banu.
1545 4011 1596 4063 3.
1609 4012 1834 4082 Depasta
1845 4018 2085 4061 senectus.
2101 4006 2273 4074 Malo,
2291 4008 2468 4081 depas-

471 4110 515 4145 1.
559 4093 788 4144 Mutata.
813 4089 1040 4151 ‚Mallem
1072 4101 1272 4144 mutua.
1309 4094 1394 4144 An
1477 4093 1553 4144 αἱς.
1584 4091 1754 4143 Gnou.
1790 4092 1907 4154 An,
1939 4089 2157 4158 depastis
2188 4091 2471 4161 enectisque

393 4182 596 4224 mutata
607 4209 627 4237 ‚
651 4168 710 4222 id
722 4182 832 4237 est,
855 4169 986 4234 alia,
1009 4167 1214 4220 diversa
1237 4181 1394 4240 atque
1477 4169 1764 4232 visceribus,
1781 4179 1840 4218 ut
1854 4165 2035 4238 paullo
2050 4179 2200 4230 ante,
2214 4167 2470 4239 pestiferis

395 4252 507 4308 haee
528 4256 585 4307 in
605 4251 808 4322 judicio
837 4253 951 4306 est?
967 4249 1050 4302 vel
1068 4248 1172 4304 alia
1196 4267 1258 4303 ac
1283 4248 1395 4302 fieri
1475 4248 1859 4304 medicamentis
1871 4257 2118 4301 enectam.
2134 4250 2353 4303 Senum.
