3200 5117
760 538 880 600 252
1253 538 1341 599 M.
1392 532 1640 627 FA‘Bu
1687 532 2322 618 Qnm‘rlLlANl

756 659 1007 729 Civitas
1029 659 1277 731 deinde
1295 717 1314 747 ,
1340 659 1446 730 cui
1474 680 1824 730 accusator
1841 659 2182 758 proditam
2205 686 2283 730 se⁴
2299 685 2441 730 esse
2466 646 2830 758 persuase-

757 794 882 861 rat,
900 774 1061 844 fecit
1079 773 1422 871 quidquid
1446 772 1558 844 hic
1580 775 1666 844 de
1682 801 1795 844 me
1816 774 2036 845 facere
2060 774 2282 872 potuit
2308 800 2320 841 ε
2344 772 2591 843 liberos
2612 798 2821 858 meoS,

757 916 929 989 quos
972 890 1295 961 inimicus
1330 911 1468 992 tota
1502 916 1628 961 sua
1656 890 1987 961 concione
2026 909 2550 976 monstraverat,
2586 887 2829 959 occidit

757 1032 1040 1100 genere,
1079 1033 1218 1102 quo
1255 1025 1546 1102 pereunt
1583 1004 1999 1076 innocentes}
2039 1004 2295 1076 Feretis
2340 1030 2487 1092 me,
2522 1002 2823 1102 judiceS,

756 1121 1041 1219 liberius
1087 1121 1322 1218 aliqua
1373 1119 1776 1190 dicentem?
1820 1146 1965 1190 rem
2023 1119 2298 1217 pessimi
2346 1116 2642 1216 exempli
2687 1102 2829 1214 pas-

757 1262 871 1307 sus
905 1263 1128 1325 eram,
1166 1236 1374 1306 etiam
1406 1236 1461 1306 si
1500 1234 1977 1333 prodidissem.
2015 1234 2167 1305 Seio
2198 1260 2344 1323 voS,
2363 1232 2667 1332 judiceS,
2697 1232 2830 1301 hoc

756 1350 907 1422 loco
931 1351 1163 1421 mirari
1194 1351 1665 1422 innocentiam
1697 1377 1963 1421 meam:
1996 1369 2072 1420 ut
2098 1349 2409 1447 primum
2435 1348 2624 1418 enim
2654 1345 2830 1417 mihi

759 1464 1179 1536 calamitates
1212 1491 1401 1536 meas
1430 1463 1728 1535 nuncius
1761 1464 1833 1533 in
1867 1484 2080 1535 castra
2117 1461 2428 1562 pertulit,
2464 1487 2606 1532 non
2640 1486 2833 1530 arma

759 1578 1051 1678 projeci,
1087 1606 1226 1651 non
1261 1580 1578 1652 stationes
1615 1578 2019 1675 vallumque
2059 1578 2327 1650 deserui
2361 1606 2375 1647 τ
2406 1598 2617 1649 totam
2647 1573 2833 1646 orbi-

760 1715 967 1766 tatem
997 1722 1233 1766 meam
1269 1696 1341 1767 in
1377 1695 1558 1767 bella
1591 1696 1928 1783 converti,
1962 1716 2347 1824 tamquam
2336 1692 2611 1764 liberos
2641 1715 2832 1761 meos

759 1811 855 1881 ibi
884 1811 1392 1908 perdidissem:
1442 1813 1496 1882 si
1532 1838 1889 1911 unquam,
1928 1811 2237 1911 judices,
2284 1810 2354 1880 in
2399 1836 2512 1879 me
2549 1805 2834 1878 habuis-

758 1946 912 1997 sent
938 1928 1239 2024 profanae
1269 1927 1710 2023 cogitationes
1743 1926 2011 2014 locum,
2053 1926 2106 1994 si
2146 1925 2438 2023 patriam
2474 1907 2698 1992 odisse
2723 1919 2835 1991 vel

757 2068 881 2138 pro
911 2040 1141 2113 liberis
1171 2043 1344 2113 meis
1369 2068 1676 2139 possem,
1712 1982 2136 2138 proditoiem
2173 2066 2285 2109 me
2310 2036 2676 2108 feceratis.·
2747 2048 2750 2051 ’

853 2157 974 2225 IV.
1012 2158 1299 2228 Necesse
1336 2176 1471 2244 est,
1505 2155 1810 2253 judiceS,
1855 2153 1984 2224 hoc
2018 2154 2327 2251 primum
2370 2176 2672 2223 reversus
2714 2175 2870 2241 ex·-

763 2269 1097 2359 clamem3
1136 2270 1227 2341 ita
1267 2296 1528 2369 pauper
1566 2270 1770 2339 etiam
1801 2295 1990 2339 nunc
2026 2267 2280 2339 liberos
2322 2266 2562 2338 habet?
2603 2265 2832 2338 adhuc

762 2382 1032 2454 inimici
1066 2384 1205 2453 mei
1231 2383 1436 2481 plena
1472 2382 1724 2453 domus
1749 2397 1765 2426 ¹
1807 2380 1944 2452 est?
1978 2408 2018 2452 o
2054 2383 2320 2453 miserae
2359 2379 2829 2479 cogitationes!

765 2524 804 2569 o
835 2495 1118 2596 decepta
1150 2496 1416 2568 solatia!
1464 2498 1557 2568 sic
1595 2523 1721 2594 ego
1765 2497 2145 2583 revertebar
2182 2496 2377 2595 quasi
2414 2493 2834 2599 vindicatus?

763 2636 935 2709 quas
991 2638 1115 2709 ego
1172 2612 1530 2741 legionum
1584 2634 1961 2684 vestrarum
2013 2611 2564 2709 indignationeS,
2622 2637 2834 2709 quem

762 2726 1117 2797 fortissimi
1141 2727 1473 2799 exercitus
1506 2729 1915 2831 compescui
1931 2727 2270 2814 dolorem,
2302 2726 2478 2797 dum
2505 2725 2834 2835 omnibus

764 2843 1087 2940 promitto
1123 2842 1374 2916 liberos
1410 2871 1598 2931 suoS‚
1645 2844 1817 2915 dum
1860 2845 2091 2915 minus
2131 2870 2253 2942 pro
2295 2842 2638 2914 vindicta²
2677 2866 2831 2911 mea

766 2978 968 3053 pum,
1017 2959 1412 3059 quidquid
1395 2987 1537 3060 ipse
1569 2960 1930 3032 fecissem?
1972 2963 2450 3058 Congerantur
2481 2956 2629 3058 jam
2669 2955 2831 3027 licet

762 3072 1084 3146 adversus
1134 3077 1456 3148 omnium
1517 3077 1921 3148 mortalium
1975 3075 2537 3148 nocentissimum
2586 3091 2831 3143 cuncta

762 3187 1130 3285 supplicia,
1160 3217 1285 3288 ego
1308 3211 1541 3261 tamen
1570 3192 1949 3263 maximum
1965 3190 1992 3234 ³
2015 3190 2293 3262 ultionis
2316 3215 2487 3260 meae
2506 3176 2832 3259 solatium

761 3303 1074 3400 perdidi,
1126 3305 1316 3403 quod
1372 3308 1661 3405 pauperi
1707 3333 1825 3378 vos
1879 3308 2107 3405 potius
2156 3304 2546 3377 debueratis
2590 3302 2833 3374 irasci:

763 3417 1098 3513 quoniam
1146 3420 1360 3517 igitur
1405 3421 1635 3492 adhuc
1682 3447 1844 3494 cum
1892 3448 2191 3520 paupere
2242 3420 2511 3517 legibus
2562 3444 2642 3488 ac
2679 3416 2837 3518 jure

764 3530 1092 3621 consisto,
1138 3533 1387 3608 liberos
1422 3538 1569 3635 ejus
1605 3537 1676 3607 in
1715 3537 2135 3636 supplicium
2175 3536 2386 3635 patris
2417 3554 2598 3634 peto,
2643 3530 2835 3621 Quid

766 3645 924 3717 satis
948 3646 1285 3746 imprecer
1315 3652 1622 3741 homini,
1661 3654 1778 3749 qui
1813 3654 2007 3743 fecit,
2043 3674 2121 3724 ut
2152 3652 2522 3750 quisquam
2560 3648 2839 3720 deberet

765 3760 861 3832 sic
892 3761 1260 3835 vindicari?
1287 3766 1799 3859 Calumniator,
1828 3769 2090 3868 inquit,
2119 3766 2303 3840 idem
2330 3766 2642 3866 patiatur.
2669 3767 2836 3837 Per-
2915 3848 2920 3852 ὁ

764 3964 773 3973 ,
810 3926 884 3960 -ι,
923 3908 1088 3962 Plena
1120 3912 1321 3967 domus.
1357 3916 1436 3966 Ita
1463 3933 1646 3970 vacuos
1671 3935 1764 3989 pe-
1917 3935 1963 3969 ι.
2000 3917 2184 3969 Minus
2215 3935 2313 3989 pro
2347 3915 2591 3967 vindicta.
2635 3911 2695 3964 ld
2729 3923 2836 3979 est,

764 4003 906 4044 nates
936 3990 1065 4044 dixit
1084 3994 1211 4046 Stat.
1242 3995 1361 4049 silv.
1386 3999 1475 4062 IV,
1505 4013 1556 4066 7,
1579 3997 1679 4065 30,
1712 4010 1764 4050 et
1843 4014 1954 4048 non
1982 4007 2189 4047 tantum
2213 4006 2471 4066 quantum
2493 4010 2608 4044 esse
2630 3989 2834 4043 debeat.

763 4086 949 4137 auctor
984 4073 1271 4129 Declamat.
1316 4078 1494 4148 primo
1539 4096 1658 4150 cap.
1709 4096 1757 4131 2.
1840 4080 2048 4130 Petron.
2088 4095 2204 4147 cap.
2233 4075 2480 4129 CXXVI:
2527 4070 2836 4143 «Quidquid

766 4153 870 4206 Ubi
891 4153 1040 4207 vide:
1067 4169 1121 4207 et
1145 4158 1219 4209 sic
1241 4177 1365 4210 mox
1387 4176 1505 4231 cap.
1531 4176 1598 4230 9:
1632 4160 1763 4213 «Va-
1848 4180 1871 4205 ιι
1890 4159 2069 4211 dixero
2105 4159 2278 4209 miuus
2321 4157 2436 4208 erit.
2457 4177 2479 4202 ι
2519 4154 2736 4206 Souutm

768 4251 791 4283 a
812 4250 966 4285 cuam
987 4231 1221 4287 domum.
1244 4259 1267 4283 ι
1301 4237 1471 4289 Bunr.
1917 4237 1966 4288 3.
1988 4236 2301 4288 Maximum.
2322 4233 2559 4289 Maxime
2574 4232 2839 4285 habetW.
