3200 5117
737 543 1373 612 DECLAMATIO
1419 546 1513 612 11.
1563 547 1750 612 PRO
1793 547 2083 616 CAECO.
2366 552 2442 618 31

365 667 607 769 plexus
633 668 1056 769 lectulosque
1081 669 1497 743 discurrunt.
1528 670 1758 744 Placet
1780 672 1991 745 etiam
2021 695 2175 772 post
2201 674 2451 750 liberos

364 783 540 856 alius
572 783 889 856 maritus:
928 804 997 857 et
1027 783 1214 857 unde
1245 783 1723 883 deprehendas
1759 786 2081 859 omnium
2111 787 2450 861 scelerum

364 899 804 988 facilitatem,
838 919 1123 998 possunt
1159 926 1303 971 non
1344 926 1576 972 amare
1607 901 1928 975 viventes.
1958 901 2155 992 Quid
2192 903 2246 976 si
2287 905 2452 978 huic

368 1012 618 1087 uxorioe
636 1013 870 1086 vilitati
901 1014 1254 1087 novercale
1282 1042 1543 1087 nomen
1578 1015 1964 1118 adjungas?
1993 1017 2271 1090 Mulieri
2294 1046 2451 1118 quoe

365 1151 521 1227 post
550 1129 799 1203 liberos
830 1130 1217 1223 inducitur,
1262 1130 1686 1204 matrimonii
1715 1160 1858 1206 non
1892 1134 2232 1234 contingit
2272 1149 2288 1180 ¹
2310 1156 2451 1208 tota

366 1267 799 1347 reverentia.-

463 1361 658 1432 V111.
684 1361 970 1451 Quanto
999 1361 1167 1436 alios
1191 1383 1462 1461 praestat
1490 1363 1777 1436 affectus
1795 1421 1815 1456 ‚
1848 1363 2129 1463 diligere
2160 1365 2314 1439 vitae
2343 1366 2452 1439 lu·

366 1475 608 1573 cisque
648 1478 1037 1549 auctorem?
1076 1477 1309 1550 Liberi
1354 1505 1435 1551 ac
1479 1479 1820 1578 parentis²
1863 1505 2006 1551 non
2053 1477 2228 1552 alius
2276 1480 2449 1552 mihi

368 1590 643 1664 videtur
663 1592 974 1685 affectus,
999 1620 1214 1692 quam
1242 1621 1384 1700 quo
1405 1620 1636 1665 rerum
1669 1615 1944 1684 natura,
1975 1622 2115 1693 quo
2140 1595 2451 1669 mundus

366 1705 515 1806 ipse
546 1708 941 1782 constrictus
983 1730 1102 1782 est.
1140 1708 1633 1807 Quisquamne
1670 1709 2069 1781 mortalium
2103 1710 2452 1783 confodiet

366 1818 545 1893 illud
586 1849 856 1896 sacrum
897 1824 1517 1923 venerandumque
1559 1849 1841 1924 corpm,
1884 1823 2071 1921 quod
2112 1845 2334 1922 potest
2369 1851 2452 1899 ex

366 1935 645 2034 ignibus
686 1937 880 2038 rapi?
916 1965 1041 2040 pro
1088 1967 1229 2037 quo
1269 1939 1451 2012 bene
1496 1959 2009 2013 consumuntur
2047 1938 2275 2011 oculi?
2305 1965 2450 2012 non

368 2051 679 2144 invenio,
703 2054 1011 2156 judices,
1045 2055 1649 2154 quemadmodum
1687 2054 1901 2155 possit
1925 2081 2069 2128 esse
2101 2076 2337 2127 contra
2367 2056 2454 2127 li-

368 2166 567 2242 beros
612 2171 799 2244 salva
844 2173 1217 2245 reverentia
1236 2171 1288 2244 3.
1324 2175 1482 2245 Non
1529 2193 1631 2244 est
1674 2170 1953 2244 difficile
1995 2194 2076 2243 ut
2121 2172 2450 2246 maritum

362 2306 542 2356 uxor
585 2286 891 2376 occidat,
931 2288 988 2361 si
1029 2315 1170 2360 non
1219 2308 1320 2361 est
1363 2283 1785 2378 difficilius4‚
1822 2307 1898 2360 ut
1931 2286 2114 2360 filius
2157 2308 2448 2386 patrem.

366 2399 527 2471 Non
554 2420 685 2490 est,
696 2400 1003 2503 judices,
1028 2402 1216 2502 quod
1246 2402 1497 2503 putetis
1528 2402 1706 2474 inter
1736 2401 2100 2474 mulierem
2129 2422 2197 2474 et
2221 2402 2452 2476 virum

370 2513 458 2585 de
485 2514 735 2587 scelere
760 2519 990 2615 queri:
1016 2545 1242 2617 neque
1271 2516 1583 2617 estquod
1612 2544 1683 2594 se
1717 2543 2005 2590 noverca
2030 2543 2227 2589 sexus
2254 2544 2451 2590 occa·-

369 2626 563 2701 sione
586 2650 882 2708 tueatur.
911 2633 1138 2735 Major
1160 2653 1259 2705 est
1289 2631 1606 2704 caecitatis
1636 2629 2020 2702 infirmitas.
2055 2631 2234 2702 Sunt
2257 2650 2323 2702 et
2343 2631 2450 2703 fe—

373 2742 584 2816 minis
611 2745 698 2817 ad
727 2746 977 2820 scelera
1011 2748 1183 2820 vires
1200 2746 1255 2838 ⁵,
1292 2774 1515 2847 quum
1549 2744 1813 2818 habent
1852 2772 2083 2818 causas
2120 2745 2447 2818 virorum.

370 2855 796 2948 Quinimmo
835 2863 891 2934 si
934 2864 1341 2962 interroges,
1374 2862 1644 2934 facilius
1688 2861 1834 2934 hoec
1876 2883 2149 2961 pectora
2185 2883 2449 2952 metus,

362 2973 655 3067 odium,
689 2977 787 3050 ira
822 3001 1324 3081 corrumpunt:
1359 2997 1427 3053 et
1466 2978 1803 3078 quoniam
1846 3004 1991 3050 non
2029 2977 2293 3050 habent
2331 3005 2450 3049 ro-

372 3211 399 3236 ·
420 3187 662 3242 flammea
683 3193 938 3245 conterit:
970 3191 1097 3245 inde
1116 3190 1373 3259 Advolat,
1458 3212 1481 3236 ιι
1500 3189 1695 3242 liberos
1724 3189 1866 3244 salva
1894 3202 1973 3242 est
1999 3188 2067 3241 de
2098 3201 2280 3241 mutua
2313 3190 2449 3241 cari-

377 3289 403 3314 ·
422 3281 476 3319 et
510 3269 670 3340 spreti
701 3272 892 3342 repetit
917 3273 1131 3343 vestigia
1166 3271 1304 3322 lecti.
1325 3305 1338 3321 .
1358 3309 1371 3322 .
1458 3294 1481 3318 ιι
1502 3285 1609 3325 tate
1619 3272 1921 3325 reverentia.
1938 3295 1962 3319 a·
1981 3272 2125 3322 Num
2138 3270 2327 3326 excidit
2343 3290 2452 3325 nou

374 3371 403 3394 ι
421 3349 505 3402 sic
517 3353 706 3403 crescit
724 3369 999 3417 numerus,
1018 3354 1092 3404 sic
1105 3352 1240 3405 fiunt
1250 3364 1373 3404 octo
1452 3364 1575 3402 ante
1597 3350 1880 3403 reverentia
1894 3352 1919 3400 Ρ

378 3448 406 3473 ⁸
423 3429 612 3480 mariti.
632 3454 656 3478 n
684 3431 776 3482 En.
1521 3430 1574 3497 4.
1598 3430 1662 3485 Si
1681 3449 1784 3483 non
1804 3442 1878 3483 est
1893 3425 2183 3501 difficilius.
2210 3427 2451 3481 Commo-

452 3525 497 3559 ι.
521 3509 909 3562 Matrimonii...
937 3518 1045 3561 tota
1071 3508 1368 3562 reverentia.
1450 3508 1568 3561 dius
1589 3545 1608 3573 ‚
1648 3508 1740 3559 ubi
1787 3525 1895 3560 non
1942 3520 2018 3560 est
2063 3505 2451 3561 difficillimum.

372 3585 579 3657 Nempe
601 3605 851 3640 novercas
874 3606 1115 3640 veremur
1136 3599 1337 3639 tantum
1353 3623 1371 3652 ‚
1450 3591 1576 3661 Sap.
1597 3588 1830 3642 Declam.
1852 3591 1901 3640 1:
1932 3610 1955 3634 οι
1973 3590 2109 3639 Nam
2135 3590 2177 3640 si
2198 3586 2352 3640 facile
2373 3600 2452 3640 est

372 3677 436 3716 ut
461 3664 714 3720 cubantes
739 3686 863 3719 cum
888 3682 1071 3739 patre,
1095 3685 1207 3719 non
1242 3679 1374 3719 tam-
1457 3694 1480 3719 ·
1500 3671 1607 3723 fflio
1632 3667 1873 3724 occidere
1894 3683 2127 3742 patrem,
2148 3667 2353 3721 facilius
2372 3681 2452 3721 est

373 3764 537 3818 quam
564 3764 771 3801 matres.
796 3751 888 3801 En.
1458 3771 1481 3795 ι
1502 3751 1652 3800 uxori
1675 3749 1937 3800 maritum.
1961 3772 1982 3796 n

448 3844 498 3878 2.
525 3826 694 3879 Liberi
712 3843 776 3878 ac
794 3825 1035 3897 pam-tis.
1060 3823 1265 3888 scribe,
1285 3823 1376 3875 li-
1523 3828 1573 3883 5.
1598 3828 1739 3880 Sunt
1758 3824 2048 3898 “feminis
2068 3824 2140 3875 ad
2157 3820 2344 3876 ’celem
2367 3823 2454 3873 υἱ-

374 3907 555 3972 bet-um
598 3926 660 3960 ac
695 3909 925 3979 parentis
943 3928 959 3958 .·
1007 3925 1132 3961 nm
1170 3926 1233 3959 ea
1271 3924 1376 3959 vox
1453 3923 1543 3959 res.
1572 3908 1644 3959 Ut
1672 3904 1945 3969 Juvenal„
1976 3904 2085 3956 Sat.
2110 3904 2210 3967 vl,
2232 3921 2281 3952 v.
2315 3900 2410 3967 ¹34
2432 3921 2447 3952 ε

372 3991 533 4042 otiam
552 3987 657 4042 boc
672 4007 893 4041 numero
907 3988 975 4041 de
988 4007 1096 4042 uno
1112 3988 1222 4041 filio
1237 4001 1373 4059 saepe
1460 4010 1482 4034 ιι
1501 3988 1720 4040 Faciunt
1741 3986 1982 4058 graviora
2005 3996 2199 4035 coactae
2222 3983 2451 4052 Imperio

376 4072 650 4143 significat.
675 4071 839 4124 Gnon.
1460 4087 1483 4115 κ
1502 4085 1673 4120 sexus.
1695 4091 1716 4114 n·
1740 4094 1809 4108 -
1833 4066 1914 4119 sio
1936 4062 2086 4118 Ovid.
2110 4065 2228 4115 Her.
2250 4066 2347 4128 vl,
2373 4080 2450 4115 vs.

447 4155 501 4207 3.
541 4151 699 4205 Salva
736 4148 1033 4205 maerentia.
1074 4147 1377 4219 Explicatur
1460 4166 1583 4218 127:
1607 4173 1630 4196 ιι
1655 4148 1776 4200 Plus
1787 4146 2062 4201 eumden
2073 4161 2325 4196 noverca:
2344 4145 2449 4194 Me·

377 4232 483 4286 hoc
497 4231 636 4287 infra
646 4230 880 4286 Daciam.
899 4229 958 4283 5:
981 4250 1003 4274 ι
1019 4227 1211 4301 quibus
1232 4227 1375 4299 apud
1453 4227 1562 4280 deo
1574 4224 2031 4292 faciuntadacelus
2042 4242 2198 4276 omne
2208 4238 2449 4274 manus.-
