3200 5117
752 527 876 603 4¹08
1267 526 1357 585 M.
1409 524 1655 585 FABII
1704 524 2339 604 chleLlAM

748 647 928 734 imo,
978 668 1256 745 propter
1304 647 1490 746 quod
1540 647 1625 716 ad
1665 669 1963 718 mortem
2003 676 2217 746 usque
2265 650 2589 720 contendi
2630 677 2644 719 ε
2692 676 2853 720 non

747 762 1094 860 explicant
1130 784 1474 833 tormenta
1511 763 2000 860 quaestionem,
2036 790 2186 860 quae
2222 763 2564 834 occidunt.
2612 764 2851 852 Quid,

749 878 1015 975 inquit,
1053 877 1256 948 dixit?
1285 879 1558 949 felicem
1595 901 1659 948 te
1685 936 1703 966 ‚
1742 879 2023 966 misera,
2062 879 2112 947 si
2150 878 2405 966 nescis,
2434 877 2598 974 quid
2633 878 2804 948 dixit
2830 905 2851 948 :

747 993 835 1062 ita
870 1021 1008 1063 non
1043 1022 1112 1064 es
1148 1017 1474 1064 contenta
1510 995 1928 1064 conscientia
1965 995 2123 1065 tua?
2156 1020 2295 1062 non
2329 994 2624 1078 sufficit,
2651 992 2855 1090 quod

751 1136 892 1179 non
936 1109 1184 1179 habuit
1228 1109 1377 1196 ille,
1420 1110 1608 1207 quod
1656 1130 1966 1206 negaret,
2008 1109 2195 1206 quod
2232 1107 2594 1177 fateretur?
2622 1107 2854 1205 poscis

751 1226 958 1295 verba
981 1226 1410 1323 quaestionis,
1447 1226 1667 1321 cogis,
1706 1248 2099 1322 extorques:
2139 1246 2372 1310 testor,
2410 1245 2480 1293 tu
2513 1224 2718 1311 facis,
2756 1250 2851 1294 ne

750 1340 966 1437 possis
996 1368 1280 1437 negare,
1322 1339 1509 1437 quod
1546 1340 1801 1410 dixero.
1832 1339 2025 1427 Quid
2063 1338 2277 1408 dixit?
2311 1366 2582 1435 parasse
2611 1364 2680 1408 se
2711 1365 2853 1434 pa-

751 1454 1060 1527 rentibus
1093 1455 1493 1525 venenum?
1530 1482 1773 1550 negas:
1814 1454 2231 1552 proditionis
2266 1455 2546 1549 agitasse
2584 1480 2857 1522 sermo-

751 1569 915 1639 nes?
937 1596 1142 1666 negas
1170 1597 1183 1638 :
1214 1567 1596 1665 tyrannidis
1625 1568 1826 1638 inisse
1851 1566 2261 1637 consilium?
2287 1595 2533 1665 negas:
2568 1588 2633 1638 et
2657 1567 2861 1664 quid-

751 1686 923 1783 quid
952 1684 1221 1774 dixero,
1258 1684 1564 1782 negabis.
1594 1685 1661 1753 O
1694 1685 1891 1754 bonae
1924 1683 2354 1754 conscientiae
2389 1684 2665 1754 incauta
2695 1683 2863 1753 sim-

753 1801 1046 1899 plicitas!
1086 1802 1178 1872 ita
1209 1828 1348 1871 non
1381 1801 1615 1887 times,
1654 1827 1741 1870 ne
1773 1822 2045 1870 coactus
2082 1800 2272 1898 loqui
2302 1801 2520 1871 multa
2548 1801 2857 1897 fingam,

755 1919 980 1988 multa
1015 1916 1479 2015 componam?
1515 1916 1567 1987 si
1604 1938 1794 2014 potes
1833 1917 2035 2003 scire,
2074 1915 2358 2004 mulier,
2394 1944 2482 1986 an
2516 1916 2849 2002 mentiar,

753 2032 904 2120 sciS,
936 2033 1106 2130 quid
1136 2032 1402 2102 dixerit.
1422 2032 1618 2120 Quid
1645 2031 1858 2103 dixit?
1880 2031 2055 2101 nihil
2085 2059 2097 2100 z
2133 2031 2300 2127 quid
2334 2030 2539 2102 dixit?
2567 2030 2853 2118 omnia;

755 2146 1110 2216 maledixit
1133 2147 1396 2234 secu10,
1439 2147 1598 2216 fecit
1633 2147 2059 2244 temporibus
2086 2146 2853 2235 invidiam,detestatus

757 2283 855 2332 est
908 2284 1170 2359 patrem
1198 2319 1214 2348 ,
1275 2262 1685 2331 conviciatus
1736 2282 1830 2330 est
1886 2263 2083 2332 matri
2131 2289 2144 2331 :
2201 2261 2367 2359 quid
2420 2260 2637 2331 dixit?
2693 2258 2857 2358 plus

756 2405 967 2474 quam
1025 2377 1558 2472 interrogabam.
1615 2377 1888 2462 vicisti,
1954 2376 2240 2464 mulier,
2303 2376 2853 2448 obstinationem

758 2518 1032 2561 meam:
1080 2491 1242 2561 audi
1302 2491 1504 2561 breve
1557 2493 2128 2590 succinctumque
2180 2519 2622 2592 responsum,
2675 2491 2853 2590 quid

757 2607 1045 2694 dixerit;
1095 2609 1282 2705 quod
1319 2609 1599 2706 quaeris,
1640 2610 1825 2706 quod
1860 2631 2080 2707 putas.

872 2722 1026 2789 XV.
1082 2723 1149 2791 O
1185 2722 1237 2791 si
1290 2722 1443 2819 quis
1486 2723 1554 2792 in
1602 2722 1791 2793 illam
1830 2752 1942 2793 vos
1985 2723 2225 2794 secreti
2263 2724 2474 2793 nostri
2519 2722 2857 2821 potuisset

754 2836 1084 2908 adhibere
1109 2839 1578 2936 praesentiam!
1614 2839 1950 2910 vidissetis
1977 2866 2235 2909 novum
2275 2866 2491 2934 genus
2526 2837 2851 2937 quaestio·

753 2952 900 3040 niS‚
935 2952 1202 3023 stabam
1238 2980 1442 3023 senex
1476 2953 1675 3022 furiis
1709 2976 2099 3023 monstrosae
2135 2953 2419 3023 feritatis
2467 2953 2852 3037 accinctus,

756 3068 1081 3138 manibus
1118 3068 1424 3154 exsertis,
1459 3067 1622 3137 hinc
1650 3068 1960 3164 ignibus,
1990 3066 2151 3137 hinc
2188 3067 2587 3138 verberibus
2620 3093 2853 3137 arma—

753 3204 891 3253 tus:
920 3210 998 3252 su
1005 3211 1127 3281 per
1150 3211 1288 3270 ora,
1309 3211 1513 3282 super
1541 3183 1776 3254 oculos
1789 3184 2075 3283 jacentis
2099 3182 2412 3254 assistens
2430 3181 2855 3270 clamabam,

752 3297 1052 3384 furiose,
1113 3298 1434 3387 demens,
1491 3321 1634 3369 tace
1664 3314 1721 3368 ¹:
1773 3320 1837 3369 et
1886 3299 2001 3369 ille
2061 3300 2249 3372 velut
2292 3300 2540 3370 exustis
2590 3325 2853 3397 ampu-

755 3414 1084 3511 tatisque,
1130 3441 1252 3511 per
1294 3441 1446 3511 quae
1490 3414 1689 3484 dolor
1730 3415 1862 3484 exit
1898 3415 1969 3485 in
2015 3415 2253 3503 verba,
2301 3416 2434 3486 fuit
2476 3415 2850 3503 attonitum,

756 3554 1021 3597 amens,
1073 3528 1362 3617 Quoties
1404 3529 1702 3598 admotis
1748 3528 2025 3626 ignibus
2060 3531 2147 3600 ad
2193 3530 2504 3626 aliquam
2546 3528 2853 3627 corporis

756 3665 1020 3742 partem
1056 3700 1075 3732 ,
1136 3664 1362 3714 totum
1424 3666 1659 3743 pectus
1709 3645 2085 3741 imposuit?
2145 3644 2410 3741 quoties
2462 3644 2656 3716 hiatu
2713 3644 2853 3717 oris

757 3758 950 3830 avide
983 3757 1299 3829 flammas
1333 3759 1653 3831 adversus
1688 3761 2003 3832 exeuntia
2033 3760 2242 3832 verba
2276 3759 2588 3860 collegit?
2620 3786 2850 3859 quum

757 3897 913 3941 vero
949 3870 1102 3970 jam
1140 3892 1316 3943 totus
1351 3872 1535 3944 calor
1566 3874 1963 3946 verberibus
2005 3877 2360 3975 expulsus,
2408 3874 2670 3946 viribus
2713 3901 2853 3946 no-

755 3987 1015 4058 vissimi
1058 3987 1308 4060 doloris
1352 4013 1774 4090 erumperet,
1819 3993 2210 4090 pertractis²
2251 3992 2337 4063 ab
2379 3992 2523 4063 ima
2557 3990 2855 4091 pectoris

833 4185 875 4218 1.
907 4168 1127 4220 Demens
1152 4180 1274 4220 tace.
1307 4172 1559 4222 Francius
1594 4173 1760 4223 corri-
1913 4189 1959 4222 2.
2006 4174 2292 4225 Pet-tractis.
2352 4173 2537 4234 Forte,
2575 4170 2854 4241 protractis

753 4245 933 4318 gebat,
962 4258 1093 4301 taces
1111 4269 1125 4297 .·
1149 4248 1292 4318 quod
1319 4248 1511 4301 malim.
1533 4249 1624 4301 En.
1840 4251 1986 4322 quod
2003 4253 2187 4306 melius
2203 4251 2270 4306 de
2284 4252 2509 4324 suspiriis
2524 4248 2731 4305 dicitur.
2748 4249 2853 4304 Et.
