3200 5117
787 588 1061 653 DECL.
1107 587 1255 653 XV.
1305 586 1518 653 ODII
1568 587 1864 654 POTIO
1910 590 2004 652 11.
2313 587 2451 669 341*

354 710 699 803 serabilis,
733 738 947 810 quam
986 710 1316 810 pudenda
1345 710 1657 783 tristitia?
1690 711 1955 809 quoties
1989 733 2063 783 tu
2088 737 2442 784 venenum
2516 748 2521 752 ·

353 826 589 899 bibere
617 827 936 900 voluisti?
969 855 1112 899 non
1148 847 1245 899 est
1278 826 1516 926 igitur,
1538 825 1851 927 juveniS,
1889 826 2077 924 quod
2109 826 2237 898 tibi
2264 853 2447 926 que-

354 943 524 1013 raris
559 943 754 1015 illam
799 942 1237 1014 mitissimam
1278 961 1540 1039 partem
1582 940 1909 1012 humanae
1949 942 2201 1014 mentis
2242 941 2445 1014 abla-

351 1076 532 1146 tam,
578 1084 720 1128 non
756 1057 1147 1142 caritatem,
1182 1054 1300 1125 sed
1347 1053 1901 1153 impatientiam:
1937 1083 2081 1128 non
2117 1055 2441 1155 volupta-

351 1190 492 1243 tem
513 1229 531 1261 ,
562 1173 682 1244 sed
717 1192 1100 1259 tormenta;
1137 1197 1279 1241 non
1314 1196 1668 1261 amorem,
1708 1171 1826 1241 sed
1862 1171 2049 1270 quod
2082 1155 2446 1245 adamave-

354 1312 461 1356 ras
476 1341 494 1374 ,
522 1285 905 1384 perdidisti.
928 1284 1202 1356 Amoris
1220 1340 1241 1374 ,
1261 1284 1317 1355 si
1338 1284 1681 1383 sapientiae
1702 1311 2074 1383 sequamur
2096 1308 2401 1359 auctores
2417 1345 2452 1377 ,.

350 1403 923 1501 antiquissimum
960 1429 1228 1474 numen
1249 1459 1268 1493 ,
1300 1423 1365 1473 et
1399 1402 1512 1474 cui
1541 1429 1612 1475 se
1641 1422 1902 1474 naturae
1938 1404 2144 1475 debet
2169 1405 2404 1476 aeterni
2432 1447 2445 1458 ·

354 1538 493 1588 tas:
531 1517 652 1588 sed
685 1517 797 1589 ille
826 1518 1017 1590 mitis
1050 1539 1120 1590 et
1151 1518 1364 1591 serius
1392 1516 1704 1590 honestis
1728 1517 2223 1617 cupiditatibus
2251 1540 2317 1591 et
2342 1519 2453 1594 vi-.

353 1634 542 1705 ribus
563 1661 768 1706 sacrae
789 1635 1084 1708 caritatis
1105 1634 1451 1705 exsultans
1470 1691 1489 1723 ,
1514 1654 1590 1706 ut
1606 1633 1727 1730 qui
1749 1655 2002 1706 cuncta
2020 1634 2255 1733 priscae
2277 1662 2451 1707 noc-—

351 1750 436 1821 tis
456 1771 690 1848 operta
715 1751 1009 1850 caligine
1036 1750 1382 1853 diduxerit
1406 1751 1719 1848 primum
1739 1807 1758 1840 ,
1787 1750 2040 1822 deinde
2062 1751 2445 1822 miscuerit.

352 1863 486 1934 Hic
514 1890 709 1956 vero,
746 1891 885 1963 quo
911 1865 1198 1964 perditis
1224 1865 1596 1936 visceribus
1631 1865 2065 1937 adhaeremus
2099 1866 2395 1962 inquieti
2417 1924 2451 1954 ‚.

351 1976 758 2052 lascivientis
782 1980 1012 2051 adhuc
1041 1980 1250 2052 aetatis
1276 1979 1607 2051 instinctu
1642 1981 2112 2050 tumultuosus
2140 2006 2218 2050 ac
2248 2000 2441 2078 petu-

347 2094 534 2185 lanS,
568 2096 719 2167 telis
750 2097 1054 2168 funereis
1094 2096 1501 2193 facibusque
1534 2115 1863 2167 armatus.
1909 2099 2189 2166 Praestat
2229 2095 2440 2192 igitur

349 2209 465 2281 ille
500 2210 912 2282 mortalibus
940 2211 1194 2283 liberos
1222 2209 1351 2281 hac
1385 2210 1627 2282 usitata
1661 2209 1969 2307 conjugii
2005 2210 2291 2306 pietate:
2324 2207 2443 2280 hic

349 2323 640 2415 incesta,
674 2324 1044 2415 libidines,
1070 2323 1444 2413 adulteria,
1480 2324 1888 2394 meretrices.

443 2444 563 2513 XI.
605 2443 926 2514 Referam
970 2468 1162 2512 nunc
1202 2438 1553 2513 fabulosas
1596 2438 1961 2512 immodici
2002 2439 2252 2511 furoris
2293 2465 2449 2536 pro-

348 2555 785 2654 digiosasque
835 2557 1201 2645 novitateS,
1246 2577 1660 2653 conceptum
1705 2555 2172 2628 nescientibus
2217 2555 2437 2626 oculis

350 2670 571 2768 ignoti
601 2670 909 2742 hominis
937 2671 1341 2769 adspectum
1363 2684 1412 2758 ¹,
1437 2671 1738 2741 formam
1770 2671 1909 2743 suis
1941 2671 2013 2741 in
2046 2699 2117 2743 se
2149 2670 2443 2743 lumini·

347 2787 479 2857 bus
522 2786 921 2876 ardentem,
972 2786 1268 2883 virgines
1313 2805 1594 2886 patrum
1644 2806 1989 2858 senectute
2037 2785 2442 2884 flagrantes,

348 2900 754 2973 mortalium
795 2900 1240 2998 ferarumque
1266 2899 1496 2970 vultus
1536 2925 1753 2997 usque
1788 2899 1876 2970 ad
1909 2920 2304 2972 monstrosae
2334 2903 2439 2974 fe-

346 3017 720 3091 cunditatis
744 3043 954 3089 onera
981 3014 1317 3116 perlatos?
1343 3018 1446 3087 Ex
1473 3014 1806 3087 omnibus
1834 3035 2068 3086 tamen
2087 3071 2108 3103 ,
2139 3041 2289 3111 quae
2318 3041 2438 3085 no·

346 3132 448 3204 bis
472 3132 898 3231 patientibus
927 3151 1283 3229 extorquet
1307 3130 1593 3202 affectus
1611 3188 1630 3220 ,
1666 3129 1797 3201 hoc
1827 3129 2280 3201 saevissimum
2311 3155 2438 3227 pa-

347 3246 588 3337 timur,
629 3249 817 3345 quod
850 3276 1060 3322 nemo
1092 3246 1240 3321 vult
1283 3247 1357 3319 in
1392 3272 1628 3318 amore
1672 3245 1922 3317 sanari.
1964 3247 2112 3342 Ego
2156 3265 2433 3334 tamen,

347 3360 611 3457 inquit,
634 3388 864 3433 amare
890 3362 1209 3435 mallem:
1234 3362 1366 3435 hoc
1390 3382 1490 3435 est
1511 3387 1673 3461 ergo
1692 3419 1711 3452 ,
1745 3382 2021 3461 propter
2044 3361 2233 3459 quod
2259 3384 2435 3457 opus

347 3476 506 3547 odio
531 3477 685 3548 fuit.
716 3477 908 3550 Nihil
936 3479 1234 3578 agebant
1259 3479 1744 3579 castigationes
1763 3536 1781 3569 ,
1809 3504 1937 3550 nec
1964 3502 2195 3577 preces
2226 3507 2245 3566 ;
2274 3501 2432 3548 con·

346 3589 500 3661 silia
535 3592 1046 3691 perdebantur:
1084 3594 1244 3666 odio
1288 3594 1490 3667 debet
1521 3616 1795 3667 amator
1827 3591 2181 3693 explicari,
2219 3618 2431 3690 quem

344 3727 539 3780 sanat
570 3709 908 3784 adamata.
940 3714 1367 3810 Interrogare
1401 3732 1469 3785 te
1498 3711 1631 3784 hoc
1660 3711 1810 3785 loco
1840 3710 2043 3802 libet,
2078 3707 2429 3807 numquid

346 3848 666 3899 accusare
699 3852 926 3924 posses
944 3883 963 3915 ,
988 3826 1044 3898 si
1074 3827 1260 3926 quod
1284 3825 1453 3899 fecit
1472 3826 1990 3900 medicamento
2020 3823 2287 3923 puella,
2320 3824 2431 3894 fe-

345 3938 543 4011 cisset
568 3940 851 4013 animo?
883 3942 1117 4015 Licuit
1154 3964 1218 4015 te
1261 3969 1615 4043 reposcere
1636 4001 1654 4034 ,
1684 3964 2031 4042 quantum
2061 3964 2435 4010 numerare

421 4173 464 4209 ι.
491 4156 787 4229 Aspectum.
816 4158 899 4210 An
923 4169 1129 4230 aspectu
1158 4171 1217 4210 ut
1246 4159 1339 4210 «13-
1420 4161 1616 4213 referre
1640 4159 1870 4224 liberos,
1895 4174 2031 4229 quos
2050 4156 2295 4226 ignorant
2316 4172 2431 4205 mu-

343 4239 518 4305 sonis,
541 4237 763 4305 Thesei,
790 4238 1027 4292 Paridis?
1061 4240 1143 4292 An
1170 4258 1338 4312 aspec-
1418 4240 1570 4293 lieres
1592 4279 1610 4307 ‚
1648 4242 1771 4312 quia
1818 4238 1939 4290 illos
1974 4256 2082 4289 non
2125 4236 2294 4287 invite
2337 4232 2431 4285 ad·

341 4328 450 4370 tum
463 4355 481 4387 ,
498 4332 556 4372 ut
569 4318 892 4393 intelligatur
906 4320 1026 4374 illos
1040 4336 1177 4394 saepe
1190 4320 1340 4375 vultu
1418 4320 1738 4392 spuerunt?
1755 4317 1970 4370 Senot-r.
