3200 5117
814 553 937 616 382
1318 547 1409 608 M.
1461 542 1709 607 FABII
1756 542 2395 625 QUINTILIANI

809 672 1058 743 terium
1097 669 1181 738 de
1217 693 1331 737 me
1366 665 1566 736 facile
1607 664 1988 762 suspicatus
2018 689 2090 734 es
2113 719 2131 751 ,
2175 663 2312 735 cito
2341 665 2734 739 credidisti?
2763 695 2918 741 ma-

807 785 1088 857 tronalis
1122 783 1346 882 pudor
1387 780 1677 853 tutelam
1726 805 1867 852 non
1915 806 1993 850 ex
2032 806 2157 850 sua
2199 800 2471 852 tantum
2512 782 2917 856 innocentia

808 902 1052 988 habet;
1101 898 1465 968 infirmitas
1503 897 1716 997 hujus
1749 922 1945 966 sexus
1977 921 2118 965 non
2160 915 2380 994 potest
2408 917 2619 968 totam
2649 898 2918 996 impro-

805 1017 1041 1088 bitatis
1098 1013 1679 1085 existimationem
1727 1011 1979 1081 debere
2026 1030 2306 1082 tantum
2354 1012 2669 1083 moribus
2711 1013 2909 1083 suis:

808 1133 1039 1203 omnis
1074 1132 1144 1201 in
1180 1129 1480 1200 feminas
1519 1126 1710 1197 venit
1753 1125 2162 1196 maritorum
2206 1125 2684 1223 praedicatione
2723 1154 2911 1199 reve·

807 1249 1073 1337 rentia;
1128 1273 1373 1317 omnes
1418 1269 1771 1314 sermones
1816 1241 2159 1339 originem
2206 1242 2291 1314 de
2337 1245 2577 1317 vestris
2615 1247 2913 1344 pectori-

806 1366 937 1437 bus
962 1366 1346 1464 accipiunt:
1379 1362 1634 1433 tristior
1659 1361 1912 1448 vultuS,
1933 1360 2239 1458 querela,
2264 1362 2658 1453 fastidium,
2682 1366 2907 1435 fatum

806 1504 902 1553 est
943 1481 1277 1581 conjugii.
1324 1482 1427 1549 De
1470 1476 1738 1576 pudore
1783 1477 2233 1574 pronunciat,
2269 1478 2487 1550 mittit
2526 1480 2598 1550 in
2633 1508 2752 1552 ora
2784 1508 2907 1578 po-

805 1600 992 1697 puli,
1038 1599 1250 1669 mittit
1299 1597 1372 1666 in
1413 1595 1688 1666 fabulas
1730 1621 1743 1665 :
1795 1594 1924 1665 hoc
1963 1595 2280 1691 proxima
2316 1597 2700 1668 ministeria
2737 1623 2907 1669 nar-

805 1735 991 1801 rant,
1040 1714 1171 1784 hoc
1203 1712 1407 1783 exteri
1439 1730 1723 1810 putant:
1772 1734 1981 1780 nemo
2013 1709 2247 1809 pejore
2288 1712 2604 1810 exemplo
2641 1735 2901 1786 temere

802 1830 890 1899 de
938 1856 1145 1900 uxore
1180 1827 1428 1915 credit,
1481 1854 1695 1922 quam
1728 1825 1838 1896 cui
1874 1852 2121 1896 omnes
2151 1826 2473 1898 credituri
2501 1851 2687 1901 sunt.
2721 1832 2904 1902 Sane

803 1946 1014 2017 faciat
1056 1972 1171 2016 vos
1220 1971 1475 2043 pronos
1524 1943 1615 2015 ad
1663 1942 2088 2040 suspiciones
2133 1943 2353 2014 nimia
2400 1945 2678 2035 caritaS,
2723 1969 2794 2018 et
2821 1974 2906 2020 ex

804 2063 1245 2161 impatientia
1285 2060 1626 2158 diligendi
1664 2061 2081 2158 plerumque
2127 2060 2637 2154 descendat‚.ut
2664 2065 2903 2137 credas

799 2180 1032 2266 facile,
1068 2178 1256 2277 quod
1291 2178 1551 2247 timeas,
1592 2177 1876 2247 Furtiva
1910 2199 2143 2274 stupra
2174 2200 2533 2277 raptosque
2573 2182 2907 2254 concubi-

798 2317 908 2365 tus
933 2294 1207 2392 objiciat
1235 2294 1340 2363 vel
1368 2292 1540 2362 falso
1568 2291 1862 2363 maritus
1882 2350 1898 2379 ‚
1936 2294 2035 2361 fas
2063 2314 2195 2381 est,
2226 2294 2371 2364 fieri
2399 2295 2599 2387 solet,
2631 2297 2902 2395 parcius

799 2428 1034 2479 tamen
1054 2466 1072 2496 ‚
1105 2408 1157 2477 si
1183 2409 1332 2508 jam
1362 2407 1448 2476 sit
1476 2427 1545 2476 et
1576 2427 1792 2477 mater
1812 2464 1829 2494 ,
1865 2406 1917 2477 si
1953 2407 2025 2476 in
2059 2407 2273 2478 fidem
2300 2411 2628 2482 castitatis
2657 2414 2902 2485 uxoria

796 2523 1225 2596 fecunditate
1261 2521 1667 2619 profecerit:
1717 2522 1909 2610 Quid
1941 2522 1996 2593 si
2029 2521 2115 2593 sit
2147 2522 2297 2622 jam
2326 2525 2587 2623 juvene
2618 2553 2898 2627 quoque

799 2638 943 2709 filio
978 2637 1245 2708 severa?
1267 2635 1415 2736 jam
1442 2663 1706 2707 nurum
1737 2657 2163 2734 nepotesque
2189 2639 2604 2735 prospiciat?

894 2757 1014 2825 Vl.
1071 2753 1503 2825 Miseremini
1555 2774 1949 2850 temporum
1979 2812 1999 2842 ‚
2052 2780 2141 2826 ne
2190 2753 2431 2824 alienae
2482 2756 2895 2831 innocentie

797 2868 1442 2968 interpretationem
1486 2867 1570 2939 de
1607 2869 1743 2938 suis
1782 2869 2074 2966 quisque
2120 2869 2432 2941 moribus
2466 2870 2734 2942 trahat:
2786 2872 2898 2944 in—

796 3005 1055 3056 cestum
1109 3012 1303 3083 posse
1349 2984 1497 3055 fieri
1544 3005 1736 3080 pater
1776 2983 1906 3054 hoc
1951 2982 2094 3053 solo
2134 2984 2278 3053 vult
2319 2986 2655 3082 probare,
2703 2985 2895 3084 quod

798 3100 1026 3173 filium
1051 3102 1274 3200 potuit
1298 3101 1629 3172 occidere.
1660 3103 1963 3186 Rumor,
2000 3099 2257 3195 inquit,
2283 3099 2453 3170 fuit:
2487 3122 2556 3172 et
2578 3102 2891 3174 hercules

796 3218 909 3288 cui
948 3240 1183 3290 contra
1218 3243 1447 3287 rerum
1487 3238 1845 3302 naturam,
1884 3237 2116 3284 contra
2152 3235 2463 3313 parentes
2500 3216 2890 3315 liberosque

796 3332 1134 3405 credatur.
1163 3335 1430 3402 Rumor
1450 3330 1619 3403 fuit:
1648 3329 1781 3400 hoc
1805 3357 1966 3428 ergo
1993 3330 2086 3401 sic
2106 3329 2498 3419 audiemus,
2526 3352 2889 3429 tamquam

796 3447 849 3518 si
868 3447 1124 3519 diceres
1143 3506 1161 3537 ,
1191 3446 1502 3518 conscius
1526 3445 1770 3516 detulit
1789 3472 2050 3532 servus;
2086 3446 2437 3518 nunciavit
2456 3446 2743 3534 ancilla3
2769 3448 2891 3518 im·

795 3564 1100 3661 provisus
1126 3562 1389 3645 adstiti;
1417 3561 1590 3630 dum
1618 3586 1760 3631 non
1786 3560 2032 3648 timeo,
2060 3562 2344 3631 adveni:
2378 3588 2574 3658 rogo,
2590 3562 2887 3662 judicet,

795 3696 1033 3748 utrum
1079 3674 1479 3747 credibilius
1525 3675 1784 3771 putatis
1833 3676 2175 3746 incestum
2222 3676 2306 3747 de
2356 3697 2616 3765 matre,
2668 3703 2757 3748 an
2802 3677 2888 3750 de

794 3815 1073 3861 rumore
1121 3787 1624 3861 mendacium?
1671 3815 1816 3858 rem
1863 3789 2536 3887 impudentissimam
2585 3790 2887 3888 populus

794 3906 1147 4003 loquendo
1176 3907 1463 3990 fecerat,
1495 3904 1629 3978 nisi
1660 3928 1849 4002 pater
1879 3905 2301 3978 credidisset.
2333 3907 2759 3997 Pessimum,
2780 3908 2887 4009 ju-

795 4023 1014 4114 dices,
1051 4024 1523 4094 humanarum
1552 4024 1899 4093 mentium
1933 4024 2203 4094 malum
2230 4045 2361 4112 est,
2398 4023 2587 4122 quod
2615 4051 2885 4123 semper

793 4140 1056 4212 avidius
1083 4140 1384 4211 nefanda
1413 4140 1774 4238 finguntur
1801 4169 1813 4210 :
1848 4166 1975 4211 nec
2001 4169 2296 4240 usquam
2318 4169 2387 4212 se
2411 4140 2637 4241 majus
2661 4166 2884 4239 operae

796 4259 1095 4353 pretium
1125 4276 1372 4356 putant
1399 4255 1694 4354 maligni
1730 4257 1953 4329 facere
1987 4283 2373 4346 sermoneS,
2407 4283 2625 4356 quam
2655 4282 2883 4355 quum
