<?xml version="1.0" encoding="UTF-8"?>
<!DOCTYPE html PUBLIC "-//W3C//DTD XHTML 1.0 Transitional//EN"
    "http://www.w3.org/TR/xhtml1/DTD/xhtml1-transitional.dtd">
<html xmlns="http://www.w3.org/1999/xhtml" xml:lang="en" lang="en">
 <head>
  <title>
</title>
<meta http-equiv="Content-Type" content="text/html;charset=utf-8" />
  <meta name='ocr-system' content='tesseract 3.04.00' />
  <meta name='ocr-capabilities' content='ocr_page ocr_carea ocr_par ocr_line ocrx_word'/>
</head>
<body>
  <div class='ocr_page' id='page_1' title='image "./deinstitutioneo01flacgoog_0398.png"; bbox 0 0 3200 5117; ppageno 0'>
   <div class='ocr_carea' id='block_1_1' title="bbox 756 542 2334 626">
    <p class='ocr_par' dir='ltr' id='par_1_1' title="bbox 756 542 2334 626">
     <span class='ocr_line' id='line_1_1' title="bbox 756 542 2334 626; baseline -0.001 -18"><span class='ocrx_word' id='word_1_1' title='bbox 756 547 880 626; x_wconf 68' lang='lat'><strong>354</strong></span> <span class='ocrx_word' id='word_1_2' title='bbox 1254 544 1345 604; x_wconf 88' lang='grc' dir='ltr'><strong>Μ.</strong></span> <span class='ocrx_word' id='word_1_3' title='bbox 1399 543 1645 605; x_wconf 86' lang='lat' dir='ltr'><strong>FABll</strong></span> <span class='ocrx_word' id='word_1_4' title='bbox 1694 542 2334 623; x_wconf 87' lang='lat' dir='ltr'><strong>QUINTILIANI</strong></span> 
     </span>
    </p>
   </div>
   <div class='ocr_carea' id='block_1_2' title="bbox 727 661 2854 3760">
    <p class='ocr_par' dir='ltr' id='par_1_2' title="bbox 727 661 2854 3760">
     <span class='ocr_line' id='line_1_2' title="bbox 753 661 2854 760; baseline 0 -22"><span class='ocrx_word' id='word_1_5' title='bbox 753 667 972 754; x_wconf 83' lang='lat' dir='ltr'><strong>flebis,</strong></span> <span class='ocrx_word' id='word_1_6' title='bbox 1006 686 1362 760; x_wconf 85' lang='lat' dir='ltr'>tamquam</span> <span class='ocrx_word' id='word_1_7' title='bbox 1395 663 1615 735; x_wconf 85' lang='lat' dir='ltr'><strong>solvar</strong></span> <span class='ocrx_word' id='word_1_8' title='bbox 1643 663 1713 733; x_wconf 90' lang='lat' dir='ltr'><strong>in</strong></span> <span class='ocrx_word' id='word_1_9' title='bbox 1740 661 2018 752; x_wconf 78' lang='lat' dir='ltr'>lectule,</span> <span class='ocrx_word' id='word_1_10' title='bbox 2052 683 2411 759; x_wconf 84' lang='lat' dir='ltr'><strong>tamquam</strong></span> <span class='ocrx_word' id='word_1_11' title='bbox 2438 664 2508 734; x_wconf 89' lang='lat' dir='ltr'><strong>in</strong></span> <span class='ocrx_word' id='word_1_12' title='bbox 2541 664 2671 736; x_wconf 90' lang='lat' dir='ltr'><strong>tuis</strong></span> <span class='ocrx_word' id='word_1_13' title='bbox 2701 693 2854 738; x_wconf 82' lang='lat' dir='ltr'><strong>ma-</strong></span> 
     </span>
     <span class='ocr_line' id='line_1_3' title="bbox 749 776 2843 877; baseline 0 -25"><span class='ocrx_word' id='word_1_14' title='bbox 749 783 955 852; x_wconf 88' lang='lat' dir='ltr'><strong>nibus</strong></span> <span class='ocrx_word' id='word_1_15' title='bbox 978 779 1336 877; x_wconf 81' lang='lat' dir='ltr'><strong>exspirem.</strong></span> <span class='ocrx_word' id='word_1_16' title='bbox 1363 781 1440 847; x_wconf 90' lang='lat' dir='ltr'><strong>ln</strong></span> <span class='ocrx_word' id='word_1_17' title='bbox 1465 776 1887 875; x_wconf 86' lang='lat' dir='ltr'><strong>quibusdam</strong></span> <span class='ocrx_word' id='word_1_18' title='bbox 1915 776 2429 850; x_wconf 82' lang='lat' dir='ltr'><strong>calamitatibus</strong></span> <span class='ocrx_word' id='word_1_19' title='bbox 2456 778 2843 877; x_wconf 79' lang='lat' dir='ltr'><strong>desperatio</strong></span> 
     </span>
     <span class='ocr_line' id='line_1_4' title="bbox 747 890 2839 989; baseline -0.001 -21"><span class='ocrx_word' id='word_1_20' title='bbox 747 924 892 968; x_wconf 86' lang='lat' dir='ltr'><strong>non</strong></span> <span class='ocrx_word' id='word_1_21' title='bbox 924 916 1023 965; x_wconf 90' lang='lat' dir='ltr'><strong>est</strong></span> <span class='ocrx_word' id='word_1_22' title='bbox 1050 920 1370 964; x_wconf 87' lang='lat' dir='ltr'><strong>summus</strong></span> <span class='ocrx_word' id='word_1_23' title='bbox 1399 892 1724 980; x_wconf 88' lang='lat' dir='ltr'><strong>affectus;</strong></span> <span class='ocrx_word' id='word_1_24' title='bbox 1759 912 1822 961; x_wconf 89' lang='lat' dir='ltr'><strong>et</strong></span> <span class='ocrx_word' id='word_1_25' title='bbox 1860 890 2171 989; x_wconf 90' lang='lat' dir='ltr'><strong>quisquis</strong></span> <span class='ocrx_word' id='word_1_26' title='bbox 2207 891 2573 964; x_wconf 88' lang='lat' dir='ltr'><strong>orbitatem</strong></span> <span class='ocrx_word' id='word_1_27' title='bbox 2614 895 2839 966; x_wconf 88' lang='lat' dir='ltr'><strong>statim</strong></span> 
     </span>
     <span class='ocr_line' id='line_1_5' title="bbox 746 1006 2841 1103; baseline 0 -22"><span class='ocrx_word' id='word_1_28' title='bbox 746 1010 991 1098; x_wconf 86' lang='lat' dir='ltr'><strong>credit,</strong></span> <span class='ocrx_word' id='word_1_29' title='bbox 1029 1007 1303 1079; x_wconf 83' lang='lat' dir='ltr'><strong>festinat</strong></span> <span class='ocrx_word' id='word_1_30' title='bbox 1344 1007 1429 1076; x_wconf 88' lang='lat' dir='ltr'><strong>ad</strong></span> <span class='ocrx_word' id='word_1_31' title='bbox 1475 1006 1923 1103; x_wconf 72' lang='lat' dir='ltr'><strong>impatientiae</strong></span> <span class='ocrx_word' id='word_1_32' title='bbox 1965 1006 2419 1098; x_wconf 69' lang='lat' dir='ltr'><strong>securitatem.</strong></span> <span class='ocrx_word' id='word_1_33' title='bbox 2470 1009 2841 1082; x_wconf 86' lang='lat' dir='ltr'><strong>Insimules</strong></span> 
     </span>
     <span class='ocr_line' id='line_1_6' title="bbox 745 1119 2839 1218; baseline 0.001 -24"><span class='ocrx_word' id='word_1_34' title='bbox 745 1124 925 1209; x_wconf 85' lang='lat' dir='ltr'><strong>licet,</strong></span> <span class='ocrx_word' id='word_1_35' title='bbox 962 1142 1201 1210; x_wconf 84' lang='lat' dir='ltr'><strong>mater,</strong></span> <span class='ocrx_word' id='word_1_36' title='bbox 1236 1142 1442 1192; x_wconf 81' lang='lat' dir='ltr'><strong>tantae</strong></span> <span class='ocrx_word' id='word_1_37' title='bbox 1472 1147 1594 1218; x_wconf 89' lang='lat' dir='ltr'><strong>pro</strong></span> <span class='ocrx_word' id='word_1_38' title='bbox 1615 1147 1727 1191; x_wconf 89' lang='lat' dir='ltr'><strong>me</strong></span> <span class='ocrx_word' id='word_1_39' title='bbox 1748 1119 2226 1217; x_wconf 66' lang='lat' dir='ltr'><strong>impatientia-2³,</strong></span> <span class='ocrx_word' id='word_1_40' title='bbox 2246 1144 2384 1192; x_wconf 89' lang='lat' dir='ltr'><strong>tam</strong></span> <span class='ocrx_word' id='word_1_41' title='bbox 2415 1122 2839 1196; x_wconf 87' lang='lat' dir='ltr'><strong>incredibilis</strong></span> 
     </span>
     <span class='ocr_line' id='line_1_7' title="bbox 747 1233 2839 1333; baseline 0 -25"><span class='ocrx_word' id='word_1_42' title='bbox 747 1239 1069 1324; x_wconf 88' lang='lat' dir='ltr'><strong>affectus,</strong></span> <span class='ocrx_word' id='word_1_43' title='bbox 1101 1235 1363 1307; x_wconf 91' lang='lat' dir='ltr'><strong>amicus</strong></span> <span class='ocrx_word' id='word_1_44' title='bbox 1405 1261 1553 1304; x_wconf 88' lang='lat' dir='ltr'><strong>rem</strong></span> <span class='ocrx_word' id='word_1_45' title='bbox 1585 1233 2053 1304; x_wconf 87' lang='lat' dir='ltr'><strong>difficiliorem</strong></span> <span class='ocrx_word' id='word_1_46' title='bbox 2091 1235 2288 1325; x_wconf 89' lang='lat' dir='ltr'><strong>fecit,</strong></span> <span class='ocrx_word' id='word_1_47' title='bbox 2324 1238 2514 1333; x_wconf 91' lang='lat' dir='ltr'><strong>quod</strong></span> <span class='ocrx_word' id='word_1_48' title='bbox 2553 1239 2839 1309; x_wconf 84' lang='lat' dir='ltr'><strong>servavit</strong></span> 
     </span>
     <span class='ocr_line' id='line_1_8' title="bbox 745 1348 2834 1449; baseline 0 -25"><span class='ocrx_word' id='word_1_49' title='bbox 745 1352 979 1424; x_wconf 89' lang='lat' dir='ltr'><strong>oculos</strong></span> <span class='ocrx_word' id='word_1_50' title='bbox 1014 1377 1209 1439; x_wconf 88' lang='lat' dir='ltr'><strong>suos,</strong></span> <span class='ocrx_word' id='word_1_51' title='bbox 1241 1372 1317 1421; x_wconf 90' lang='lat' dir='ltr'><strong>ut</strong></span> <span class='ocrx_word' id='word_1_52' title='bbox 1355 1348 1775 1446; x_wconf 76' lang='lat' dir='ltr'><strong>alligaretur.</strong></span> <span class='ocrx_word' id='word_1_53' title='bbox 1814 1349 1928 1418; x_wconf 90' lang='lat' dir='ltr'><strong>Dii</strong></span> <span class='ocrx_word' id='word_1_54' title='bbox 1970 1350 2288 1448; x_wconf 83' lang='lat' dir='ltr'><strong>deaeque!</strong></span> <span class='ocrx_word' id='word_1_55' title='bbox 2327 1375 2674 1449; x_wconf 90' lang='lat' dir='ltr'><strong>quantum</strong></span> <span class='ocrx_word' id='word_1_56' title='bbox 2716 1353 2834 1424; x_wconf 85' lang='lat' dir='ltr'><strong>ille</strong></span> 
     </span>
     <span class='ocr_line' id='line_1_9' title="bbox 741 1466 2832 1567; baseline 0.001 -28"><span class='ocrx_word' id='word_1_57' title='bbox 741 1469 1092 1567; x_wconf 74' lang='lat' dir='ltr'><strong>praestitit,</strong></span> <span class='ocrx_word' id='word_1_58' title='bbox 1124 1468 1243 1567; x_wconf 90' lang='lat' dir='ltr'><strong>qui</strong></span> <span class='ocrx_word' id='word_1_59' title='bbox 1276 1466 1447 1537; x_wconf 89' lang='lat' dir='ltr'><strong>mihi</strong></span> <span class='ocrx_word' id='word_1_60' title='bbox 1481 1467 1725 1537; x_wconf 86' lang='lat' dir='ltr'><strong>invidit</strong></span> <span class='ocrx_word' id='word_1_61' title='bbox 1755 1493 2034 1563; x_wconf 84' lang='lat' dir='ltr'><strong>poenam</strong></span> <span class='ocrx_word' id='word_1_62' title='bbox 2063 1495 2292 1538; x_wconf 89' lang='lat' dir='ltr'><strong>meam</strong></span> <span class='ocrx_word' id='word_1_63' title='bbox 2314 1526 2331 1558; x_wconf 94' lang='lat'><strong>,</strong></span> <span class='ocrx_word' id='word_1_64' title='bbox 2365 1497 2491 1541; x_wconf 91' lang='lat' dir='ltr'><strong>nec</strong></span> <span class='ocrx_word' id='word_1_65' title='bbox 2525 1471 2832 1542; x_wconf 84' lang='lat' dir='ltr'><strong>recessit!</strong></span> 
     </span>
     <span class='ocr_line' id='line_1_10' title="bbox 740 1584 2831 1686; baseline 0.001 -31"><span class='ocrx_word' id='word_1_66' title='bbox 740 1586 896 1673; x_wconf 87' lang='lat' dir='ltr'><strong>ille,</strong></span> <span class='ocrx_word' id='word_1_67' title='bbox 934 1586 1050 1656; x_wconf 92' lang='lat' dir='ltr'><strong>ille</strong></span> <span class='ocrx_word' id='word_1_68' title='bbox 1093 1584 1473 1656; x_wconf 88' lang='lat' dir='ltr'><strong>terribilem</strong></span> <span class='ocrx_word' id='word_1_69' title='bbox 1514 1611 1853 1654; x_wconf 89' lang='lat' dir='ltr'><strong>carcerem</strong></span> <span class='ocrx_word' id='word_1_70' title='bbox 1886 1584 2081 1670; x_wconf 86' lang='lat' dir='ltr'><strong>facit,</strong></span> <span class='ocrx_word' id='word_1_71' title='bbox 2123 1587 2242 1683; x_wconf 92' lang='lat' dir='ltr'><strong>qui</strong></span> <span class='ocrx_word' id='word_1_72' title='bbox 2282 1588 2446 1658; x_wconf 91' lang='lat' dir='ltr'><strong>inde</strong></span> <span class='ocrx_word' id='word_1_73' title='bbox 2488 1589 2831 1686; x_wconf 89' lang='lat' dir='ltr'><strong>procedit:</strong></span> 
     </span>
     <span class='ocr_line' id='line_1_11' title="bbox 732 1701 2833 1804; baseline 0.001 -31"><span class='ocrx_word' id='word_1_74' title='bbox 732 1705 876 1804; x_wconf 88' lang='lat' dir='ltr'><strong>jam</strong></span> <span class='ocrx_word' id='word_1_75' title='bbox 905 1729 1044 1772; x_wconf 88' lang='lat' dir='ltr'><strong>non</strong></span> <span class='ocrx_word' id='word_1_76' title='bbox 1078 1701 1380 1797; x_wconf 80' lang='lat' dir='ltr'><strong>corporis</strong></span> <span class='ocrx_word' id='word_1_77' title='bbox 1411 1729 1625 1768; x_wconf 84' lang='lat' dir='ltr'><strong>nexus</strong></span> <span class='ocrx_word' id='word_1_78' title='bbox 1661 1702 1990 1773; x_wconf 79' lang='lat' dir='ltr'><strong>haerebat:</strong></span> <span class='ocrx_word' id='word_1_79' title='bbox 2028 1729 2154 1773; x_wconf 92' lang='lat' dir='ltr'><strong>nec</strong></span> <span class='ocrx_word' id='word_1_80' title='bbox 2181 1704 2373 1774; x_wconf 85' lang='lat' dir='ltr'><strong>aliud</strong></span> <span class='ocrx_word' id='word_1_81' title='bbox 2400 1732 2613 1800; x_wconf 89' lang='lat' dir='ltr'><strong>quam</strong></span> <span class='ocrx_word' id='word_1_82' title='bbox 2643 1732 2833 1776; x_wconf 89' lang='lat' dir='ltr'><strong>rese-</strong></span> 
     </span>
     <span class='ocr_line' id='line_1_12' title="bbox 739 1816 2832 1917; baseline 0.002 -30"><span class='ocrx_word' id='word_1_83' title='bbox 739 1818 986 1888; x_wconf 89' lang='lat' dir='ltr'><strong>derant</strong></span> <span class='ocrx_word' id='word_1_84' title='bbox 1011 1816 1317 1914; x_wconf 88' lang='lat' dir='ltr'><strong>pondere</strong></span> <span class='ocrx_word' id='word_1_85' title='bbox 1346 1835 1599 1885; x_wconf 88' lang='lat' dir='ltr'><strong>catenae</strong></span> <span class='ocrx_word' id='word_1_86' title='bbox 1622 1871 1638 1902; x_wconf 93' lang='lat'><strong>,</strong></span> <span class='ocrx_word' id='word_1_87' title='bbox 1668 1818 2064 1914; x_wconf 90' lang='lat' dir='ltr'><strong>consumpti</strong></span> <span class='ocrx_word' id='word_1_88' title='bbox 2098 1818 2310 1915; x_wconf 80' lang='lat' dir='ltr'><strong>longo</strong></span> <span class='ocrx_word' id='word_1_89' title='bbox 2334 1820 2644 1917; x_wconf 88' lang='lat' dir='ltr'><strong>squalore</strong></span> <span class='ocrx_word' id='word_1_90' title='bbox 2668 1821 2832 1892; x_wconf 88' lang='lat' dir='ltr'><strong>vul-</strong></span> 
     </span>
     <span class='ocr_line' id='line_1_13' title="bbox 739 1928 2724 2029; baseline 0 -26"><span class='ocrx_word' id='word_1_91' title='bbox 739 1955 881 2020; x_wconf 80' lang='lat' dir='ltr'><strong>tuS,</strong></span> <span class='ocrx_word' id='word_1_92' title='bbox 915 1951 1245 2002; x_wconf 87' lang='lat' dir='ltr'><strong>concretae</strong></span> <span class='ocrx_word' id='word_1_93' title='bbox 1275 1929 1592 1999; x_wconf 87' lang='lat' dir='ltr'><strong>noctibus</strong></span> <span class='ocrx_word' id='word_1_94' title='bbox 1625 1928 2010 2028; x_wconf 88' lang='lat' dir='ltr'><strong>diebusque</strong></span> <span class='ocrx_word' id='word_1_95' title='bbox 2036 1958 2241 2029; x_wconf 88' lang='lat' dir='ltr'><strong>super</strong></span> <span class='ocrx_word' id='word_1_96' title='bbox 2265 1960 2381 2002; x_wconf 87' lang='lat' dir='ltr'><strong>ora</strong></span> <span class='ocrx_word' id='word_1_97' title='bbox 2412 1933 2724 2005; x_wconf 84' lang='lat' dir='ltr'><strong>lacrimae.</strong></span> 
     </span>
     <span class='ocr_line' id='line_1_14' title="bbox 834 2043 2833 2143; baseline 0.002 -27"><span class='ocrx_word' id='word_1_98' title='bbox 834 2049 950 2116; x_wconf 82' lang='lat' dir='ltr'><strong>lx.</strong></span> <span class='ocrx_word' id='word_1_99' title='bbox 982 2045 1446 2134; x_wconf 89' lang='lat' dir='ltr'><strong>Miseremini,</strong></span> <span class='ocrx_word' id='word_1_100' title='bbox 1466 2043 1742 2143; x_wconf 88' lang='lat' dir='ltr'><strong>judices</strong></span> <span class='ocrx_word' id='word_1_101' title='bbox 1762 2101 1780 2133; x_wconf 98' lang='lat'><strong>,</strong></span> <span class='ocrx_word' id='word_1_102' title='bbox 1810 2071 1897 2114; x_wconf 92' lang='lat' dir='ltr'><strong>ne</strong></span> <span class='ocrx_word' id='word_1_103' title='bbox 1918 2046 2163 2141; x_wconf 90' lang='lat' dir='ltr'><strong>perdat</strong></span> <span class='ocrx_word' id='word_1_104' title='bbox 2186 2047 2660 2119; x_wconf 84' lang='lat' dir='ltr'><strong>auctoritatem</strong></span> <span class='ocrx_word' id='word_1_105' title='bbox 2682 2076 2833 2120; x_wconf 91' lang='lat' dir='ltr'><strong>me-</strong></span> 
     </span>
     <span class='ocr_line' id='line_1_15' title="bbox 737 2159 2830 2259; baseline 0 -26"><span class='ocrx_word' id='word_1_106' title='bbox 737 2164 947 2233; x_wconf 88' lang='lat' dir='ltr'><strong>ritum</strong></span> <span class='ocrx_word' id='word_1_107' title='bbox 970 2219 986 2249; x_wconf 92' lang='lat'><strong>,</strong></span> <span class='ocrx_word' id='word_1_108' title='bbox 1017 2162 1203 2257; x_wconf 91' lang='lat' dir='ltr'><strong>quod</strong></span> <span class='ocrx_word' id='word_1_109' title='bbox 1231 2161 1410 2230; x_wconf 86' lang='lat' dir='ltr'><strong>ultra</strong></span> <span class='ocrx_word' id='word_1_110' title='bbox 1438 2159 2009 2256; x_wconf 86' lang='lat' dir='ltr'><strong>exspectationem</strong></span> <span class='ocrx_word' id='word_1_111' title='bbox 2034 2181 2167 2231; x_wconf 88' lang='lat' dir='ltr'><strong>est:</strong></span> <span class='ocrx_word' id='word_1_112' title='bbox 2198 2162 2435 2259; x_wconf 91' lang='lat' dir='ltr'><strong>ponite</strong></span> <span class='ocrx_word' id='word_1_113' title='bbox 2460 2163 2588 2234; x_wconf 88' lang='lat' dir='ltr'><strong>sub</strong></span> <span class='ocrx_word' id='word_1_114' title='bbox 2615 2163 2830 2234; x_wconf 86' lang='lat' dir='ltr'><strong>oculis</strong></span> 
     </span>
     <span class='ocr_line' id='line_1_16' title="bbox 731 2276 2827 2374; baseline 0 -26"><span class='ocrx_word' id='word_1_115' title='bbox 731 2278 1078 2373; x_wconf 79' lang='lat' dir='ltr'><strong>alligatOS,</strong></span> <span class='ocrx_word' id='word_1_116' title='bbox 1114 2303 1415 2374; x_wconf 89' lang='lat' dir='ltr'><strong>quorum</strong></span> <span class='ocrx_word' id='word_1_117' title='bbox 1459 2276 1757 2345; x_wconf 88' lang='lat' dir='ltr'><strong>alterum</strong></span> <span class='ocrx_word' id='word_1_118' title='bbox 1787 2276 2052 2346; x_wconf 89' lang='lat' dir='ltr'><strong>amicus</strong></span> <span class='ocrx_word' id='word_1_119' title='bbox 2092 2277 2494 2366; x_wconf 79' lang='lat' dir='ltr'><strong>redemerit,</strong></span> <span class='ocrx_word' id='word_1_120' title='bbox 2533 2277 2827 2349; x_wconf 87' lang='lat' dir='ltr'><strong>alterum</strong></span> 
     </span>
     <span class='ocr_line' id='line_1_17' title="bbox 734 2387 2824 2488; baseline 0 -26"><span class='ocrx_word' id='word_1_121' title='bbox 734 2412 981 2462; x_wconf 85' lang='lat' dir='ltr'><strong>mater:</strong></span> <span class='ocrx_word' id='word_1_122' title='bbox 1008 2416 1169 2484; x_wconf 77' lang='lat' dir='ltr'><strong>rogo</strong></span> <span class='ocrx_word' id='word_1_123' title='bbox 1193 2408 1342 2458; x_wconf 87' lang='lat' dir='ltr'><strong>uter</strong></span> <span class='ocrx_word' id='word_1_124' title='bbox 1363 2387 1516 2484; x_wconf 89' lang='lat' dir='ltr'><strong>plus</strong></span> <span class='ocrx_word' id='word_1_125' title='bbox 1543 2387 1819 2465; x_wconf 80' lang='lat' dir='ltr'><strong>fecerit?</strong></span> <span class='ocrx_word' id='word_1_126' title='bbox 1843 2389 2031 2459; x_wconf 87' lang='lat' dir='ltr'><strong>Bone</strong></span> <span class='ocrx_word' id='word_1_127' title='bbox 2047 2390 2337 2487; x_wconf 78' lang='lat' dir='ltr'><strong>Jupiter,</strong></span> <span class='ocrx_word' id='word_1_128' title='bbox 2360 2419 2573 2488; x_wconf 88' lang='lat' dir='ltr'><strong>quam</strong></span> <span class='ocrx_word' id='word_1_129' title='bbox 2592 2391 2787 2463; x_wconf 84' lang='lat' dir='ltr'><strong>avide</strong></span> <span class='ocrx_word' id='word_1_130' title='bbox 2805 2449 2824 2480; x_wconf 90' lang='lat'><strong>,</strong></span> 
     </span>
     <span class='ocr_line' id='line_1_18' title="bbox 733 2503 2825 2605; baseline 0 -29"><span class='ocrx_word' id='word_1_131' title='bbox 733 2532 950 2605; x_wconf 87' lang='lat' dir='ltr'><strong>quam</strong></span> <span class='ocrx_word' id='word_1_132' title='bbox 979 2504 1244 2574; x_wconf 89' lang='lat' dir='ltr'><strong>fortiter</strong></span> <span class='ocrx_word' id='word_1_133' title='bbox 1271 2503 1552 2572; x_wconf 85' lang='lat' dir='ltr'><strong>vincula</strong></span> <span class='ocrx_word' id='word_1_134' title='bbox 1584 2523 1817 2574; x_wconf 87' lang='lat' dir='ltr'><strong>nostra</strong></span> <span class='ocrx_word' id='word_1_135' title='bbox 1849 2505 2189 2576; x_wconf 81' lang='lat' dir='ltr'><strong>tractavit!</strong></span> <span class='ocrx_word' id='word_1_136' title='bbox 2229 2506 2489 2604; x_wconf 89' lang='lat' dir='ltr'><strong>quibus</strong></span> <span class='ocrx_word' id='word_1_137' title='bbox 2522 2505 2637 2577; x_wconf 87' lang='lat' dir='ltr'><strong>ille</strong></span> <span class='ocrx_word' id='word_1_138' title='bbox 2666 2535 2825 2605; x_wconf 88' lang='lat' dir='ltr'><strong>pre-</strong></span> 
     </span>
     <span class='ocr_line' id='line_1_19' title="bbox 733 2619 2824 2721; baseline 0.002 -29"><span class='ocrx_word' id='word_1_139' title='bbox 733 2623 929 2693; x_wconf 87' lang='lat' dir='ltr'><strong>cibus</strong></span> <span class='ocrx_word' id='word_1_140' title='bbox 983 2621 1240 2717; x_wconf 78' lang='lat' dir='ltr'><strong>exegit,</strong></span> <span class='ocrx_word' id='word_1_141' title='bbox 1285 2641 1360 2688; x_wconf 92' lang='lat' dir='ltr'><strong>ut</strong></span> <span class='ocrx_word' id='word_1_142' title='bbox 1407 2619 1537 2689; x_wconf 88' lang='lat' dir='ltr'><strong>sibi</strong></span> <span class='ocrx_word' id='word_1_143' title='bbox 1598 2620 2023 2692; x_wconf 87' lang='lat' dir='ltr'><strong>crederetur!</strong></span> <span class='ocrx_word' id='word_1_144' title='bbox 2073 2623 2338 2719; x_wconf 88' lang='lat' dir='ltr'><strong>accipe,</strong></span> <span class='ocrx_word' id='word_1_145' title='bbox 2381 2622 2650 2721; x_wconf 89' lang='lat' dir='ltr'><strong>inquit,</strong></span> <span class='ocrx_word' id='word_1_146' title='bbox 2701 2625 2824 2696; x_wconf 87' lang='lat' dir='ltr'><strong>has</strong></span> 
     </span>
     <span class='ocr_line' id='line_1_20' title="bbox 731 2734 2825 2836; baseline 0.002 -31"><span class='ocrx_word' id='word_1_147' title='bbox 731 2763 1016 2823; x_wconf 80' lang='lat' dir='ltr'><strong>manuS,</strong></span> <span class='ocrx_word' id='word_1_148' title='bbox 1048 2735 1193 2806; x_wconf 80' lang='lat' dir='ltr'><strong>haec</strong></span> <span class='ocrx_word' id='word_1_149' title='bbox 1230 2734 1584 2821; x_wconf 79' lang='lat' dir='ltr'><strong>membra,</strong></span> <span class='ocrx_word' id='word_1_150' title='bbox 1620 2736 1676 2806; x_wconf 87' lang='lat' dir='ltr'><strong>si</strong></span> <span class='ocrx_word' id='word_1_151' title='bbox 1706 2735 1851 2806; x_wconf 82' lang='lat' dir='ltr'><strong>fieri</strong></span> <span class='ocrx_word' id='word_1_152' title='bbox 1882 2757 2138 2836; x_wconf 89' lang='lat' dir='ltr'><strong>potest,</strong></span> <span class='ocrx_word' id='word_1_153' title='bbox 2173 2759 2247 2808; x_wconf 89' lang='lat' dir='ltr'><strong>ut</strong></span> <span class='ocrx_word' id='word_1_154' title='bbox 2276 2739 2585 2810; x_wconf 86' lang='lat' dir='ltr'><strong>amicum</strong></span> <span class='ocrx_word' id='word_1_155' title='bbox 2622 2740 2825 2813; x_wconf 88' lang='lat' dir='ltr'><strong>matri</strong></span> 
     </span>
     <span class='ocr_line' id='line_1_21' title="bbox 732 2850 2824 2954; baseline 0.002 -32"><span class='ocrx_word' id='word_1_156' title='bbox 732 2853 1198 2924; x_wconf 87' lang='lat' dir='ltr'><strong>remittamus:</strong></span> <span class='ocrx_word' id='word_1_157' title='bbox 1234 2850 1304 2920; x_wconf 90' lang='lat' dir='ltr'><strong>in</strong></span> <span class='ocrx_word' id='word_1_158' title='bbox 1339 2871 1561 2921; x_wconf 89' lang='lat' dir='ltr'><strong>totum</strong></span> <span class='ocrx_word' id='word_1_159' title='bbox 1595 2851 1919 2949; x_wconf 81' lang='lat' dir='ltr'><strong>explebo,</strong></span> <span class='ocrx_word' id='word_1_160' title='bbox 1950 2854 2005 2923; x_wconf 87' lang='lat' dir='ltr'><strong>si</strong></span> <span class='ocrx_word' id='word_1_161' title='bbox 2035 2853 2329 2944; x_wconf 87' lang='lat' dir='ltr'><strong>videtur,</strong></span> <span class='ocrx_word' id='word_1_162' title='bbox 2353 2854 2609 2927; x_wconf 73' lang='lat' dir='ltr'><strong>vicaria</strong></span> <span class='ocrx_word' id='word_1_163' title='bbox 2624 2884 2824 2954; x_wconf 83' lang='lat' dir='ltr'><strong>poena</strong></span> 
     </span>
     <span class='ocr_line' id='line_1_22' title="bbox 733 2965 2825 3065; baseline 0.001 -29"><span class='ocrx_word' id='word_1_164' title='bbox 733 2968 966 3039; x_wconf 88' lang='lat' dir='ltr'><strong>locum</strong></span> <span class='ocrx_word' id='word_1_165' title='bbox 994 2965 1410 3036; x_wconf 90' lang='lat' dir='ltr'><strong>recedentis:</strong></span> <span class='ocrx_word' id='word_1_166' title='bbox 1445 2965 1551 3036; x_wconf 88' lang='lat' dir='ltr'><strong>vel</strong></span> <span class='ocrx_word' id='word_1_167' title='bbox 1576 2966 1632 3035; x_wconf 88' lang='lat' dir='ltr'><strong>si</strong></span> <span class='ocrx_word' id='word_1_168' title='bbox 1657 2966 1756 3036; x_wconf 91' lang='lat' dir='ltr'><strong>vis</strong></span> <span class='ocrx_word' id='word_1_169' title='bbox 1785 2968 2020 3065; x_wconf 89' lang='lat' dir='ltr'><strong>utique</strong></span> <span class='ocrx_word' id='word_1_170' title='bbox 2050 2968 2175 3038; x_wconf 89' lang='lat' dir='ltr'><strong>tibi</strong></span> <span class='ocrx_word' id='word_1_171' title='bbox 2203 2970 2482 3042; x_wconf 85' lang='lat' dir='ltr'><strong>dimissa</strong></span> <span class='ocrx_word' id='word_1_172' title='bbox 2504 2969 2825 3040; x_wconf 85' lang='lat' dir='ltr'><strong>membra</strong></span> 
     </span>
     <span class='ocr_line' id='line_1_23' title="bbox 734 3081 2827 3183; baseline 0.002 -32"><span class='ocrx_word' id='word_1_173' title='bbox 734 3082 1029 3169; x_wconf 87' lang='lat' dir='ltr'><strong>restitui,</strong></span> <span class='ocrx_word' id='word_1_174' title='bbox 1073 3081 1381 3180; x_wconf 89' lang='lat' dir='ltr'><strong>spondeo</strong></span> <span class='ocrx_word' id='word_1_175' title='bbox 1426 3107 1922 3179; x_wconf 88' lang='lat' dir='ltr'><strong>quemcunque</strong></span> <span class='ocrx_word' id='word_1_176' title='bbox 1960 3084 2249 3183; x_wconf 87' lang='lat' dir='ltr'><strong>jusseris</strong></span> <span class='ocrx_word' id='word_1_177' title='bbox 2295 3105 2522 3182; x_wconf 86' lang='lat' dir='ltr'><strong>aperto</strong></span> <span class='ocrx_word' id='word_1_178' title='bbox 2562 3083 2827 3182; x_wconf 77' lang='lat' dir='ltr'><strong>jugulo</strong></span> 
     </span>
     <span class='ocr_line' id='line_1_24' title="bbox 733 3195 2816 3297; baseline 0.002 -30"><span class='ocrx_word' id='word_1_179' title='bbox 733 3197 946 3268; x_wconf 90' lang='lat' dir='ltr'><strong>diem.</strong></span> <span class='ocrx_word' id='word_1_180' title='bbox 985 3196 1233 3266; x_wconf 85' lang='lat' dir='ltr'><strong>Fidem</strong></span> <span class='ocrx_word' id='word_1_181' title='bbox 1262 3195 1552 3266; x_wconf 88' lang='lat' dir='ltr'><strong>deorum</strong></span> <span class='ocrx_word' id='word_1_182' title='bbox 1584 3196 2103 3293; x_wconf 89' lang='lat' dir='ltr'><strong>hominumque</strong></span> <span class='ocrx_word' id='word_1_183' title='bbox 2130 3198 2150 3269; x_wconf 70' lang='lat' dir='ltr'><strong>l</strong></span> <span class='ocrx_word' id='word_1_184' title='bbox 2183 3200 2353 3297; x_wconf 88' lang='lat' dir='ltr'><strong>quid</strong></span> <span class='ocrx_word' id='word_1_185' title='bbox 2382 3227 2524 3271; x_wconf 90' lang='lat' dir='ltr'><strong>non</strong></span> <span class='ocrx_word' id='word_1_186' title='bbox 2554 3201 2816 3271; x_wconf 84' lang='lat' dir='ltr'><strong>factum</strong></span> 
     </span>
     <span class='ocr_line' id='line_1_25' title="bbox 732 3312 2819 3412; baseline 0.001 -30"><span class='ocrx_word' id='word_1_187' title='bbox 732 3334 864 3400; x_wconf 89' lang='lat' dir='ltr'><strong>est,</strong></span> <span class='ocrx_word' id='word_1_188' title='bbox 911 3332 989 3383; x_wconf 88' lang='lat' dir='ltr'><strong>ut</strong></span> <span class='ocrx_word' id='word_1_189' title='bbox 1030 3312 1338 3382; x_wconf 86' lang='lat' dir='ltr'><strong>amicum</strong></span> <span class='ocrx_word' id='word_1_190' title='bbox 1381 3339 1620 3382; x_wconf 90' lang='lat' dir='ltr'><strong>meum</strong></span> <span class='ocrx_word' id='word_1_191' title='bbox 1669 3314 2063 3410; x_wconf 76' lang='lat' dir='ltr'><strong>poeniteret?</strong></span> <span class='ocrx_word' id='word_1_192' title='bbox 2110 3315 2459 3412; x_wconf 80' lang='lat' dir='ltr'><strong>ingestum</strong></span> <span class='ocrx_word' id='word_1_193' title='bbox 2504 3331 2636 3388; x_wconf 90' lang='lat' dir='ltr'><strong>est¹</strong></span> <span class='ocrx_word' id='word_1_194' title='bbox 2688 3316 2819 3386; x_wconf 89' lang='lat' dir='ltr'><strong>mi-</strong></span> 
     </span>
     <span class='ocr_line' id='line_1_26' title="bbox 729 3429 2826 3531; baseline 0.001 -30"><span class='ocrx_word' id='word_1_195' title='bbox 729 3456 876 3501; x_wconf 90' lang='lat' dir='ltr'><strong>sero</strong></span> <span class='ocrx_word' id='word_1_196' title='bbox 918 3429 1091 3500; x_wconf 84' lang='lat' dir='ltr'><strong>illud</strong></span> <span class='ocrx_word' id='word_1_197' title='bbox 1127 3430 1412 3500; x_wconf 85' lang='lat' dir='ltr'><strong>carceris</strong></span> <span class='ocrx_word' id='word_1_198' title='bbox 1447 3429 2035 3528; x_wconf 85' lang='lat' dir='ltr'><strong>tenebrarumque</strong></span> <span class='ocrx_word' id='word_1_199' title='bbox 2078 3455 2456 3518; x_wconf 85' lang='lat' dir='ltr'><strong>secretum3</strong></span> <span class='ocrx_word' id='word_1_200' title='bbox 2496 3433 2826 3531; x_wconf 79' lang='lat' dir='ltr'><strong>graviori-</strong></span> 
     </span>
     <span class='ocr_line' id='line_1_27' title="bbox 727 3542 2816 3638; baseline 0.001 -23"><span class='ocrx_word' id='word_1_201' title='bbox 727 3544 859 3615; x_wconf 87' lang='lat' dir='ltr'><strong>bus</strong></span> <span class='ocrx_word' id='word_1_202' title='bbox 884 3542 1174 3616; x_wconf 89' lang='lat' dir='ltr'><strong>vinculis</strong></span> <span class='ocrx_word' id='word_1_203' title='bbox 1196 3569 1370 3638; x_wconf 85' lang='lat' dir='ltr'><strong>opus</strong></span> <span class='ocrx_word' id='word_1_204' title='bbox 1396 3570 1534 3612; x_wconf 86' lang='lat' dir='ltr'><strong>esse</strong></span> <span class='ocrx_word' id='word_1_205' title='bbox 1563 3544 1860 3615; x_wconf 81' lang='lat' dir='ltr'><strong>carnifex</strong></span> <span class='ocrx_word' id='word_1_206' title='bbox 1888 3545 2050 3616; x_wconf 86' lang='lat' dir='ltr'><strong>dixit</strong></span> <span class='ocrx_word' id='word_1_207' title='bbox 2070 3547 2155 3616; x_wconf 84' lang='lat' dir='ltr'><strong>ad</strong></span> <span class='ocrx_word' id='word_1_208' title='bbox 2180 3548 2452 3617; x_wconf 87' lang='lat' dir='ltr'><strong>bonum</strong></span> <span class='ocrx_word' id='word_1_209' title='bbox 2475 3548 2816 3617; x_wconf 88' lang='lat' dir='ltr'><strong>amicum:</strong></span> 
     </span>
     <span class='ocr_line' id='line_1_28' title="bbox 731 3653 2816 3760; baseline 0.001 -29"><span class='ocrx_word' id='word_1_210' title='bbox 731 3660 1051 3732; x_wconf 86' lang='lat' dir='ltr'><strong>accedere</strong></span> <span class='ocrx_word' id='word_1_211' title='bbox 1086 3659 1173 3728; x_wconf 89' lang='lat' dir='ltr'><strong>ad</strong></span> <span class='ocrx_word' id='word_1_212' title='bbox 1209 3658 1380 3728; x_wconf 89' lang='lat' dir='ltr'><strong>illud</strong></span> <span class='ocrx_word' id='word_1_213' title='bbox 1426 3658 1654 3730; x_wconf 89' lang='lat' dir='ltr'><strong>cubile</strong></span> <span class='ocrx_word' id='word_1_214' title='bbox 1684 3659 1857 3760; x_wconf 87' lang='lat' dir='ltr'><strong>jussi</strong></span> <span class='ocrx_word' id='word_1_215' title='bbox 1896 3685 2057 3733; x_wconf 88' lang='lat' dir='ltr'><strong>sunt</strong></span> <span class='ocrx_word' id='word_1_216' title='bbox 2101 3663 2423 3734; x_wconf 87' lang='lat' dir='ltr'><strong>homines</strong></span> <span class='ocrx_word' id='word_1_217' title='bbox 2458 3653 2816 3751; x_wconf 62' lang='lat' dir='ltr'><strong>nocentes,</strong></span> 
     </span>
    </p>
   </div>
   <div class='ocr_carea' id='block_1_3' title="bbox 721 3792 2833 4351">
    <p class='ocr_par' dir='ltr' id='par_1_3' title="bbox 721 3792 2833 4351">
     <span class='ocr_line' id='line_1_29' title="bbox 805 3792 2825 3866; baseline 0.002 -24"><span class='ocrx_word' id='word_1_218' title='bbox 805 3811 847 3842; x_wconf 90' lang='lat'><strong>1.</strong></span> <span class='ocrx_word' id='word_1_219' title='bbox 888 3794 1148 3862; x_wconf 69' lang='lat' dir='ltr'><strong>Inqestum</strong></span> <span class='ocrx_word' id='word_1_220' title='bbox 1187 3803 1274 3841; x_wconf 79' lang='lat' dir='ltr'><strong>est.</strong></span> <span class='ocrx_word' id='word_1_221' title='bbox 1319 3792 1576 3864; x_wconf 65' lang='lat' dir='ltr'><strong>Ingestum</strong></span> <span class='ocrx_word' id='word_1_222' title='bbox 1596 3816 1615 3853; x_wconf 91' lang='lat'><em>;</em></span> <span class='ocrx_word' id='word_1_223' title='bbox 1655 3807 1732 3843; x_wconf 88' lang='lat' dir='ltr'><strong>est</strong></span> <span class='ocrx_word' id='word_1_224' title='bbox 1819 3817 1838 3838; x_wconf 78' lang='grc' dir='ltr'><strong><em>κ</em></strong></span> <span class='ocrx_word' id='word_1_225' title='bbox 1862 3797 2013 3846; x_wconf 87' lang='lat' dir='ltr'><strong>sinit:</strong></span> <span class='ocrx_word' id='word_1_226' title='bbox 2042 3796 2133 3847; x_wconf 88' lang='lat' dir='ltr'><strong>sed</strong></span> <span class='ocrx_word' id='word_1_227' title='bbox 2159 3812 2429 3848; x_wconf 83' lang='lat' dir='ltr'><strong>auctorem</strong></span> <span class='ocrx_word' id='word_1_228' title='bbox 2456 3815 2609 3847; x_wconf 84' lang='lat' dir='ltr'><strong>suum</strong></span> <span class='ocrx_word' id='word_1_229' title='bbox 2630 3797 2825 3866; x_wconf 78' lang='lat' dir='ltr'><strong>ingerit</strong></span> 
     </span>
     <span class='ocr_line' id='line_1_30' title="bbox 727 3872 2818 3950; baseline 0 -24"><span class='ocrx_word' id='word_1_230' title='bbox 727 3889 848 3926; x_wconf 81' lang='lat' dir='ltr'><strong>ante</strong></span> <span class='ocrx_word' id='word_1_231' title='bbox 874 3873 1058 3923; x_wconf 86' lang='lat' dir='ltr'><strong>oculos</strong></span> <span class='ocrx_word' id='word_1_232' title='bbox 1083 3876 1341 3942; x_wconf 82' lang='lat' dir='ltr'><strong>positum,</strong></span> <span class='ocrx_word' id='word_1_233' title='bbox 1363 3872 1731 3925; x_wconf 85' lang='lat' dir='ltr'><strong>denuntiatum</strong></span> <span class='ocrx_word' id='word_1_234' title='bbox 1818 3899 1839 3920; x_wconf 81' lang='lat' dir='ltr'><strong>u</strong></span> <span class='ocrx_word' id='word_1_235' title='bbox 1862 3891 1912 3928; x_wconf 83' lang='lat' dir='ltr'><strong>ct</strong></span> <span class='ocrx_word' id='word_1_236' title='bbox 1950 3878 2194 3929; x_wconf 86' lang='lat' dir='ltr'><strong>inculcat.</strong></span> <span class='ocrx_word' id='word_1_237' title='bbox 2221 3903 2247 3924; x_wconf 65' lang='lat' dir='ltr'><strong>n</strong></span> <span class='ocrx_word' id='word_1_238' title='bbox 2286 3879 2368 3930; x_wconf 74' lang='lat' dir='ltr'><strong>Sic</strong></span> <span class='ocrx_word' id='word_1_239' title='bbox 2400 3891 2457 3928; x_wconf 84' lang='lat' dir='ltr'><strong>et</strong></span> <span class='ocrx_word' id='word_1_240' title='bbox 2487 3877 2655 3950; x_wconf 73' lang='lat' dir='ltr'><strong>iayert‘</strong></span> <span class='ocrx_word' id='word_1_241' title='bbox 2685 3875 2818 3940; x_wconf 84' lang='lat' dir='ltr'><strong>dici,</strong></span> 
     </span>
     <span class='ocr_line' id='line_1_31' title="bbox 726 3954 2816 4027; baseline -0 -20"><span class='ocrx_word' id='word_1_242' title='bbox 726 3976 825 4027; x_wconf 87' lang='lat' dir='ltr'><strong>per·</strong></span> <span class='ocrx_word' id='word_1_243' title='bbox 840 3957 1023 4016; x_wconf 85' lang='lat' dir='ltr'><strong>minas;</strong></span> <span class='ocrx_word' id='word_1_244' title='bbox 1041 3957 1113 4004; x_wconf 86' lang='lat' dir='ltr'><strong>ita</strong></span> <span class='ocrx_word' id='word_1_245' title='bbox 1128 3954 1726 4026; x_wconf 76' lang='lat' dir='ltr'><strong>Claud.Rapt.ln,220:</strong></span> <span class='ocrx_word' id='word_1_246' title='bbox 1813 3974 1929 4026; x_wconf 73' lang='lat' dir='ltr'><strong>quae</strong></span> <span class='ocrx_word' id='word_1_247' title='bbox 1969 3958 2024 4007; x_wconf 85' lang='lat' dir='ltr'><strong>in</strong></span> <span class='ocrx_word' id='word_1_248' title='bbox 2067 3959 2263 4007; x_wconf 83' lang='lat' dir='ltr'><strong>somnis</strong></span> <span class='ocrx_word' id='word_1_249' title='bbox 2300 3956 2460 4008; x_wconf 71' lang='lat' dir='ltr'><strong>nobis</strong></span> <span class='ocrx_word' id='word_1_250' title='bbox 2496 3968 2816 4018; x_wconf 71' lang='lat' dir='ltr'><strong>occurrunt,</strong></span> 
     </span>
     <span class='ocr_line' id='line_1_32' title="bbox 730 4033 2814 4107; baseline -0.001 -23"><span class='ocrx_word' id='word_1_251' title='bbox 730 4060 751 4084; x_wconf 69' lang='lat' dir='ltr'>a</span> <span class='ocrx_word' id='word_1_252' title='bbox 774 4040 942 4088; x_wconf 87' lang='lat' dir='ltr'><strong>Prima</strong></span> <span class='ocrx_word' id='word_1_253' title='bbox 960 4041 1138 4088; x_wconf 85' lang='lat' dir='ltr'><strong>Venus</strong></span> <span class='ocrx_word' id='word_1_254' title='bbox 1160 4056 1375 4107; x_wconf 81' lang='lat' dir='ltr'><strong>campos</strong></span> <span class='ocrx_word' id='word_1_255' title='bbox 1397 4040 1731 4107; x_wconf 81' lang='lat' dir='ltr'><strong>Hennaeaque</strong></span> <span class='ocrx_word' id='word_1_256' title='bbox 1813 4033 1995 4085; x_wconf 81' lang='lat' dir='ltr'><strong>docuit</strong></span> <span class='ocrx_word' id='word_1_257' title='bbox 2038 4037 2283 4087; x_wconf 85' lang='lat' dir='ltr'><strong>Heinsius</strong></span> <span class='ocrx_word' id='word_1_258' title='bbox 2326 4034 2393 4085; x_wconf 74' lang='lat' dir='ltr'><strong>ad</strong></span> <span class='ocrx_word' id='word_1_259' title='bbox 2435 4034 2622 4086; x_wconf 66' lang='lat' dir='ltr'><strong>Claud.</strong></span> <span class='ocrx_word' id='word_1_260' title='bbox 2662 4036 2814 4105; x_wconf 81' lang='lat' dir='ltr'><strong>Rapt.</strong></span> 
     </span>
     <span class='ocr_line' id='line_1_33' title="bbox 728 4112 2816 4188; baseline -0 -21"><span class='ocrx_word' id='word_1_261' title='bbox 728 4145 749 4167; x_wconf 70' lang='lat' dir='ltr'><strong>u</strong></span> <span class='ocrx_word' id='word_1_262' title='bbox 771 4139 891 4171; x_wconf 87' lang='lat' dir='ltr'><strong>rura</strong></span> <span class='ocrx_word' id='word_1_263' title='bbox 911 4118 1142 4188; x_wconf 70' lang='lat' dir='ltr'><strong>maligno</strong></span> <span class='ocrx_word' id='word_1_264' title='bbox 1164 4121 1357 4188; x_wconf 75' lang='lat' dir='ltr'><strong>Ingerit</strong></span> <span class='ocrx_word' id='word_1_265' title='bbox 1376 4119 1573 4170; x_wconf 82' lang='lat' dir='ltr'><strong>afflatu.</strong></span> <span class='ocrx_word' id='word_1_266' title='bbox 1599 4144 1619 4165; x_wconf 75' lang='lat' dir='ltr'><strong>n</strong></span> <span class='ocrx_word' id='word_1_267' title='bbox 1647 4121 1732 4170; x_wconf 87' lang='lat' dir='ltr'><strong>Se-</strong></span> <span class='ocrx_word' id='word_1_268' title='bbox 1810 4114 1910 4177; x_wconf 80' lang='lat'><strong>111,</strong></span> <span class='ocrx_word' id='word_1_269' title='bbox 1943 4132 2017 4164; x_wconf 80' lang='lat' dir='ltr'><strong>vs·</strong></span> <span class='ocrx_word' id='word_1_270' title='bbox 2060 4114 2144 4165; x_wconf 84' lang='lat'><strong>81.</strong></span> <span class='ocrx_word' id='word_1_271' title='bbox 2182 4114 2334 4164; x_wconf 73' lang='lat' dir='ltr'><strong>Nost·</strong></span> <span class='ocrx_word' id='word_1_272' title='bbox 2372 4112 2522 4164; x_wconf 72' lang='lat' dir='ltr'><strong>dect..</strong></span> <span class='ocrx_word' id='word_1_273' title='bbox 2544 4114 2816 4183; x_wconf 61' lang='lat' dir='ltr'><strong>“qt-lenti,</strong></span> 
     </span>
     <span class='ocr_line' id='line_1_34' title="bbox 721 4195 2833 4265; baseline -0.003 -14"><span class='ocrx_word' id='word_1_274' title='bbox 721 4219 834 4251; x_wconf 85' lang='lat' dir='ltr'><strong>nec.</strong></span> <span class='ocrx_word' id='word_1_275' title='bbox 876 4198 942 4250; x_wconf 88' lang='lat' dir='ltr'><strong>de</strong></span> <span class='ocrx_word' id='word_1_276' title='bbox 981 4199 1159 4249; x_wconf 84' lang='lat' dir='ltr'><strong>Benef.</strong></span> <span class='ocrx_word' id='word_1_277' title='bbox 1199 4201 1252 4261; x_wconf 85' lang='lat'><strong>1,</strong></span> <span class='ocrx_word' id='word_1_278' title='bbox 1295 4215 1383 4248; x_wconf 82' lang='lat'><strong>12:</strong></span> <span class='ocrx_word' id='word_1_279' title='bbox 1426 4221 1446 4242; x_wconf 76' lang='lat' dir='ltr'><strong>a</strong></span> <span class='ocrx_word' id='word_1_280' title='bbox 1469 4198 1571 4249; x_wconf 89' lang='lat' dir='ltr'><strong>Ubi</strong></span> <span class='ocrx_word' id='word_1_281' title='bbox 1607 4212 1727 4250; x_wconf 79' lang='lat' dir='ltr'><strong>ante</strong></span> <span class='ocrx_word' id='word_1_282' title='bbox 1811 4214 1926 4265; x_wconf 78' lang='lat' dir='ltr'><strong>cap.</strong></span> <span class='ocrx_word' id='word_1_283' title='bbox 1951 4196 2012 4259; x_wconf 68' lang='grc' dir='ltr'><strong>[μ</strong></span> <span class='ocrx_word' id='word_1_284' title='bbox 2047 4219 2068 4240; x_wconf 77' lang='grc' dir='ltr'><strong>ιι</strong></span> <span class='ocrx_word' id='word_1_285' title='bbox 2089 4196 2348 4259; x_wconf 84' lang='lat' dir='ltr'><strong>Mortem,</strong></span> <span class='ocrx_word' id='word_1_286' title='bbox 2381 4213 2541 4265; x_wconf 83' lang='lat' dir='ltr'><strong>quam</strong></span> <span class='ocrx_word' id='word_1_287' title='bbox 2568 4195 2833 4264; x_wconf 72' lang='lat' dir='ltr'><strong>promise—</strong></span> 
     </span>
     <span class='ocr_line' id='line_1_35' title="bbox 726 4275 2713 4351; baseline -0.004 -20"><span class='ocrx_word' id='word_1_288' title='bbox 726 4302 749 4326; x_wconf 77' lang='grc' dir='ltr'>κ</span> <span class='ocrx_word' id='word_1_289' title='bbox 772 4280 952 4331; x_wconf 88' lang='lat' dir='ltr'><strong>oculos</strong></span> <span class='ocrx_word' id='word_1_290' title='bbox 992 4290 1100 4343; x_wconf 81' lang='lat' dir='ltr'><strong>est,</strong></span> <span class='ocrx_word' id='word_1_291' title='bbox 1140 4291 1190 4330; x_wconf 85' lang='lat' dir='ltr'><strong>et</strong></span> <span class='ocrx_word' id='word_1_292' title='bbox 1230 4275 1465 4329; x_wconf 84' lang='lat' dir='ltr'><strong>oblivisci</strong></span> <span class='ocrx_word' id='word_1_293' title='bbox 1503 4278 1582 4329; x_wconf 85' lang='lat' dir='ltr'><strong>sui</strong></span> <span class='ocrx_word' id='word_1_294' title='bbox 1617 4296 1724 4328; x_wconf 91' lang='lat' dir='ltr'><strong>non</strong></span> <span class='ocrx_word' id='word_1_295' title='bbox 1808 4296 1950 4346; x_wconf 80' lang='lat' dir='ltr'><strong>ram,</strong></span> <span class='ocrx_word' id='word_1_296' title='bbox 1972 4295 2133 4351; x_wconf 82' lang='lat' dir='ltr'><strong>quam</strong></span> <span class='ocrx_word' id='word_1_297' title='bbox 2161 4275 2400 4330; x_wconf 75' lang='lat' dir='ltr'><strong>minabar</strong></span> <span class='ocrx_word' id='word_1_298' title='bbox 2422 4277 2656 4347; x_wconf 62' lang='lat' dir='ltr'><strong>ingenit.</strong></span> <span class='ocrx_word' id='word_1_299' title='bbox 2680 4297 2713 4322; x_wconf 68' lang='grc' dir='ltr'><strong>ι</strong></span> 
     </span>
    </p>
   </div>
  </div>
 </body>
</html>
