3200 5117
688 518 1324 590 DECLAMATIO
1369 522 1510 588 111.
1551 521 1746 590 PRO
1789 524 2169 592 MILITE.
2391 525 2476 615 57

386 668 675 720 sonante
713 648 869 721 ideo
906 630 1241 720 stationes
1264 645 1545 734 circuis,
1597 646 1757 720 ideo
1787 647 2050 746 vigilias
2086 647 2333 721 ambis.
2364 652 2474 722 En

384 790 599 862 quem
634 763 999 840 tribunum
1032 764 1328 851 faceres,
1363 790 1591 860 quum
1637 765 2009 862 praetextati
2040 763 2480 838 militabant?

384 903 530 950 non
575 879 688 951 hic
726 879 1068 979 professus
1112 899 1212 950 est
1255 877 1487 951 furor?
1538 904 1684 951 non
1720 879 2083 953 manifesta
2125 879 2482 953 dementia

385 991 529 1065 est?
555 993 745 1066 vides
795 993 1153 1066 munitum
1190 992 1422 1092 gladio
1453 992 1669 1085 latus,
1710 993 1996 1068 loricam
2046 996 2230 1069 ferro
2280 1004 2482 1096 aspe-

384 1134 534 1181 ram
553 1164 573 1199 ,
608 1109 915 1181 clausam
951 1107 1139 1207 galea
1170 1109 1464 1198 faciem,
1498 1130 1567 1182 et
1591 1110 1680 1181 ad
1701 1130 2032 1183 terrorem
2056 1110 2220 1184 belli
2250 1112 2480 1185 cristas

386 1225 766 1314 minantes,
800 1224 1216 1322 inscriptum
1248 1224 1321 1296 in
1347 1245 1540 1297 scuto
1568 1228 1651 1297 C.
1684 1226 1894 1298 Marii
1929 1254 2222 1316 nomen,
2248 1248 2478 1299 totum

384 1341 692 1449 denique
716 1340 944 1411 virum
976 1340 1229 1412 martio
1252 1339 1493 1412 habitu
1518 1340 1954 1415 horrentem:
1980 1344 2091 1416 hic
2106 1343 2231 1416 tibi
2252 1342 2482 1416 cultus

387 1456 735 1560 prostituti
767 1455 1084 1526 videtur?
1123 1454 1504 1554 appellabis
1557 1456 1645 1528 de
1693 1458 1971 1558 stupro?
2013 1460 2158 1532 vim
2189 1457 2483 1543 afferes?

387 1569 589 1664 Quid
613 1569 867 1642 deinde
886 1569 1268 1668 exspectas?
1288 1589 1369 1642 ut
1398 1570 1512 1642 ille
1538 1592 1602 1643 te
1624 1571 1990 1646 tribunum
2010 1595 2236 1704 putet,
2254 1600 2478 1674 quum
2541 1629 2546 1632 Α

360 1705 463 1760 ,ιιι
502 1685 709 1758 ἰΙΙιιιιι
734 1711 881 1758 ιιοιι
916 1704 1114 1783 putes
1147 1685 1443 1757 militem
1461 1685 1524 1756 ¹?
1551 1708 1745 1764 vacat
1768 1688 1954 1760 enim
1985 1688 2169 1760 vitiis
2195 1688 2479 1778 nostris,

391 1822 456 1875 et
483 1802 571 1875 ad
600 1829 815 1874 omne
848 1821 1085 1874 votum
1115 1801 1379 1874 fluente
1407 1803 1729 1876 fortuna²
1765 1802 2027 1876 lascivit
2066 1804 2287 1878 otium
2307 1862 2328 1895 ,
2361 1823 2486 1875 aut

389 1919 462 1991 in
480 1945 561 1991 eo
579 1918 823 1991 saltem
847 1939 1025 1990 statu
1046 1915 1437 2016 respublica
1456 1939 1555 1990 est
1568 1976 1589 2009 ,
1613 1939 1691 1992 ut
1703 1917 1787 1991 ad
1807 1918 2309 2008 restituendam
2326 1943 2482 1991 eam

388 2033 547 2106 satis
578 2032 668 2106 sit
700 2032 956 2109 milites
986 2031 1383 2132 impudicos
1416 2059 1559 2105 non
1591 2059 1758 2105 esse.

486 2148 676 2219 xm.
732 2148 890 2221 Non
940 2147 1027 2219 de
1079 2146 1490 2247 prolatando
1529 2147 1662 2220 tibi
1698 2147 1994 2248 imperio
2032 2174 2136 2221 res
2178 2167 2313 2221 est:
2353 2173 2484 2221 nec

390 2261 919 2353 transmarinas,
948 2283 1028 2335 ut
1054 2290 1318 2362 nuper,
1353 2263 1741 2362 provincias
1774 2264 2108 2363 petimus:
2145 2261 2233 2335 de
2267 2262 2485 2335 Italiae

390 2381 818 2479 possessione
851 2400 1185 2472 certatur,
1216 2407 1341 2480 pro
1375 2381 1511 2454 aris
1537 2381 1847 2479 focisque
1879 2380 2353 2454 constitimus:
2390 2405 2482 2452 an

391 2493 539 2569 baec
557 2495 799 2568 omnia
824 2494 968 2594 igni
996 2497 1319 2596 ferroque
1343 2516 1697 2568 vastentur
1713 2552 1733 2587 ,
1764 2522 1853 2568 an
1879 2495 2083 2568 nobis
2101 2498 2310 2593 caput
2330 2494 2488 2566 har·

390 2610 603 2688 barus
633 2611 851 2685 hostis
878 2610 1183 2702 excidat,
1213 2639 1303 2684 an
1333 2612 1694 2685 Cimbrice
1722 2612 2160 2710 loque'ndum
2195 2611 2300 2684 sit.
2327 2611 2489 2682 Vita

393 2729 717 2801 omnium
751 2748 1070 2803 nostrum
1114 2749 1182 2801 et
1206 2727 1389 2801 salus
1423 2728 1604 2829 (pati
1649 2755 1956 2829 namque
1997 2727 2188 2801 aliud
2230 2754 2320 2800 ne
2354 2726 2485 2799 sub

391 2842 587 2917 ho'soe
612 2843 902 2943 quidem
928 2843 1054 2915 viri
1096 2843 1461 2941 timemus)
1491 2844 1565 2915 in
1601 2843 1932 2916 ultimum
1962 2842 2332 2915 discrimen
2362 2841 2490 2913 ad-

393 2959 704 3060 ducitur:
748 2958 1022 3042 influxit
1059 2959 1272 3034 Italiae
1307 2959 1622 3036 inaudita
1649 2956 2036 3034 multitudo
2052 2955 2106 3048 ³,
2145 2983 2359 3057 quam
2397 2983 2486 3029 ne

394 3100 476 3147 ea
500 3074 790 3174 quidem
810 3073 1038 3175 potuit
1065 3074 1404 3148 sustinere
1434 3095 1642 3166 terra,
1668 3100 1824 3173 quae
1853 3072 2124 3174 genuit:
2155 3071 2488 3143 inusitata

392 3216 763 3289 corporum
812 3190 1228 3290 magnitudo
1247 3247 1266 3279 ,
1314 3217 1542 3264 mores
1590 3191 1802 3263 etiam
1845 3187 2220 3262 Germanis
2267 3184 2482 3260 4feri:

396 3325 616 3403 strage
659 3325 1052 3379 nostrorum
1093 3305 1323 3405 campi
1375 3307 1593 3378 latent
1618 3332 1644 3400 ε,
1674 3304 1829 3407 jam
1874 3304 2276 3403 fugatorum
2322 3303 2492 3375 Car·

392 3420 596 3497 bonis
619 3443 829 3521 atque
862 3421 1166 3521 Syllani⁵
1196 3422 1329 3495 sub
1349 3421 1870 3520 comparatione
1893 3419 2054 3514 felix
2077 3417 2328 3490 militia
2351 3437 2482 3490 est:

473 3626 517 3661 ι.
535 3609 657 3661 Non
669 3619 821 3681 putes
832 3607 1262 3663 militem?Color
1274 3607 1404 3663 duc·
1491 3630 1515 3655 α
1534 3609 1736 3664 minum
1754 3646 1771 3674 ,
1803 3622 1855 3660 et
1885 3607 1976 3681 qui
2005 3603 2105 3659 sub
2132 3602 2379 3657 Evandro
2405 3605 2488 3656 in-

393 3702 482 3742 tus
506 3707 569 3740 ex
592 3703 723 3741 noto
748 3689 841 3741 illo
865 3689 1042 3742 dicto:
1068 3707 1171 3761 ego
1194 3705 1246 3743 te
1268 3710 1403 3744 con-
1488 3710 1510 3735 ι
1530 3687 1810 3741 fluxerant.
1834 3713 1858 3735 ι

397 3766 567 3822 sulem
594 3768 798 3839 putabo
813 3807 831 3836 ‚
854 3787 1022 3842 quum
1048 3783 1104 3822 tu
1134 3789 1216 3824 me
1243 3789 1398 3825 sena·
1549 3766 1600 3834 4.
1623 3767 1894 3820 Germanis
1900 3763 2029 3836 feri.
2053 3766 2189 3843 Hinc
2209 3764 2493 3816 Ascensius

393 3859 565 3900 torem
592 3863 703 3897 non
725 3850 920 3918 putes?
1478 3847 1680 3918 colligit
1699 3846 1941 3901 Cimbros
1962 3863 2071 3898 non
2094 3843 2256 3896 fuisse
2273 3846 2490 3897 Germa-

471 3943 519 3977 2.
556 3923 777 3979 fluente
804 3928 1048 3999 fortuna.
1091 3929 1169 3983 Ita
1204 3931 1396 3984 Justin.
1478 3928 1778 3982 noszmale.
1798 3931 1966 3980 Immo
1983 3944 2149 3999 quum
2167 3942 2351 3977 omnes
2365 3925 2492 3978 Ger-

405 4004 656 4070 XXXIII,
701 4006 768 4064 3.·
820 4006 1040 4061 ·Bebus
1085 4028 1246 4081 snpra
1281 4022 1407 4062 vota
1484 4008 1631 4060 mani
1661 4006 1762 4060 feri
1797 4007 1939 4072 sint,
1985 4005 2249 4076 precipue
2289 4001 2491 4055 Cimbri

409 4086 807 4143 «Βιιειιιίἱιιιε.»
1485 4089 1643 4139 etiam
1667 4088 1975 4154 Germanis,
2006 4083 2357 4158 popularibus
2382 4084 2492 4140 suis

468 4166 520 4219 3.
556 4166 779 4243 Influxit
810 4167 1107 4223 mullitudo.
1146 4171 1224 4223 Ita
1261 4169 1403 4221 Flor.
1484 4169 1585 4222 feri
1611 4170 1873 4221 visisunt.

396 4243 490 4302 lib,
510 4249 562 4316 1,
580 4267 628 4302 c.
656 4265 713 4317 ¹:
746 4249 853 4302 «Et
873 4250 1046 4304 statim
1068 4250 1199 4306 mira
1220 4251 1296 4303 vis
1315 4249 1407 4303 ho-
1559 4253 1607 4306 5.
1638 4248 1881 4305 Carbonis
1906 4262 2062 4321 atque
2086 4244 2313 4302 δνίἰαπὶ.
2347 4246 2494 4302 Con-
