3200 5117
811 470 926 534 »26
1302 472 1392 533 M.
1441 470 1690 534 FABII
1738 468 2373 551 QUINTILIANI

892 597 1110 668 XXII.
1162 592 1860 692 Intelligit,judices,
1906 612 1972 662 et
2018 591 2156 688 ipse
2190 590 2503 690 juveni5‚
2548 617 2690 662 non
2738 619 2881 663 esse

795 742 864 786 se
899 711 1362 785 calamitatum
1408 728 1801 780 nostrarum
1840 706 2121 807 justitiae
2166 733 2435 804 parem,
2472 728 2540 777 et
2573 707 2669 778 sic
2701 708 2880 805 agit,

798 852 1156 926 tamquam
1187 827 1366 898 alere
1398 851 1540 895 non
1573 823 1850 894 debeat:
1891 823 2119 919 itaque
2150 823 2466 893 transfert
2496 822 2565 892 in
2602 823 2732 894 hoc
2766 823 2885 894 de-

794 946 1222 1031 fensionem,
1268 964 1346 1014 ut
1391 968 1583 1040 posse
1633 967 1703 1011 se
1756 960 1978 1037 neget.
2027 939 2224 1029 Quid
2273 939 2533 1027 dicitis,
2572 940 2883 1039 judices?

797 1062 1025 1132 feretis
1061 1060 1189 1131 hoc
1223 1059 1569 1130 dicentem
1602 1056 1939 1156 juvenem
1983 1081 2261 1153 corpore
2298 1077 2501 1153 atque
2545 1077 2729 1128 aetate
2767 1084 2879 1127 ro-

800 1178 1109 1248 bustum.
1134 1179 1293 1247 Non
1328 1174 1542 1246 habes
1570 1200 1766 1271 ope5‚
1799 1172 1917 1243 sed
1948 1172 2294 1260 membra,
2322 1172 2439 1244 sed
2468 1173 2680 1244 vires?
2713 1200 2880 1245 nam

802 1318 1029 1388 neque
1058 1317 1186 1388 ego
1218 1290 1562 1377 laborem,
1599 1315 1726 1359 nec
1761 1286 2073 1359 difficiles
2109 1314 2314 1385 posco
2350 1310 2665 1378 conatus,
2709 1316 2879 1361 con-

734 1417 737 1426 '
799 1426 1028 1477 tentus
1054 1433 1245 1495 sum,
1270 1405 1579 1503 juvenis,
1619 1426 1696 1476 ut
1720 1404 1910 1475 velis.
1944 1404 2157 1475 Cibos
2192 1432 2305 1476 me
2341 1431 2616 1502 poscere
2643 1408 2880 1504 putas?

800 1522 1127 1592 humeros
1155 1545 1392 1617 posce,
1424 1519 1682 1615 quibus
1711 1518 2120 1589 incumbam
2141 1575 2161 1606 ‚
2198 1545 2478 1607 manus,
2514 1546 2685 1617 quas
2714 1520 2878 1592 eliso

801 1636 1054 1735 pectori
1092 1661 1481 1734 apponam,
1518 1634 1746 1721 sinus,
1779 1633 1851 1703 in
1888 1660 2060 1731 quos
2088 1661 2364 1730 egeram
2397 1636 2877 1708 exhaustarum

804 1752 1124 1848 reliquias
1157 1750 1632 1836 lacrimarum3
1669 1770 1746 1820 ut
1777 1749 2096 1847 sepeliaS,
2144 1772 2219 1820 ut
2264 1750 2405 1821 haec
2443 1778 2603 1822 cum
2647 1753 2874 1824 miseri

801 1867 991 1938 illius
1032 1865 1365 1937 membris
1403 1890 1550 1935 ossa
1593 1890 2005 1960 componas:
2054 1890 2196 1934 non
2239 1864 2573 1936 alimenta
2613 1892 2875 1963 quaere,

801 1982 921 2054 sed
952 1982 1200 2052 filium.
1232 1978 1467 2067 Quid?
1492 1978 1678 2077 quod
1710 2004 1839 2048 nec
1863 2005 2062 2075 grave
2095 1978 2521 2077 longumque
2541 2007 2876 2078 supremae

803 2097 1070 2195 pietatis
1112 2095 1451 2193 exigimus
1485 2092 1841 2164 officium?
1879 2119 2020 2163 non
2056 2091 2179 2162 diu
2208 2093 2543 2182 viverem,
2584 2094 2789 2165 etiam
2820 2093 2876 2164 si

801 2237 914 2281 me
960 2211 1100 2280 duo
1145 2208 1521 2307 pasceretis,
1570 2209 1861 2279 Securus
1904 2206 2024 2294 si5‚
2080 2209 2267 2278 brevi
2310 2228 2371 2279 te
2411 2209 2708 2306 gemitus
2742 2210 2878 2279 mei

801 2324 1194 2395 liberabunt
1225 2323 1513 2393 assiduis
1548 2322 1939 2421 planctibus
1973 2322 2358 2393 everberata
2390 2322 2645 2394 vitalia.
2682 2323 2876 2412 Quid

803 2467 914 2511 me
941 2439 1225 2511 remittis
1250 2440 1334 2509 ad
1361 2437 1707 2510 turbam¹?
1733 2439 1902 2534 quid
1927 2439 2094 2509 facis
2120 2465 2349 2509 rursus
2371 2439 2698 2510 omnibus
2725 2466 2881 2538 gra—

801 2557 1000 2628 vem?
1033 2556 1423 2654 consumpsi
1474 2557 1707 2644 fletus,
1757 2556 2193 2626 clementiam
2234 2556 2522 2627 civitatis
2559 2557 2874 2628 exhausi:

803 2698 944 2743 non
976 2670 1098 2743 alit
1131 2670 1429 2771 populus
1461 2671 1860 2760 hominem,
1896 2697 2107 2768 quem
2139 2697 2411 2769 pascere
2443 2671 2629 2743 filius
2655 2671 2874 2743 debet.

802 2786 997 2876 Quid
1032 2786 1160 2858 sibi
1193 2787 1337 2858 vult
1369 2786 1511 2883 haec
1539 2787 1766 2858 aliena
1798 2786 2298 2858 calamitatibus
2336 2789 2611 2875 nostris,
2654 2787 2877 2858 aliena

798 2900 1162 2974 virtutibus
1197 2903 1365 2991 tuiS‚
1393 2902 1707 3002 juvenis,
1743 2902 2107 3000 asperitas?
2139 2903 2477 2974 abstulisti
2511 2902 2683 2974 mihi
2715 2930 2875 2974 ma-

798 3016 1026 3088 lorum
1055 3042 1334 3116 quoque
1369 3044 1687 3089 meorum
1716 3018 2224 3089 verecundiam.
2263 3016 2632 3115 Quidquid
2661 3017 2876 3088 facie—

799 3130 999 3220 bam,
1045 3133 1455 3204 mendicitas
1501 3154 1635 3222 est,
1686 3160 1763 3203 ex
1812 3161 1952 3230 quo
2004 3161 2300 3205 reversus
2348 3148 2506 3205 es²:
2549 3134 2755 3205 durat
2799 3133 2873 3203 in

801 3267 1112 3345 suscepto
1141 3247 1363 3345 rigore
1384 3246 1698 3347 juveniS,
1736 3268 1801 3317 et
1832 3247 1921 3318 ad
1955 3247 2502 3319 misericordiam
2540 3274 2682 3318 non
2721 3272 2874 3318 me-

879 3483 919 3516 ι.
949 3466 1182 3518 Remittis
1207 3465 1277 3516 ad
1304 3467 1520 3517 turbam.
1552 3468 1796 3538 Namque

800 3545 1026 3598 mendici
1049 3546 1223 3598 Romoe
1248 3547 1505 3599 sedebant
1530 3549 1581 3598 in
1609 3547 1691 3600 his
1715 3548 1795 3600 Ιο-

796 3626 872 3676 cis
906 3624 999 3675 ubi
1028 3624 1409 3694 praeterfluebat
1441 3627 1664 3677 maxima
1694 3625 1794 3679 ho-

797 3709 997 3758 minum
1029 3705 1213 3772 turba,
1248 3706 1316 3758 ad
1350 3710 1536 3778 stipem
1568 3726 1795 3778 erogan-

794 3783 937 3836 dam.
966 3786 1078 3836 Nisi
1111 3784 1259 3836 malis
1297 3786 1498 3836 turbam
1534 3788 1793 3856 respicere

798 3862 865 3915 ad
898 3861 1287 3915 multitudinem
1320 3864 1680 3917 mendicorum
1704 3868 1796 3937 qui

795 3947 851 3995 in
886 3944 1070 3996 eadem
1107 3945 1222 3998 loca
1263 3944 1471 4016 plurimi
1510 3949 1794 3998 convenie-

796 4023 958 4088 bant,
991 4042 1179 4094 nempe
1213 4024 1280 4076 ad
1311 4037 1532 4095 pontes,
1562 4038 1699 4091 ete.‚
1729 4024 1794 4077 de

798 4105 989 4178 quibus
1017 4106 1117 4158 vid.
1149 4107 1333 4160 Juven.
1364 4108 1469 4159 Set.
1498 4110 1586 4173 lv,
1609 4126 1658 4157 v.
1698 4109 1794 4160 116

800 4202 911 4256 sqq.
936 4186 1026 4236 En.

1950 3486 1995 3518 2.
2022 3467 2333 3519 mendicitas
2360 3478 2462 3534 est,
2491 3487 2554 3518 ex
2581 3487 2685 3540 quo
2714 3486 2875 3520 reven-

1874 3563 1954 3596 sus
1981 3565 2046 3597 es.
2080 3544 2355 3597 Obscurus
2389 3545 2568 3609 locus,
2596 3564 2750 3615 quem
2785 3563 2872 3595 ex·

1873 3627 2125 3697 plicarem
2151 3625 2566 3697 praecedentibus
2581 3662 2598 3692 ‚
2623 3639 2682 3677 ut
2706 3627 2775 3676 ob
2798 3627 2874 3697 ip-

1875 3726 1986 3760 sam
2032 3707 2421 3760 mendicitatem
2469 3709 2633 3778 patris
2652 3744 2669 3772 ‚
2716 3725 2876 3778 quam

1877 3789 2015 3841 ultro
2049 3803 2356 3860 acceperat,
2390 3788 2668 3841 divenditis
2703 3789 2874 3841 omni-

1874 3869 2003 3934 bus,
2029 3871 2213 3922 reverti
2243 3873 2505 3940 potuisset
2536 3869 2674 3922 filius
2702 3871 2873 3921 minus

1876 3962 2016 4000 arcte
2052 3949 2345 4001 custoditus
2383 3969 2413 4002 a
2449 3952 2632 4020 piratis
2668 3948 2875 4000 nullum

1866 4031 1978 4099 jam
2001 4031 2227 4101 pretium
2251 4031 2600 4101 sperantibus.
2620 4031 2693 4081 Eo
2717 4047 2875 4082 sensu

1875 4113 2012 4163 forte
2048 4131 2149 4184 qua
2186 4131 2284 4182 pro
2319 4130 2421 4184 quo
2458 4128 2735 4183 ponerem,
2772 4113 2877 4162 nisi

1873 4207 1976 4260 quo
1988 4188 2228 4241 absolute
2242 4191 2475 4259 positum
2489 4187 2765 4258 intelligas.
2778 4190 2871 4239 En.
