3200 5117
651 549 922 617 nEcL.
967 522 1132 615 v'11.
1177 547 1714 615 ‘ronMEN'rA
1757 548 2234 618 mnpssms.
2369 574 2479 640 171

398 674 666 747 toritate
714 675 960 778 primae
1006 672 1565 773 proclamationis
1615 672 1815 744 amisi
1843 698 1858 742 ε
1915 699 2062 745 non
2111 694 2209 745 est
2253 694 2487 746 tamen

401 789 589 888 quod
641 814 1061 889 supervacua
1107 788 1368 889 putetis
1419 814 1562 860 esse
1628 804 2005 878 tormenta,
2060 814 2488 888 quamquam

402 903 691 976 dixerim
726 902 1076 1003 quidquid
1107 903 1437 976 sciebam.

498 1021 654 1093 XII.
688 1019 936 1093 Habeo
963 1018 1196 1091 adhuc
1229 1045 1309 1091 ex
1338 1018 1458 1091 illo
1490 1018 1714 1090 multa
1741 1014 1988 1091 referre
2017 1040 2304 1111 secreto,
2335 1047 2490 1118 quae

400 1156 818 1233 argumenta
843 1136 1050 1207 faciet
1076 1134 1312 1208 dolor:
1344 1158 1488 1206 non
1516 1136 1722 1207 refert
1745 1156 1836 1206 an
1869 1148 1982 1207 me
2012 1137 2260 1208 vidisse
2294 1137 2490 1209 dixe·

386 1251 572 1341 rim,
595 1249 960 1322 tormentis
975 1249 1108 1322 hoc
1124 1248 1747 1349 probaturussum‚
1770 1249 2086 1323 debuisse
2106 1250 2298 1322 mihi
2304 1251 2489 1323 credi

404 1388 562 1439 ante
584 1388 947 1439 tormenta.
972 1367 1040 1439 O
1072 1387 1500 1466 quantopere
1524 1386 1746 1454 nunc,
1774 1367 2056 1439 inimice
2067 1367 2489 1467 ‚torqueris‚

394 1484 595 1582 quod
623 1504 687 1556 te
713 1506 945 1556 coram
964 1482 1325 1583 judicibus
1346 1482 1729 1581 interrogo,
1757 1484 1947 1580 quod
1971 1483 2103 1556 hoc
2127 1510 2271 1555 non
2301 1505 2492 1584 potes

404 1598 584 1669 mihi
619 1596 849 1670 fateri:
879 1597 998 1668 sed
1028 1597 1085 1668 si
1122 1596 1303 1667 bene
1333 1595 1571 1696 gaudii
1602 1596 1707 1667 tui
1742 1596 2078 1695 perspicio
2116 1616 2490 1688 secretum,

403 1737 549 1784 non
585 1730 788 1810 putas
819 1731 885 1782 te
918 1736 1168 1810 negare
1210 1709 1377 1809 q'uia
1404 1708 1563 1781 vidi.
1596 1711 2179 1808 Arrogantissime
2214 1738 2495 1810 percus-

404 1850 642 1913 sorum
657 1884 677 1916 ,
704 1826 984 1897 evasisse
1000 1845 1070 1896 te
1094 1825 1418 1924 putaba8‚
1442 1824 1636 1929 quod
1661 1823 1842 1897 illud
1863 1825 2004 1897 duo
2028 1846 2301 1897 tantum
2323 1825 2495 1897 scie·

392 1941 899 2031 -bamusi'meis,
914 1941 1087 2013 meis
1108 1941 1239 2013 hoc
1258 1940 1543 2040 ignibus
1558 1962 1768 2039 nega3
1795 1961 1864 2013 et
1880 1940 2053 2013 dum
2073 1967 2186 2013 me
2207 1967 2328 2040 per
2345 1941 2493 2012 sin-

406 2057 602 2156 gulos
620 2079 811 2131 artus
828 2068 1040 2128 tortor
1064 2056 1470 2155 interrogat,
1492 2057 1721 2154 perfer
1738 2056 1979 2128 saltem
2002 2082 2143 2127 non
2167 2055 2491 2128 credendi

393 2172 852 2270 ¹patientiam;
887 2197 1109 2271 quum
1146 2197 1275 2270 ego
1303 2197 1419 2242 me
1446 2170 1696 2243 vidisse
1731 2151 2198 2270 proclamem,
2227 2191 2302 2242 tu
2337 2169 2497 2242 nul-

407 2286 550 2357 lam
588 2288 839 2361 afferas
880 2287 1297 2359 innocentiae
1334 2282 1845 2386 probationem.
1878 2286 2040 2360 Nou
2076 2308 2272 2387 potes
2299 2285 2495 2358 aliter

408 2398 698 2493 absolvi,
719 2429 933 2501 quam
960 2423 1037 2473 ut
1057 2401 1234 2474 illud
1259 2426 1386 2501 ego
1413 2428 1704 2501 negem.
1735 2429 1863 2474 nec
1890 2423 2126 2474 tamen
2146 2459 2164 2492 ,
2184 2401 2494 2504 judices„

408 2518 655 2616 putetis
677 2520 822 2590 solo
844 2545 958 2591 me
972 2518 1449 2591 calamitatum
1464 2516 1735 2589 ambitu
1762 2518 1994 2617 petere
2008 2518 2456 2618 quaestionem
2475 2549 2493 2607 ;

409 2633 597 2705 dabo
623 2655 900 2733 propter
924 2633 1111 2732 quod
1135 2634 1509 2731 torqueatis
1530 2632 1718 2705 irati:
1742 2633 1972 2709 filium
1992 2660 2269 2725 meum,
2289 2632 2497 2707 illum

368 2786 373 2793 ·
410 2747 704 2847 singulis
727 2747 918 2821 vobis
942 2749 1414 2847 universisque
1439 2748 1872 2823 laudandum
1888 2807 1907 2838 ,
1928 2750 2124 2849 juxta
2148 2775 2366 2848 quem
2389 2749 2497 2819 fe-

394 2860 504 2933 —lix
530 2919 548 2952 ,
582 2862 778 2964 juxta
818 2884 1031 2963 quem
1071 2886 1397 2963 arrogans
1441 2887 1632 2935 eram
1653 2878 1678 2952 ‚'
1712 2862 1997 2952 occidit,
2033 2889 2190 2934 mea
2235 2863 2499 2933 ¹nimia

340 3004 349 3025 ¹
409 2976 703 3053 libertas.
737 2984 840 3053 lta
873 3008 998 3079 ego
1033 3001 1100 3053 te
1131 3007 1275 3052 non
1306 2974 1601 3079 equuleo
1631 2976 1952 3069 efferam,
1989 3004 2131 3049 non
2161 3004 2369 3077 super
2396 3004 2499 3050 ar·

414 3092 651 3167 dentes
666 3123 913 3169 exuam
934 3113 957 3141 ²
981 3096 1300 3171 flammas
1312 3095 1541 3169 ?nunc
1552 3123 1668 3167 me
1678 3094 1985 3167 vindicas
2001 3151 2020 3183 ‚
2041 3120 2234 3165 nuuc
2251 3094 2461 3164 tueris
2481 3120 2495 3164 ε

413 3208 624 3283 modo
645 3216 877 3285 coram
905 3240 1018 3285 me
1040 3213 1267 3285 filium
1291 3240 1529 3286 meum
1547 3271 1566 3303 ‚
1588 3212 1798 3302 diveS‚
1825 3210 2074 3283 occidit
2090 3210 2345 3282 fiducia
2359 3209 2495 3280 tui:

415 3328 797 3401 concurrite
818 3356 1061 3402 omues
1080 3329 1314 3420 liberi,
1340 3355 1586 3402 omnes
1606 3346 1919 3428 parentes
1932 3357 1952 3417 3
1974 3326 2156 3398 urite
2170 3384 2191 3417 ‚
2212 3320 2501 3398 lacerate

416 3440 539 3513 hos
575 3445 883 3543 primum
918 3444 1124 3546 patris
1156 3446 1424 3535 oculos;
1460 3443 1819 3517 distrahito
1852 3444 1975 3515 has
2012 3468 2265 3514 manus
2286 3497 2306 3531 ,
2346 3467 2503 3540 quae

414 3556 590 3629 nihil
620 3586 743 3656 pro
775 3583 1104 3659 pereunte
1130 3563 1471 3633 fecerunt:
1503 3559 1638 3632 hoc
1669 3585 1914 3658 corpus
1932 3614 1951 3646 ,
1977 3557 2122 3629 haec
2146 3556 2500 3646 membra,

415 3699 570 3771 quae
594 3675 682 3747 de
706 3677 1069 3777 complexu
1094 3678 1371 3751 latronis
1398 3677 1685 3749 vulnera
1709 3674 1905 3748 nulla
1923 3673 2339 3747 retulerunt:
2367 3671 2502 3745 sive

493 3884 536 3921 ι.
574 3871 809 3940 Occidit,
842 3892 960 3927 mea
998 3876 1180 3928 nimia.
1220 3876 1421 3929 occidit
1497 3892 1685 3927 exuam
1704 3873 2150 3947 praetulimu53est
2170 3872 2310 3922 enim
2331 3887 2502 3921 sermo

417 3964 532 4001 mea
565 3952 731 4002 nimia
768 3951 1007 4005 libertas.-
1044 3955 1111 4006 ita
1146 3954 1419 4024 distinguit
1496 3955 1566 4009 ad
1600 3954 1898 4008 libertatem
1919 3993 1936 4019 ‚
1970 3972 2072 4025 qua
2112 3950 2337 4003 offendit
2371 3950 2505 4003 divi-

417 4031 570 4085 Yoss.
590 4050 696 4084 sec.
724 4045 777 4083 et
800 4034 963 4086 edidit
980 4034 1110 4088 Obr.
1138 4034 1335 4087 Schult.
1362 4035 1420 4087 Ιί-
1497 4051 1636 4101 tem3
1661 4038 1752 4107 qui
1776 4035 1898 4087 ideo
1921 4034 2085 4086 filium
2113 4032 2306 4084 occidit
2322 4069 2338 4097 ‚
2363 4031 2503 4083 hanc

416 4111 913 4185 bertasgeminabat,
927 4115 1034 4167 boc
1053 4116 1243 4168 modo:
1268 4117 1418 4170 «Mea
1497 4137 1706 4171 servare
1732 4116 1846 4169 vult
1872 4114 1938 4168 ad
1969 4116 2126 4185 finem
2153 4116 2300 4177 Vim,
2332 4126 2384 4167 0¹
2412 4131 2506 4163 ¹¹⁶·

413 4192 583 4244 nimia
606 4191 840 4245 libertas.
868 4195 918 4247 Ο
942 4194 1180 4260 libertas,
1205 4209 1307 4247 etc.
1328 4216 1353 4242 ιο
1497 4215 1601 4268 que
1631 4199 1685 4249 iu
1711 4194 1941 4267 equuleo
1974 4213 2071 4246 nec
2100 4195 2237 4246 inter
2269 4191 2504 4243 flammas

491 4288 539 4323 α.
562 4272 807 4326 Eximam
827 4292 842 4320 .·
863 4273 958 4326 sed
976 4291 1075 4327 nos
1092 4273 1347 4346 efferam,
1368 4288 1420 4327 et
1497 4276 1692 4329 efferre
1717 4275 1867 4347 quasi
1890 4288 1940 4325 et
1963 4272 2201 4344 sepelire.
2232 4272 2404 4322 Banu,
