3200 5117
711 543 827 626 ¹74
1213 538 1303 598 M.
1353 534 1600 596 FABII
1648 531 2275 612 QUINTILIAM

703 650 981 734 non'est
1015 661 1268 748 dolori3
1314 686 1504 731 nunc
1541 686 1681 727 non
1730 658 1993 729 invenit
2038 657 2179 727 ulla
2213 656 2488 745 solatia,
2533 686 2612 729 ex
2649 685 2789 756 quo

703 781 828 850 sibi
878 780 1147 848 videtur
1193 777 1414 847 filium
1467 775 1842 874 perdidisse
1891 775 2268 845 victurum:
2322 802 2528 872 super
2571 776 2793 872 impa-

704 893 1014 964 tientiam
1052 890 1446 961 tristissimae
1492 888 1798 959 orbitatis
1834 888 2186 975 increscit,
2236 889 2424 986 quod
2469 888 2793 985 intelligit
2829 938 2845 957 .

706 1008 905 1078 illum
933 1034 1072 1077 non
1100 1006 1245 1077 sine
1271 1005 1551 1076 sanitate
1575 1018 1589 1047 ¹
1624 1003 1834 1073 fuisse
1871 1003 2284 1100 languorem
2311 1030 2325 1074 :
2361 1030 2489 1074 nec
2519 1030 2794 1102 persua-

708 1124 851 1193 deri
890 1122 1156 1191 miserae
1196 1142 1415 1218 potest
1449 1119 1749 1217 perituro
1787 1118 2128 1189 laborasse
2154 1122 2357 1207 fato2,
2394 1120 2465 1189 in
2507 1146 2646 1217 quo
2680 1120 2794 1189 in-

706 1260 993 1308 ventum
1040 1258 1135 1306 est
1182 1235 1368 1331 quod
1425 1254 1695 1304 sanaret
1740 1233 1983 1303 alium.
2039 1235 2292 1330 Captet
2339 1233 2498 1305 licet
2544 1234 2797 1304 crude-

709 1352 1005 1421 lissimus
1070 1378 1273 1421 senex
1333 1346 1674 1446 parricidii
1724 1349 2234 1419 immanitatem
2288 1370 2483 1420 metu
2536 1350 2797 1449 majore

712 1487 1097 1562 protegere,
1130 1491 1269 1533 non
1322 1463 1632 1552 inveniO,
1672 1463 1857 1533 unde
1907 1462 2133 1561 colligi
2168 1463 2378 1560 possit
2421 1484 2797 1561 utrumque

710 1580 919 1649 fuisse
951 1579 1368 1648 moriturum
1399 1606 1411 1648 :
1449 1605 1527 1650 ex
1560 1576 1834 1648 duobus
1862 1578 2054 1675 aegris
2087 1605 2227 1648 non
2255 1577 2488 1675 periit,
2521 1578 2651 1647 nisi
2679 1577 2798 1673 qui

714 1694 975 1765 occisus
997 1714 1113 1764 est.

810 1811 896 1878 ll.
924 1811 1101 1877 Ante
1128 1807 1363 1877 omnia
1390 1806 1595 1906 igitur
1619 1807 1795 1878 illud
1820 1806 2066 1879 avobis
2090 1806 2558 1879 infelicissima
2584 1829 2800 1878 mater

714 1925 914 2022 petit,
965 1951 1051 1993 ne
1098 1923 1379 1993 maximi
1417 1923 1684 1994 sceleris
1727 1924 1883 1992 ideo
1924 1923 2271 1996 decrescat
2308 1923 2601 2014 invidia,
2640 1923 2804 2020 quia

715 2042 859 2139 pati
902 2040 1167 2111 videtur
1202 2061 1270 2111 ct
1305 2067 1458 2110 reus
1498 2067 1575 2109 ex
1616 2039 1900 2111 orbitate
1937 2040 2419 2111 tantumdem:
2458 2067 2600 2111 non
2647 2066 2805 2137 per-

717 2158 889 2228 didit
925 2158 1147 2227 filium
1184 2158 1493 2254 quisquis
1528 2157 1813 2227 occidit:
1848 2156 2201 2254 explicata
2226 2158 2462 2228 dolore
2499 2179 2800 2255 patrem,

718 2274 905 2370 quod
937 2273 1064 2342 sibi
1103 2272 1374 2343 videtur
1407 2270 1642 2342 fecisse
1688 2299 1835 2342 rem
1884 2273 2298 2362 maximam,
2335 2294 2400 2343 et
2441 2273 2511 2342 in
2560 2273 2798 2343 locum

707 2388 984 2487 juvenis
1017 2387 1247 2458 amissi
1288 2386 1637 2457 substituit
1665 2386 1749 2457 de
1779 2387 2075 2458 vanitate
2107 2384 2451 2458 solatium.
2487 2386 2641 2457 Alia
2669 2407 2800 2473 est,

718 2503 849 2573 alia
897 2502 1197 2572 conditio
1239 2502 1504 2590 matris,
1548 2530 1701 2599 quae
1748 2502 2015 2573 medico
2064 2528 2202 2574 non
2243 2502 2563 2589 credidit,
2609 2500 2796 2599 apud

719 2644 933 2716 quam
967 2610 1793 2689 saevissimae'conditionis
1827 2618 2230 2688 immanitas
2257 2617 2468 2687 fidem
2505 2644 2647 2687 non
2685 2642 2808 2715 po·

720 2731 848 2802 tuit
866 2730 1233 2829 impetrare
1251 2733 1558 2803 tentandi
1585 2760 1599 2802 :
1627 2761 1749 2831 pro
1776 2755 2065 2830 utroque
2085 2732 2349 2821 timuit3
2369 2761 2491 2831 pro
2511 2754 2804 2828 utroque

720 2846 1027 2945 speravit.
1066 2846 1365 2916 Facinus
1399 2869 1529 2938 est,
1576 2875 1744 2919 eum
1787 2849 2065 2949 majoris
2104 2849 2370 2945 pietatis
2405 2848 2649 2937 videri,
2685 2847 2802 2945 qui

722 2962 804 3031 de
832 2982 1048 3032 morte
1084 2962 1204 3031 filii
1228 2964 1488 3058 putavit
1517 2962 1804 3034 alterius
1824 2963 1928 3033 vel
1956 2984 2133 3033 certa
2160 2964 2377 3034 salute
2399 2965 2800 3061 transigere:

722 3077 811 3145 sic
863 3076 1124 3147 debetis
1176 3077 1399 3146 odisse
1454 3099 1758 3174 patrem,
1813 3097 2174 3173 tamquam
2224 3077 2398 3147 duos
2451 3076 2805 3164 occiderit,

721 3192 918 3291 cujus
949 3218 1089 3262 non
1126 3191 1467 3279 interfuit,
1499 3213 1651 3261 uter
1685 3192 2131 3262 occideretur.
2171 3196 2288 3262 Est
2315 3212 2583 3282 tamen,
2617 3218 2811 3262 sanc·

721 3305 965 3375 tissimi
990 3304 1298 3406 judices,
1343 3305 1529 3403 quod
1582 3304 1666 3376 de
1715 3305 2188 3377 crudelissimo
2231 3307 2569 3404 parricida
2615 3304 2812 3405 queri

722 3421 934 3516 possit
973 3446 1115 3490 non
1167 3419 1309 3490 sola
1344 3439 1600 3490 mater:
1650 3419 1899 3519 adjecit
1934 3420 2263 3492 humanis
2308 3421 2811 3493 calamitatibus

722 3534 937 3631 ipsam
962 3534 1318 3604 sanitatem
1338 3592 1357 3622 ,
1386 3555 1450 3604 et
1468 3534 1878 3607 morborum
1898 3535 2387 3634 languorisque
2407 3536 2810 3609 violentiam

801 3703 842 3735 1.
870 3687 990 3736 Non
1016 3687 1123 3736 sine
1145 3688 1392 3751 sanitate,
1418 3685 1613 3737 scilicet
1643 3688 1725 3737 fu·
1807 3690 2010 3739 Festus.
2052 3687 2244 3739 Similia
2281 3689 2480 3739 notavit
2513 3689 2603 3739 Vir
2635 3685 2810 3757 Ampl.

722 3780 836 3818 tura
854 3806 869 3826 ,
886 3768 996 3815 sine
1017 3786 1109 3835 spe
1131 3769 1395 3831 sanitatis,
1413 3785 1575 3838 quum
1592 3768 1728 3818 alter
1807 3772 2044 3839 Cuperus
2069 3770 2134 3819 ad
2161 3771 2387 3821 Petronii
2411 3769 2619 3830 locum;
2645 3767 2736 3820 sed
2762 3781 2815 3819 et

723 3847 858 3897 filim
881 3866 909 3897 e
931 3846 1187 3915 languore
1209 3848 1563 3911 convaluerit,
1588 3849 1725 3900 unde
1807 3850 1877 3900 ibi
1900 3851 2297 3920 periturafucta
2315 3889 2333 3915 ‚
2362 3848 2641 3920 legendum
2669 3868 2812 3914 esse,

725 3927 905 3977 credas
926 3928 1107 3979 ambos
1135 3931 1323 3979 servari
1351 3932 1602 4000 potuisse.
1632 3933 1721 3981 En.
1810 3947 1859 3983 et
1891 3931 1975 3983 biv
1996 3934 2262 4003 perditur-o
2277 3973 2295 3999 ,
2334 3947 2498 4003 puto,
2533 3945 2585 3983 et
2620 3932 2815 3982 frustra

799 4022 847 4056 2.
875 4005 1109 4058 Perituro
1127 4008 1268 4077 fato.
1296 4011 1397 4058 Pro
1423 4006 1729 4078 perditur03
1813 4026 1915 4064 tam
1951 4014 2095 4066 duris
2129 4014 2488 4067 locutionibus
2521 4014 2815 4084 patrocinia

726 4099 785 4136 ut
816 4088 1023 4137 Petron.
1058 4089 1250 4139 cxlx:
1290 4111 1311 4134 ιι
1336 4091 1568 4140 Per-itura
1602 4109 1731 4161 pro·
1810 4093 2042 4165 undique
2090 4095 2406 4163 conquirere
2449 4093 2588 4144 viros
2628 4090 2815 4142 doctos

730 4190 754 4213 α
776 4166 901 4219 dere
937 4169 1060 4220 fata.
1084 4192 1106 4215 ι
1149 4169 1231 4221 Sic
1269 4171 1521 4222 caducum
1557 4172 1730 4241 auspi·
1810 4173 2058 4225 arbitror:
2077 4177 2396 4245 praetereain
2414 4171 2558 4226 Leid.
2577 4192 2661 4244 pr.
2678 4183 2815 4238 erat,

733 4271 753 4292 ιι
774 4249 909 4300 cium
930 4287 947 4313 ‚
997 4250 1141 4322 quod
1194 4270 1375 4304 casum
1421 4251 1725 4306 denunciat.
1808 4267 2054 4324 perpetuo
2080 4254 2325 4309 laborasse
2336 4256 2475 4327 fato.
2504 4257 2672 4307 Bunn.
