3200 5117
819 597 1004 664 pao
1045 595 1483 663 'nummo
1525 597 1988 666 nummo.
2364 600 2449 689 ⁶9

368 718 669 793 lissimus
705 719 908 793 miles
929 719 1406 793 indesinenter
1428 718 1634 810 rodit,
1651 720 1917 793 lacerat.
1932 722 2066 793 Sed
2092 723 2467 822 quomodo-

367 836 806 935 respondebit
854 835 973 907 ille
1026 857 1182 935 post
1222 835 1569 908 mortem?
1610 836 1870 935 quihus
1917 837 2138 910 verbis
2180 837 2467 940 objecta·

366 950 626 1024 refellet
656 950 969 1024 convicia
996 950 1085 1023 de
1110 951 1466 1049 sepulcro?
1498 954 1679 1050 Agat
1701 978 1863 1051 ergo
1889 978 2178 1025 romana
2200 952 2448 1053 pietas2,

365 1088 432 1139 et
455 1068 782 1167 suscipiat
818 1093 1099 1141 causam
1144 1070 1324 1169 ejus,
1359 1067 1556 1169 cujus
1596 1068 1746 1167 ipse
1767 1068 1950 1142 vices
1977 1095 2248 1169 semper
2278 1071 2454 1170 egit,

365 1183 537 1255 dum
566 1183 839 1257 viveret.
868 1187 1029 1255 Non
1052 1204 1154 1256 est
1172 1183 1542 1273 idoneum,
1572 1210 1716 1256 non
1747 1205 1851 1257 est
1877 1184 2201 1284 dignum,
2233 1206 2314 1258 ut
2336 1185 2452 1256 in·

360 1318 462 1370 ter
495 1325 750 1382 manus
782 1319 1075 1386 vestras5
1107 1297 1256 1398 ejus
1291 1323 1502 1369 causa
1531 1324 1770 1371 casum
1802 1319 1923 1371 aut
1950 1299 2464 1371 detrimentum·
2576 1387 2582 1395 .

360 1413 727 1524 sustineat,
762 1412 963 1512 cujus
991 1411 1199 1483 vitam
1230 1413 1411 1485 inter
1432 1439 1548 1485 vos
1579 1413 2066 1487 miserabiliter
2095 1414 2458 1504 occidisse÷

360 1528 895 1602 misericorditer
912 1528 1303 1628 deploratis.
1326 1531 1415 1602 Et
1430 1550 1663 1602 tamen
1697 1530 1919 1629 magis
1933 1530 2078 1602 haec
2107 1530 2463 1603 accusatio*

360 1644 761 1717 communis
792 1643 1172 1716 hominum
1206 1672 1349 1718 esse
1382 1645 1618 1718 debet:
1654 1673 1800 1718 non
1826 1668 1922 1719 est
1951 1647 2242 1719 mortuis
2283 1672 2466 1745 pro--

358 1759 627 1849 futura;
673 1759 990 1831 vivorum
1040 1760 1173 1834 hac
1215 1760 1619 1835 defensione
1652 1761 1994 1835 securitati
2038 1761 2464 1861 prospicitur·

362 1894 429 1946 et
454 1873 679 1947 saluti.
719 1873 854 1945 Sed
886 1873 976 1945 ad
1018 1876 1409 1973 grassatoris
1454 1875 1667 1978 hujus
1707 1875 1915 1948 verba
1945 1875 2304 1974 specialius
2331 1902 2464 1948 re·-

362 1988 740 2080 censenda,
770 1989 1090 2086 linguam
1125 1990 1210 2061 de
1246 2011 1489 2062 caetero
1523 2012 2024 2064 convertamus.
2061 1994 2142 2062 In
2177 1989 2448 2079 medio,

363 2105 626 2206 inquit,
674 2104 987 2179 cimbrici
1033 2104 1204 2178 belli
1246 2105 1536 2206 strepitu
1574 2105 1721 2177 vim
1771 2107 2024 2177 inferre
2054 2105 2315 2195 voluit,
2360 2131 2464 2177 ne

361 2220 534 2321 quid
563 2221 759 2294 aliud
791 2221 1024 2294 dicam
1043 2276 1062 2309 ,
1092 2218 1400 2292 fortiori?
1427 2247 1469 2291 o
1496 2219 1703 2292 verba
1727 2239 1871 2290 tam
1900 2219 2210 2309 confusa,
2236 2244 2467 2318 quam·

362 2332 679 2408 dissona!
712 2334 912 2407 miles
958 2355 1275 2407 armatus·
1306 2354 1447 2406 erat
1484 2355 1550 2406 et
1589 2334 1860 2420 fortior,
1891 2354 1959 2405 et
1996 2334 2058 2405 ei
2089 2333 2232 2404 vir‘n
2268 2333 2462 2405 irro-

360 2476 518 2550 gare
544 2451 865 2525 tribunus
890 2451 1111 2525 voluit
1136 2449 1548 2524 imbecillis?
1580 2451 1662 2523 ln
1689 2450 1952 2541 medio,
1989 2448 2253 2547 inquit,
2282 2449 2466 2521 belli·

359 2567 684 2666 strepitu,
732 2567 806 2640 id
848 2588 983 2655 est,
1017 2566 1094 2638 in
1141 2565 1360 2638 oculis
1394 2564 1688 2657 civium,
1721 2566 1796 2637 in
1829 2565 2234 2656 communi,
2289 2583 2459 2638 ame·

361 2701 807 2781 conspectum
841 2680 1333 2782 pugnantium.
1360 2680 1495 2752 Sed
1525 2707 1738 2779 quem
1770 2707 1911 2753 non
1943 2680 2203 2779 pudeat
2233 2679 2306 2750 in
2339 2678 2458 2751 his

359 2795 603 2869 saltem
631 2796 958 2896 operibus
991 2795 1201 2870 etiam
1236 2794 1711 2896 deprehendi?
1744 2816 1813 2867 et
1847 2794 1905 2868 si
1948 2794 2231 2866 feminae
2268 2794 2461 2866 mis-

358 2913 595 3003 cearis,
620 2913 676 2987 si
709 2933 950 2986 contra
978 2935 1301 2987 naturam
1323 2939 1470 2985 non
1494 2935 1716 3002 coeas‚²
1737 2910 1890 3011 quis
1921 2911 1994 2981 in
2014 2909 2268 2981 talibus
2301 2935 2456 2980 non·

357 3027 723 3101 abhorreat
748 3028 1083 3102 inveniri?
1111 3055 1323 3127 quem
1350 3053 1510 3101 vero
1534 3027 1759 3100 multo
1782 3023 2268 3098 vehementius
2298 3050 2461 3096 non·

357 3142 742 3216 confundat
768 3145 1079 3218 virorum
1114 3144 1234 3217 illa
1268 3144 1487 3245 turpis
1519 3140 1986 3245 conjunctio?x

450 3261 539 3331 V.
577 3260 659 3333 In
686 3286 840 3350 vos,
874 3290 918 3336 o
939 3262 1241 3365 judices,
1277 3282 1347 3334 et
1379 3261 1600 3362 magis
1635 3261 1709 3332 in
1747 3258 2152 3332 universum
2181 3255 2449 3328 exerci-

350 3397 505 3449 tum
533 3375 680 3449 hoec
729 3378 1006 3450 refundi
1054 3378 1325 3451 videtur
1354 3378 1747 3482 calumnia,
1781 3375 1905 3476 qui
1944 3373 2254 3447 videntes
2295 3372 2441 3443 'ini-

350 3491 690 3592 quitatem
719 3494 1092 3584 nefariam,
1123 3516 1188 3566 et
1211 3515 1379 3567 tunc
1407 3521 1451 3566 a
1475 3492 1782 3566 vindicta
1816 3515 2134 3581 manum,
2160 3508 2230 3560 et
2249 3512 2451 3560 nunc

349 3607 669 3707 linguam
702 3637 743 3681 a
769 3609 1170 3683 testimonio
1204 3608 1545 3682 coercetis.
1573 3606 1787 3699 Quod
1816 3604 2058 3707 procul
2088 3602 2303 3677 dubio
2332 3622 2442 3674 te-

350 3723 734 3796 merarium
785 3751 929 3798 esse
960 3725 1361 3826 judicamus
1401 3746 1468 3796 et
1514 3724 1857 3824 im'pium,
1907 3743 1986 3795 ut
2027 3718 2455 3818 religionem·

348 3838 654 3937 publicae
673 3841 1052 3913 sanctitatis
1065 3839 1479 3940 turpitudini
1510 3859 1654 3912 tam
1671 3838 2003 3911 obscoenoe
2020 3860 2453 3908 consensum·

350 3954 853 4028 crediderimus
882 3955 1274 4056 praebuisse.
1299 3958 1644 4028 Caeterum
1674 3974 1753 4026 ut
1771 3953 1858 4026 de
1886 3950 2130 4024 militis
2160 3970 2229 4022 et
2253 3969 2442 4021 acto-

350 4070 443 4143 ris
477 4072 626 4174 ejus
659 4093 921 4145 constet
943 4072 1341 4163 mendacio,
1376 4099 1606 4145 unum
1636 4072 1785 4144 sine
1816 4069 2006 4142 nube
2034 4065 2442 4139 manifesta—

345 4185 446 4257 vit
491 4186 877 4261 silentium.
930 4188 1042 4260 Ad
1100 4188 1576 4286 probationem
1607 4197 1612 4202 ’
1641 4183 1927 4285 impacti
1982 4181 2307 4256 facinoris
2363 4178 2439 4249 in

347 4300 712 4378 tribunum
726 4361 745 4396 ‚
768 4305 977 4378 unius
1006 4304 1350 4379 accusatio
1370 4305 1632 4404 linguar
1651 4329 1794 4375 non
1806 4299 2059 4374 sufficit
2071 4330 2088 4390 ;
2121 4294 2438 4396 alioquin
