3200 5117
560 573 832 638 DECL.
879 570 1114 636 XVII.
1163 566 1651 632 VENENUM
1695 566 2174 632 EFFUSUM.
2288 563 2419 654 367

323 697 485 770 cidae
518 715 1012 796 argumentum
1038 713 1138 765 est
1170 711 1238 764 et
1268 691 1403 763 hoc
1436 692 1668 790 ipsum
1689 745 1708 781 ‚
1740 692 1929 791 quod
1957 691 2262 763 habuisti
2293 717 2417 762 ve-

319 840 613 884 nenum.
639 810 996 883 Omnibus
1019 865 1037 899 ,
1048 807 1325 909 judices
1343 863 1362 896 ,
1385 805 1643 904 quibus
1660 807 1750 877 ad
1770 807 2109 879 scelerum
2130 827 2418 877 conatus

319 928 685 1029 adjuvatur
708 925 1131 999 deteriorum
1155 919 1472 1022 quotidie
1495 922 1799 993 fecunda
1825 922 2205 994 mortalitas
2222 978 2240 1012 ‚
2274 947 2419 992 non

320 1045 502 1117 hanc
531 1044 753 1117 solam
779 1041 1164 1140 potentiam
1198 1059 1445 1110 natura
1472 1037 1838 1126 concessit,
1870 1038 1943 1108 in
1974 1063 2195 1134 quam
2217 1035 2420 1106 malis

321 1160 680 1234 mentibus
704 1178 771 1231 et
789 1157 1200 1229 nocentium
1222 1154 1577 1225 ducuntur
1598 1154 1925 1252 ingeniis,
1952 1152 2071 1225 sed
2097 1152 2233 1223 illis
2257 1179 2421 1225 usus

323 1304 404 1348 ex
439 1275 678 1348 animo
715 1294 843 1364 est,
892 1292 1254 1369 totumque
1297 1268 1489 1366 qnod
1524 1268 1832 1359 faciunt,
1874 1268 1963 1340 de
2001 1268 2421 1340 conscientia

323 1391 647 1489 possiden
656 1389 740 1461 tis
761 1387 1127 1487 accipiunt.
1149 1385 1348 1476 Quid
1366 1385 1558 1457 enim
1582 1385 1640 1455 si
1658 1385 1995 1456 latronem
2018 1382 2248 1482 gladio
2267 1404 2424 1456 tan-

322 1524 479 1575 tum
515 1503 806 1603 probes?
838 1503 932 1575 sic
965 1501 1336 1574 munimus
1371 1520 1437 1573 et
1474 1526 1775 1571 somnos.
1813 1502 2072 1570 Excute
2111 1500 2422 1598 peregri-

323 1618 651 1689 nantium
686 1617 917 1705 sinus,
964 1617 1228 1687 haerent
1264 1614 1404 1685 tela
1437 1613 1784 1685 sollicitis:
1830 1640 1974 1684 non
2016 1634 2251 1686 vetant
2295 1614 2422 1684 ista

324 1732 507 1831 leges
548 1758 828 1831 parare,
868 1730 1293 1830 prospicere3
1335 1754 1465 1798 nec
1507 1728 1973 1798 instrumenta
2013 1727 2418 1824 prohibent,

324 1847 443 1921 sed
476 1846 823 1920 aestimant
854 1870 1041 1915 usuS.
1077 1842 1293 1939 Finge
1329 1868 1443 1913 me
1475 1841 1666 1915 velut
1703 1841 1780 1911 in
1819 1840 2052 1913 media
2084 1843 2425 1939 prosperi-

324 1983 465 2034 tate
487 1962 636 2035 vitae
660 1958 1089 2060 proclamare
1116 1959 1531 2027 :Venenum
1552 1955 1822 2053 paravi:
1853 1955 1947 2026 ad
1964 1954 2151 2052 quod
2178 1955 2421 2027 incerti

324 2104 557 2168 casus,
593 2076 682 2148 ad
714 2075 907 2176 quod
939 2073 1261 2174 languor,
1292 2071 1492 2144 dolor
1522 2073 1612 2144 ad
1637 2071 1828 2172 quod
1861 2073 2269 2169 confugeret
2292 2071 2425 2142 im—

324 2192 592 2291 provisa
618 2190 955 2264 debilitas.

424 2308 576 2378 XII.
611 2303 978 2377 Miramini
998 2302 1190 2402 quod
1215 2300 1350 2372 hoc
1377 2300 1663 2373 fecerim
1688 2299 1902 2372 homo
1919 2359 1938 2393 ,
1960 2300 2081 2399 qui
2107 2301 2286 2373 circa
2307 2326 2422 2371 me

327 2425 724 2514 fortunam,
768 2417 887 2522 qni
930 2419 1679 2492 discrimina-humana
1709 2419 1996 2491 lassavi?
2035 2419 2150 2491 cui
2194 2418 2423 2490 nescio

332 2539 500 2633 quid
533 2540 764 2609 adhuc
792 2559 987 2637 paret
1023 2538 1221 2610 toties
1251 2538 1425 2609 victa
1453 2536 1754 2610 delatio?
1788 2537 2034 2610 debuit
2060 2537 2315 2609 habere
2345 2537 2421 2608 in

332 2678 455 2722 sua
479 2673 804 2750 potestate
825 2673 1120 2724 mortem
1139 2708 1157 2739 ,
1183 2679 1394 2751 quem
1407 2651 1562 2752 jam
1585 2674 1780 2751 pater
1799 2673 2062 2753 poterat
2083 2652 2420 2724 occidere.

331 2767 494 2838 Non
527 2787 659 2855 est,
696 2766 958 2864 inquit,
994 2766 1321 2838 credibile
1340 2822 1362 2855 ‚
1388 2788 1470 2838 ut
1498 2767 1677 2839 mori
1705 2768 1998 2840 volueris
2028 2768 2419 2858 absolutus,

331 2884 451 2982 qui
483 2909 637 2954 reus
666 2883 969 2955 noluisti.
1002 2886 1318 2981 Poteram
1346 2882 1634 2982 quidem
1663 2885 1925 2975 dicere,
1959 2906 2188 2984 pater:
2223 2884 2382 2954 Vixi
2401 2938 2419 2969 ,

328 2999 504 3070 dum
535 3024 734 3098 spero
765 2999 865 3070 fas
900 3024 1077 3088 esse,
1114 3019 1191 3069 ut
1227 2998 1518 3097 incipias
1550 2998 1930 3097 aliquando
1966 2998 2313 3086 misereri,
2347 3019 2424 3070 ut

329 3136 392 3186 te
421 3113 701 3213 squalor
730 3140 930 3185 meus
956 3114 1265 3212 frangat,
1300 3113 1627 3211 mitigent.
1646 3113 1983 3205 lacrimae,
2009 3113 2228 3214 pallor
2258 3140 2421 3184 e‘xo-

331 3252 470 3300 ret:
509 3229 630 3300 sed
667 3229 946 3327 ignosce
982 3227 1442 3319 innocentiae,
1483 3249 1656 3301 tunc
1689 3256 1802 3300 me
1839 3229 2073 3301 decuit
2111 3226 2423 3328 pertinax

332 3364 401 3414 et
433 3343 654 3439 rigida
693 3343 1040 3416 defensio:
1080 3343 1252 3434 vixi,
1291 3370 1384 3415 ne
1427 3371 1539 3415 me
1573 3343 1916 3416 videretur
1958 3343 2294 3441 expulisse
2336 3343 2420 3414 de

333 3457 568 3529 seculo
609 3457 1121 3556 profundorum
1168 3458 1508 3530 scelerum
1545 3458 1979 3556 deprebensa
2023 3458 2421 3557 trepidatio:

334 3598 423 3643 ne
452 3598 658 3670 super
689 3572 977 3644 cadaver
1013 3597 1256 3642 meum
1297 3570 1720 3670 proclamare
1757 3598 2014 3671 posses,
2043 3574 2240 3645 Certe
2276 3600 2424 3646 me-

335 3687 467 3759 rito
501 3687 741 3777 timui,
783 3687 1032 3759 merito
1068 3686 1348 3785 praedixi
1381 3714 1767 3777 venenum,
1814 3688 1939 3787 qui
1969 3689 2244 3762 vivendi
2278 3715 2422 3761 non

335 3801 642 3873 habebat
667 3802 1063 3874 audaciam:
1097 3827 1189 3873 ne
1222 3800 1561 3898 supremis
1591 3802 1764 3874 meis
1797 3803 2307 3893 conviciareris3
2332 3830 2424 3875 ne

336 3917 509 4014 quid
553 3944 786 4016 posses
830 3917 1129 4018 objicere
1162 3916 1318 4016 jam
1355 3942 1500 3988 non
1543 3939 1900 4016 negaturo.
1942 3924 2208 3991 Verum
2232 3935 2247 3964 ¹
2296 3919 2423 3995 tibi

411 4149 429 4183 1
442 4173 453 4184 .
482 4132 691 4187 Verum.
713 4134 796 4186 An
815 4135 881 4186 sit
902 4153 1004 4207 pro
1029 4136 1238 4199 veritas,
1264 4152 1332 4186 an
1413 4153 1534 4185 nem
1549 4134 1714 4186 facias
1731 4135 1786 4185 in
1801 4133 1905 4185 hoc
1922 4132 2218 4188 discrimine
2234 4157 2247 4198 ;
2270 4135 2418 4206 quip-

332 4215 656 4282 conjunctio‚
676 4211 825 4265 nullo
845 4213 1005 4265 modo
1022 4216 1188 4265 ausim
1205 4213 1337 4265 affir-
1414 4236 1483 4288 pe
1506 4217 1723 4266 omnino
1746 4233 1928 4267 sensus
1947 4217 2152 4286 integer
2166 4229 2243 4268 est
2256 4253 2272 4280 ‚
2288 4234 2421 4286 quo·

335 4309 507 4344 mare:
529 4310 640 4344 non
660 4291 792 4344 tanti
809 4306 890 4343 est
901 4306 1075 4345 autem
1095 4307 1155 4346 ut
1169 4294 1339 4367 optio·
1417 4313 1631 4367 cunque
1654 4294 1814 4347 modo
1838 4297 2033 4366 capias.
2060 4297 2276 4348 Senum.
