3200 5117
803 547 915 614 izi
1294 535 1386 597 M.
1438 534 1686 596 mnu
1735 531 2370 612 Qcix'ritmsl

796 690 1021 732 meam
1059 681 1325 758 peracta
1357 659 1662 729 conditio
1687 672 1732 746 ¹,
1767 659 2097 727 continuo
2137 657 2352 754 pirata
2384 656 2672 728 detraxit
2704 681 2880 728 cate-

796 805 950 861 nas,
974 774 1243 845 vincula
1268 773 1530 844 laxavit.
1568 771 1794 843 Vultis
1816 771 2101 868 elegisse
2129 799 2241 840 me
2268 771 2557 868 negem?
2581 770 2781 840 vultis
2805 773 2878 841 in

798 890 1023 960 lucem
1064 889 1390 985 diemque
1422 888 1827 986 productuS,
1869 887 2120 956 carceri
2153 912 2276 957 suo
2313 885 2637 956 reddatur
2671 887 2881 981 aeger?

799 1034 923 1102 ego
943 1032 1097 1075 vero
1116 1031 1255 1074 non
1279 1003 1495 1073 habui
1512 1004 1718 1073 verba
1737 1058 1755 1089 ‚
1776 1002 2030 1096 quibus
2055 1028 2165 1071 mc
2187 1001 2565 1072 deliberare
2581 1060 2598 1088 ,
2624 1002 2879 1097 quibus

800 1119 983 1192 nolle
1018 1118 1503 1189 contenderem
1531 1146 1543 1186 :
1584 1116 1807 1186 Vultis
1834 1117 1998 1186 scire
2020 1116 2189 1212 quid
2215 1137 2440 1213 pater,
2460 1115 2630 1213 quid
2662 1115 2878 1211 pirata

800 1234 1209 1333 praestiterit?
1222 1261 1347 1330 ego
1366 1234 1536 1303 duos
1554 1232 1840 1319 redemi,
1854 1231 1973 1301 sed
1994 1231 2286 1300 alterum
2306 1230 2556 1328 accepi.
2577 1232 2670 1300 [It
2682 1233 2876 1316 scias,

802 1351 1033 1447 inquit
1051 1406 1068 1436 ,
1092 1377 1349 1446 aegrum
1377 1348 1618 1419 redimi
1642 1374 1782 1417 non
1806 1346 2159 1435 debuisse,
2182 1346 2548 1417 defunctus
2564 1366 2686 1416 est.
2714 1347 2880 1416 Cru-

802 1464 1148 1536 delissime
1174 1464 1443 1561 generis
1468 1464 1798 1550 humani,
1823 1462 1944 1558 qui
1979 1489 2101 1532 nos
2128 1483 2323 1559 putas
2353 1462 2650 1559 pretium
2679 1483 2878 1532 tuum

802 1582 1177 1680 perdidisse
1197 1640 1215 1669 ‚
1247 1582 1408 1653 audi
1438 1608 1648 1679 quam
1680 1581 1897 1651 multa
1923 1580 2121 1651 nobis
2146 1580 2217 1650 in
2244 1580 2576 1649 morituro
2604 1577 2747 1649 filio
2772 1579 2882 1676 pi-

802 1719 943 1767 rata
970 1697 1375 1767 reddiderit:
1406 1698 1615 1766 frater
1639 1695 1754 1766 ille
1781 1717 1940 1766 tuus
1967 1695 2144 1764 inter
2173 1693 2448 1764 vincula
2474 1716 2880 1790 catenasque

803 1811 1162 1898 deficiens,
1195 1811 1547 1908 respiravit
1569 1811 1837 1908 aliquid
1879 1811 1948 1880 in
1982 1831 2161 1896 toro,
2193 1810 2613 1906 tandemque
2637 1808 2880 1879 liberas

801 1926 1091 1996 vinculis
1137 1953 1385 1996 manus
1436 1953 1555 2023 per
1597 1927 1802 1996 totius
1837 1924 2062 1996 lectuli
2111 1926 2329 2023 spatia
2363 1925 2683 2024 jactavit,
2732 1949 2882 2022 post

804 2040 1048 2138 impias
1079 2041 1356 2110 carceris
1384 2041 1613 2111 sordes
1646 2040 1844 2110 illum
1871 2067 2031 2109 cum
2061 2040 2254 2109 ferali
2283 2061 2460 2110 veste
2493 2038 2880 2136 squalorem

806 2157 1024 2243 exuit,
1068 2155 1442 2253 paullisper
1475 2182 1648 2252 aeger
1687 2154 1858 2224 vidit
1901 2154 2329 2252 propinquos
2353 2210 2371 2241 ,
2411 2155 2744 2224 allocutus
2782 2174 2882 2223 est

801 2271 1057 2342 amicos
1076 2326 1093 2356 ‚
1130 2270 1507 2359 mandavit,
1536 2271 1835 2367 exegit2:
1876 2291 1940 2340 et
1969 2272 2283 2368 quamvis
2313 2296 2633 2368 suprema
2660 2267 2880 2340 3sorte

806 2384 1155 2455 collabcns
1180 2444 1197 2473 ‚
1235 2386 1421 2482 prius
1456 2409 1687 2456 tamen
1720 2387 1872 2457 luce
1907 2388 2048 2457 caeli
2080 2386 2298 2458 libera
2332 2388 2614 2457 satiatus
2650 2407 2769 2456 est.

903 2501 1087 2568 XXI.
1133 2501 1446 2571 Contulit
1492 2501 1667 2571 mihi
1716 2502 2007 2598 grande,
2043 2502 2205 2573 velit
2245 2502 2453 2588 nolit,
2493 2503 2770 2571 fortuna
2809 2499 2881 2568 in

807 2614 1097 2684 orbitate
1136 2613 1489 2700 solatium3
1529 2617 1789 2704 filium,
1826 2618 1945 2715 qui
1982 2617 2252 2688 relictus
2296 2644 2449 2687 mea
2483 2617 2622 2686 fuit
2666 2613 2882 2686 mori-

808 2749 1001 2799 turus
1036 2728 1333 2818 invidia,
1359 2756 1499 2800 non
1531 2733 1797 2822 occidi,
1829 2734 1947 2803 sed
1979 2733 2275 2830 perdidi.
2306 2733 2501 2822 Quid
2531 2729 2884 2829 ais‚juve-

807 2843 952 2914 nis?
985 2844 1078 2914 ita
1113 2845 1168 2914 si
1204 2845 1617 2915 moriturum
1656 2845 1878 2917 filium
1915 2848 2249 2935 redimere
2284 2875 2426 2918 non
2460 2846 2702 2933 debui,
2739 2871 2883 2914 non

808 2958 1061 3029 sufficit
1092 2958 1235 3030 haec
1264 2959 1384 3031 tibi
1420 2961 1504 3031 de
1539 2988 1651 3030 me
1692 2989 1922 3057 poena,
1962 2962 2150 3060 quod
2187 2962 2300 3032 ille
2334 2959 2658 3033 decessit?
2686 2960 2885 3030 irasci

808 3073 980 3170 patri
1030 3096 1300 3144 tantum
1352 3075 1628 3145 fortasse
1675 3077 1776 3144 fas
1819 3097 2026 3164 esset,
2061 3076 2113 3146 si
2155 3077 2403 3146 viveret
2439 3078 2677 3161 frater,
2720 3094 2886 3144 tunc

807 3187 1134 3258 alimenta
1166 3190 1493 3285 quaerenti
1532 3191 1939 3287 respondere
1971 3218 2236 3289 posses;
2268 3195 2473 3261 Posce
2503 3190 2881 3288 praelatum.

810 3303 1175 3391 Quantum
1214 3303 1527 3401 intelligo
1549 3362 1567 3394 ‚
1607 3306 1728 3403 qui
1763 3306 1848 3375 de
1885 3306 2317 3378 mendicitate
2348 3305 2554 3403 patris
2587 3304 2888 3375 vindiea-

812 3418 934 3507 ris,
981 3420 1136 3514 aegri
1188 3446 1258 3489 es
1311 3419 1644 3520 redempti
1677 3420 2001 3520 juvenis4
2044 3423 2410 3494 inimicus?
2455 3422 2671 3492 nescis
2717 3419 2886 3518 quid

811 3533 894 3603 sit
928 3533 1263 3604 invidiam
1297 3537 1519 3607 facere
1555 3538 1765 3635 patri:
1807 3539 2052 3610 melior
2076 3559 2219 3610 erat
2251 3559 2369 3610 tua
2399 3564 2637 3628 causa,
2666 3538 2722 3608 si
2748 3540 2884 3607 mei

807 3686 898 3755 θέε.
933 3688 1018 3737 W.
1044 3688 1293 3739 Francius
1317 3689 1558 3756 volebat,
1590 3702 1637 3741 te
1659 3702 1812 3761 pater
1961 3693 2012 3744 3.
2036 3695 2289 3765 Suprema
2314 3703 2458 3745 sorte.
2489 3694 2712 3762 Propter
2737 3702 2888 3762 post-

810 3765 983 3836 01095‘·
1890 3791 2088 3824 remum
2104 3775 2417 3844 captivitatis
2434 3786 2623 3824 statum
2635 3810 2652 3838 ‚
2669 3770 2760 3824 ubi
2778 3769 2891 3821 col-

890 3861 930 3894 t.
963 3844 1179 3896 Peracta
1208 3847 1452 3899 conditio.
1487 3849 1547 3900 ld
1575 3865 1686 3918 est,
1713 3869 1808 3921 op·
1890 3851 2085 3920 legerat
2110 3853 2252 3904 hunc
2277 3852 2547 3904 morbum:
2569 3849 2652 3901 vel
2672 3851 2786 3919 lege
2804 3868 2888 3900 su-

815 3922 902 3971 tio.
932 3921 1147 3973 Senum·-
1885 3949 2120 4000 premam
2149 3941 2324 3982 morte.
2352 3930 2569 3981 Sem-ts.

886 4017 933 4049 π.
954 4001 1157 4074 Exegit.
1180 4003 1297 4054 Scil.
1324 4018 1378 4055 ut
1399 4018 1450 4056 et
1469 4025 1813 4076 exsequeren-
1962 4011 2011 4076 4.
2059 4012 2292 4062 Iuvenis.
2339 4010 2585 4062 Notabile
2626 4009 2729 4059 hoc
2769 4026 2886 4058 voc.

814 4093 926 4144 tur,
970 4097 1083 4150 quae
1130 4082 1494 4136 mandaverat:
1544 4100 1602 4138 ut
1647 4087 1809 4159 paulo
1893 4107 1997 4158 quo
2026 4091 2190 4140 frater
2215 4091 2366 4158 cujus
2396 4087 2593 4158 praelati
2626 4087 2680 4137 fit
2715 4085 2888 4140 iuimi-

812 4172 961 4234 post‚
979 4177 1227 4230 suprema·
1246 4165 1449 4231 pictate}
1466 4164 1716 4236 exr'ye'mus
1732 4165 1810 4235 of·
1892 4188 2016 4234 cus,
2049 4188 2155 4220 non
2178 4173 2289 4239 jam
2318 4169 2480 4218 frater
2508 4182 2617 4231 est,
2641 4179 2693 4217 at
2716 4164 2889 4219 solum

798 4237 1006 4312 ficium.
1033 4241 1248 4294 Scut'vr.
1893 4245 2052 4298 homo
2073 4260 2343 4317 superest,
2362 4247 2584 4315 juvenis.
2610 4245 2700 4295 En.
