3200 5117
589 489 797 557 ΠΕΟ.
835 489 1112 556 xvm.
1153 487 1548 553 mFAMls
1588 489 1684 553 m
1724 489 2165 568 MATREM‚
2206 489 2256 553 1.
2342 490 2468 577 377

902 988 1591 1059 DECLAMATIO
1645 989 1937 1060 XVIII.

769 1239 1271 1323 INFAMIS
1336 1246 1461 1324 IN
1526 1241 2073 1323 MATREM.

1097 1533 1754 1596 ARGUMENTUM.

382 1685 566 1772 Malae
615 1686 1007 1746 tractationis
1058 1689 1139 1747 sit
1185 1689 1346 1749 actio
1369 1699 1408 1747 ¹.
1456 1688 1815 1770 Speciosum
1862 1684 2063 1744 filium
2085 1727 2103 1757 ‚
2147 1681 2441 1742 infamem
2460 1728 2479 1758 ‚

459 1795 785 1866 tamquam
804 1786 1112 1845 incestum
1131 1807 1278 1847 cum
1298 1798 1495 1846 matre
1514 1786 1955 1857 committeret,
1975 1794 2149 1864 pater
2168 1782 2234 1839 in
2255 1793 2483 1840 secreta

458 1893 637 1962 parte
657 1879 885 1941 domus
911 1884 1118 1958 torsit,
1143 1896 1203 1943 et
1223 1881 1452 1944 occidit
1471 1884 1537 1942 in
1558 1882 1904 1941 tormentis.
1926 1881 2281 1959 lutei-rogat
2298 1876 2481 1936 illum

462 1990 676 2056 mater,
704 1978 853 2061 quid
885 2001 957 2040 ex
985 1979 1120 2056 filio
1147 1981 1542 2064 compererit.
1568 1981 1897 2041 Nolentem
1924 1977 2128 2039 dicere
2150 1976 2334 2038 malae
2356 1989 2480 2035 tra-

461 2077 750 2136 ctationis
775 2087 1040 2137 accusat.
2116 2103 2147 2116 -

757 2303 901 2350 PRO
949 2297 1298 2352 MUmERE
1348 2297 1661 2351 CONTRA
1709 2303 2103 2350 MAMTUM.

484 2475 655 2546 CAP.
683 2477 736 2544 Ι.
769 2475 946 2564 Etsi,
975 2475 1284 2576 judices,
1324 2476 1818 2549 callidissimus
1843 2474 2186 2577 parricida
2213 2473 2484 2546 facinus

391 2612 599 2659 suum
635 2588 729 2658 sic
762 2588 1100 2661 ordinavit
1115 2604 1167 2680 ²,
1204 2612 1282 2662 ut
1311 2592 1505 2662 vobis
1539 2613 1835 2663 matrem
1870 2594 2123 2664 faceret
2157 2588 2482 2679 invisam,

391 2702 529 2774 sive
564 2702 1028 2776 dissimularet
1061 2705 1312 2777 misera
1342 2728 1647 2778 mortem
1680 2708 1809 2779 filii
1841 2708 1983 2796 sui,
2013 2707 2150 2778 sive
2174 2731 2487 2804 querere-

390 2837 507 2888 tur
537 2876 555 2909 ‚
610 2838 941 2917 tantaque
988 2841 1459 2892 monstrorum
1503 2821 1797 2893 novitate
1847 2813 2348 2892 circumdatam
2404 2830 2489 2891 eo

389 2931 746 3030 perduxit,
790 2953 869 3004 ut
907 2933 1038 3005 sibi
1073 2934 1384 3007 videatur
1417 2935 1884 3007 infamatums
1920 2935 2172 3007 iterum
2211 2934 2321 3005 vel
2357 2960 2486 3032 pa-

389 3047 706 3121 tientiam
742 3071 1077 3139 nostram,
1111 3052 1218 3124 vel
1248 3052 1564 3125 dolorem
1590 3082 1609 3142 ;
1642 3052 1842 3124 matri
1877 3072 2113 3123 tamen
2134 3107 2154 3141 ‚
2186 3050 2259 3121 in
2290 3051 2490 3151 cujus

392 3163 904 3238 calamitatibus
952 3194 1040 3238 ne
1083 3168 1466 3240 minimum
1491 3167 1520 3213 ³
1568 3169 1699 3242 sibi
1738 3168 2044 3240 vindicat
2084 3166 2340 3239 orbitas
2385 3165 2492 3237 lo-

394 3304 558 3349 cum
580 3336 599 3367 ‚
646 3279 805 3353 ideo
844 3282 930 3354 ad
967 3311 1084 3357 vos
1125 3286 1542 3384 fugiendum
1577 3287 1709 3359 fuit
1735 3345 1754 3377 ‚
1790 3308 1870 3358 ut
1901 3285 2166 3358 sciretis
2210 3309 2354 3355 non
2390 3280 2493 3352 illi

394 3393 738 3492 praestari‚
794 3395 981 3492 quod
1029 3418 1205 3469 tacet
1253 3399 1565 3472 maritus.
1617 3400 1892 3489 Laudo,
1927 3398 2230 3501 judices,
2281 3395 2495 3468 laudo

397 3508 757 3600 miseram,
809 3511 997 3608 quod
1047 3511 1465 3613 interrogare
1515 3516 1748 3587 noluit
1796 3515 2029 3605 domi,
2073 3512 2262 3613 quod
2312 3512 2490 3584 nihil

395 3621 556 3693 fecit
597 3644 668 3695 et
713 3623 861 3722 ipsa
891 3645 1170 3697 secreto.
1221 3627 1358 3699 Hic
1387 3655 1620 3701 coram
1657 3630 1956 3720 civitate,
1987 3655 2225 3702 coram
2262 3626 2496 3699 liberis

474 3816 491 3851 ι
506 3840 517 3851 .
543 3801 623 3853 Sit
646 3803 799 3854 actio.
834 3803 918 3854 Fit
953 3806 1089 3856 actio
1103 3842 1121 3870 ,
1143 3806 1233 3856 W.
1255 3803 1401 3857 Leid.
1557 3807 1609 3858 3.
1626 3809 1709 3861 Ne
1724 3810 2021 3861 minimum.
2040 3807 2167 3859 Dele
2189 3803 2244 3858 «ra
2268 3825 2346 3857 ne.
2363 3805 2497 3858 Gno-

395 3899 478 3953 pr.
512 3899 616 3933 sec.
646 3887 800 3935 Voss.
824 3902 907 3956 pr.
1487 3906 1608 3941 nov.
1627 3889 1983 3962 Schultingius
2006 3907 2221 3959 qnoque
2235 3887 2375 3940 delet
2396 3906 2461 3940 ne
2474 3927 2497 3960 θ

470 3980 519 4013 a.
546 3963 632 4015 Sic
664 3964 938 4017 ordinavit.
975 3968 1158 4018 Senec.
1189 3966 1405 4039 Thyest.
1487 3969 1568 4023 vel
1596 3989 1661 4021 eo
1688 3983 1891 4022 mutato
1916 3970 1970 4019 in
1992 3967 2083 4030 de,
2105 3980 2157 4019 et
2178 3981 2402 4020 retracto
2427 3967 2498 4018 le—

399 4043 532 4114 715‚
557 4058 609 4097 et
634 4067 647 4097 ε
685 4069 706 4092 κ
727 4045 927 4098 Saevum
954 4047 1138 4120 scelus·
1143 4050 1294 4117 juvat
1318 4069 1409 4101 οι·-
1488 4054 1590 4124 git,
1637 4052 1700 4103 dc
1735 4054 1883 4122 cujus
1923 4048 2305 4102 calamitatibus
2336 4049 2496 4100 mini-

404 4125 650 4179 «dinare.
675 4152 696 4174 υ
722 4127 941 4181 Senot-r.
968 4129 1052 4181 Sic
1076 4129 1312 4184 Declam.
1331 4132 1403 4184 11:
1490 4149 1654 4182 mum.
1699 4129 1825 4182 Non
1863 4130 2143 4181 minimum
2159 4169 2177 4196 ‚
2223 4125 2368 4181 Laid.
2410 4145 2494 4197 pr.

408 4228 430 4252 n
447 4207 706 4270 ordinare
726 4207 1049 4263 dilationem.
1076 4234 1097 4257 n
1485 4211 1688 4265 Lucas:
1711 4210 1869 4261 etiam
1892 4208 2046 4261 bene.
