3200 5117
780 534 909 599 256
1276 534 1369 596 M.
1421 534 1666 596 FABII
1715 532 2353 615 QUINTILIANI

779 657 923 759 pati
965 656 1200 758 jubet,
1248 656 1395 757 ejus
1442 680 1714 752 poenam
1767 654 2061 753 exigere,
2119 654 2307 752 quod
2352 655 2649 748 fecisset,
2703 680 2853 731 *non

782 773 972 874 quod
1000 774 1220 843 facere
1258 769 1598 855 voluisset.
1636 770 2015 868 Fingamus
2048 791 2282 842 tamen
2327 797 2470 842 non
2514 772 2644 845 hoc
2679 801 2858 873 pau-

781 914 1017 987 perem
1038 883 1579 984 captasse,-quod
1604 884 1869 973 accidit,
1895 884 2005 954 cui
2031 883 2241 956 debet
2264 884 2588 983 imputari
2614 888 2850 973 exitus,

781 1003 901 1100 qui
928 1001 1012 1073 de
1037 1001 1406 1073 calumniae
1429 1020 1563 1070 tuae
1586 998 1781 1069 fluxit
1804 997 2063 1070 errore?
2091 997 2318 1070 Vultis
2340 999 2543 1089 scire,
2556 1001 2851 1099 judices,

778 1118 967 1191 aliud
1008 1117 1411 1216 quaesitum,
1459 1142 1675 1213 quam
1718 1113 1908 1213 quod
1955 1114 2091 1204 lex,
2141 1142 2294 1214 quae
2326 1118 2502 1187 mori
2526 1117 2855 1219 jubebat?

776 1235 1114 1307 accusavit
1145 1260 1258 1304 me
1302 1259 1382 1304 eo
1416 1252 1723 1329 tempore
1743 1289 1761 1321 ,
1796 1259 1934 1329 quo
1968 1259 2113 1303 non
2146 1253 2457 1331 poteram
2488 1234 2853 1306 damnatus

780 1351 1022 1423 occidi.
1055 1351 1185 1421 Dic
1222 1326 1444 1439 nunc,
1478 1375 1619 1419 non
1646 1375 1773 1447 ego
1799 1348 2025 1438 effeci,
2050 1370 2127 1421 ut
2151 1348 2624 1422 occiderentur
2647 1351 2849 1422 liberi

781 1468 913 1557 tui,
954 1487 1018 1538 et
1048 1467 1227 1537 aude
1268 1464 1553 1537 civitatis
1588 1462 1764 1534 illud
1797 1489 2032 1534 vocare
2075 1465 2385 1537 facinus:
2433 1492 2574 1537 non
2616 1487 2848 1539 tamen

780 1580 943 1653 ullis
976 1579 1229 1652 efficies
1262 1579 1553 1651 artibus¹
1575 1636 1593 1667 ,
1628 1599 1703 1649 ut
1735 1605 1878 1649 non
1903 1579 2131 1675 potius
2160 1579 2486 1651 miserear
2514 1579 2851 1679 reipubli-

782 1723 875 1767 cae
901 1722 1104 1767 meae:
1137 1721 1279 1766 non
1309 1694 1541 1764 minus
1572 1713 1639 1763 et
1661 1692 1778 1763 illa
1802 1692 2074 1764 facinus
2102 1714 2204 1765 est
2231 1720 2461 1790 passa,
2493 1720 2702 1790 quam
2733 1694 2853 1792 pa'-

780 1831 923 1881 ter:
974 1830 1207 1881 coacta
1252 1831 1351 1880 est
1396 1808 1651 1880 liberos
1694 1808 2116 1905 imperatoris
2151 1807 2483 1880 vincentis
2520 1807 2847 1881 occidere.

776 1916 1095 2014 Fallitur,
1124 1923 1427 2023 judiceS,
1460 1924 1770 2020 quisquis
1804 1922 2030 1993 ullum
2060 1923 2325 1995 facinus
2368 1923 2437 1994 in
2481 1922 2688 1995 rebus
2714 1924 2852 1995 hu-

780 2040 1004 2112 manis
1033 2039 1397 2139 publicum
1425 2059 1639 2136 putat.
1676 2038 2240 2109 persuadentium
2269 2039 2436 2108 vires
2459 2060 2623 2110 sunt
2646 2039 2853 2137 quid-

782 2153 953 2255 quid
986 2154 1219 2225 civitas
1244 2153 1441 2244 facit,
1479 2175 1547 2225 et
1569 2153 2034 2251 quodcunque
2059 2153 2219 2225 facit
2247 2153 2584 2252 populus»,
2619 2180 2850 2226 secun-

783 2269 953 2339 dum
989 2269 1177 2367 quod
1233 2289 1689 2368 exasperatur,
1747 2268 2048 2339 irascitur
2079 2296 2092 2338 ε
2138 2269 2231 2339 sic
2286 2295 2570 2368 corpora
2624 2264 2850 2341 no'stra

782 2404 1052 2456 motum
1118 2386 1245 2455 nisi
1309 2386 1392 2456 de
1453 2404 1685 2456 mente
1737 2411 1877 2454 non
1928 2371 2254 2472 sumunt,
2307 2405 2372 2455 et
2420 2383 2633 2456 otiosa
2688 2406 2848 2455 sunt

782 2498 1136 2587 membra,
1186 2498 1406 2568 donec
1451 2496 1583 2567 illis
1630 2496 1908 2569 animus
1956 2518 2208 2567 utatur.
2245 2496 2358 2566 Nil
2402 2518 2506 2568 est
2547 2496 2842 2585 facilius,

780 2639 990 2709 quam
1034 2613 1106 2682 in
1142 2611 1526 2708 quemlibet
1555 2612 1882 2683 affectum
1913 2637 2187 2683 movere
2221 2611 2599 2710 populum:
2634 2611 2843 2698 nulli,

778 2753 1001 2825 quum
1057 2727 1355 2815 coimus,
1409 2755 1532 2799 sua
1588 2728 1947 2824 cogitatio,
2009 2755 2132 2798 sua
2191 2754 2425 2817 menS,
2481 2726 2624 2798 ulla
2678 2727 2844 2798 ratio

775 2864 1018 2941 praesto
1054 2863 1181 2933 est,
1219 2871 1342 2914 nec
1375 2843 1583 2914 habet
1622 2843 1763 2914 ulla
1800 2842 1999 2914 turba
2040 2844 2480 2941 prudentiam
2531 2841 2845 2937 singulo-

780 2984 971 3047 rum3
1006 2959 1144 3032 sive
1181 2960 1369 3058 quod
1404 2961 1640 3032 minus
1677 2959 1991 3057 publicos
2019 2961 2331 3057 capimus
2359 2959 2669 3043 affectus;
2690 2954 2841 3027 'sive

777 3073 1233 3171 negligentior
1266 3095 1390 3163 est,
1428 3075 1549 3172 qui
1589 3100 1658 3145 se
1689 3101 1831 3145 non
1865 3094 2062 3170 putat
2096 3073 2320 3144 solum
2360 3072 2605 3143 debere
2633 3070 2845 3142 ratio-'-

777 3214 974 3257 nem:
1022 3210 1088 3258 et
1135 3188 1337 3259 multi
1387 3189 1643 3259 fiducia
1687 3187 1980 3258 facimus
2026 3188 2367 3258 omnium.
2413 3186 2648 3275 Quam
2695 3212 2840 3258 non

776 3301 983 3397 possit
1024 3300 1529 3399 rempublicam
1574 3303 1883 3391 turbare,
1938 3303 2391 3392 confundere,
2437 3302 2490 3373 si
2538 3301 2695 3399 quis
2739 3328 2844 3372 re—

775 3434 978 3511 pente
1003 3413 1411 3512 proclamet,
1441 3416 1740 3513 prodidit
1754 3443 1869 3486 vos
1896 3416 2266 3514 imperator
2285 3438 2527 3506 vester,
2553 3415 2833 3491 addixit:
2863 3468 2870 3475 »

775 3548 841 3599 et
872 3554 1061 3599 nunc
1095 3527 1206 3599 ille
1232 3529 1477 3600 liberos
1511 3530 1759 3601 habet?
1787 3532 1855 3601 Si
1894 3531 2236 3603 mehercle
2271 3553 2423 3629 post
2448 3530 2666 3620 hanc,
2702 3529 2841 3601 ini-

773 3643 988 3731 mice,
1014 3669 1251 3715 vocem
1280 3647 1537 3743 templa
1571 3667 2042 3733 monstrasses‚
2073 3646 2478 3743 sacrilegum
2513 3647 2839 3718 continuo

775 3757 1117 3855 flagrasset
1150 3759 1553 3831 incendium
1574 3774 1625 3850 ²,
1663 3763 1718 3832 si
1754 3762 2040 3834 convelli
2075 3762 2440 3834 simulacra
2478 3763 2838 3850 voluisses,

848 3941 897 3976 ι.
915 3926 1038 3977 Non
1064 3937 1234 3976 tamen
1268 3923 1391 3977 ullis
1420 3923 1613 3997 efficies
1640 3931 1766 3980 arti-
1846 3927 2008 3979 dium.
2028 3928 2219 3980 Nescio
2241 3948 2308 3981 an
2327 3927 2431 3980 hoe
2452 3942 2591 3980 recte
2609 3928 2838 3989 dicatur}

770 4009 870 4059 bus.
900 4004 1053 4059 Ovid.
1087 4009 1212 4058 Met.
1250 4008 1395 4070 xm,
1426 4007 1523 4073 64:
1568 4031 1589 4053 ιι
1611 4008 1764 4061 Haud
1848 4024 1898 4060 et
1929 4029 2037 4060 non
2069 4010 2253 4063 melius
2282 4010 2565 4081 legeretur,
2603 4025 2655 4063 et
2687 4010 2842 4061 sacri·—

773 4113 795 4137 ι
815 4103 991 4140 tamen
1014 4085 1233 4154 efficiet,
1261 4086 1524 4150 desertum
1551 4103 1609 4141 ut
1629 4092 1762 4142 Nes·
1844 4090 2242 4167 leyoflaqrasset
2257 4093 2528 4160 incendio,
2553 4106 2613 4145 ut
2633 4091 2841 4144 volebat

774 4191 795 4213 ιι
818 4181 936 4219 tora
958 4167 1156 4219 crimen
1182 4166 1307 4219 Esse
1332 4185 1447 4219 rear
1470 4166 1705 4220 nullumz
1734 4194 1755 4218 n
1841 4171 1916 4223 Cl.
1967 4170 2344 4241 Schultingius:
2369 4171 2466 4224 -vel
2491 4173 2799 4249 flaqmssent
2815 4206 2834 4233 ,

840 4264 886 4297 2.
936 4244 1253 4318 Sacrilequm
1274 4247 1547 4322 flagrasset
1584 4246 1760 4302 incen-
1843 4250 2040 4303 scilicet
2061 4250 2282 4322 templa;
2302 4248 2383 4302 vel
2399 4250 2701 4323 sacrilequm
2713 4265 2840 4302 con·-
