3200 5117
717 583 796 648 52
1218 579 1311 643 M.
1362 575 1611 642 FAsstt
1658 575 2310 659 QUINTrLtANt

717 727 867 776 tum
888 702 1087 774 militi
1104 702 1494 790 tribunum,
1513 701 1884 800 imperatas
1902 700 2308 796 asperrimas
2326 696 2820 798 expeditioneS,

719 842 793 893 ut
818 818 1364 905 remitterentur,
1399 844 1577 913 saepe
1609 816 1868 886 ordinis
1889 882 1903 904 ,
1936 843 2111 913 saepe
2142 814 2488 886 affinitatis
2518 837 2650 885 tuae
2676 813 2823 914 jac-

718 957 927 1007 tatam
967 934 1274 1032 gratiam.
1322 933 1765 1004 Confitemur
1808 932 1889 1003 C.
1931 931 2140 1017 Mari,
2185 930 2445 1001 diutius
2492 930 2656 1001 vixit
2697 931 2822 1000 ob-

716 1076 982 1122 scoeuus
1022 1069 1408 1147 corruptor,
1453 1047 1624 1118 dum
1672 1047 1796 1117 ista
1838 1046 2036 1117 miles
2087 1074 2228 1116 non
2273 1046 2615 1145 intelligit.
2659 1048 2822 1118 Non

712 1167 938 1238 audeo
974 1166 1232 1254 dicere,
1265 1165 1668 1262 imperator,
1705 1163 1989 1261 concipe
2015 1162 2251 1233 animo
2279 1162 2609 1259 temporis
2635 1160 2822 1232 illius

716 1283 1072 1372 habitum,
1121 1282 1417 1353 reforma
1465 1279 1904 1378 cogitationes
1931 1295 1945 1323 ¹
1996 1302 2191 1350 tuas:
2244 1280 2314 1350 in
2354 1279 2499 1350 aliis
2538 1278 2822 1350 forsitan

715 1399 936 1470 causis
980 1398 1413 1496 permittatur
1452 1395 1936 1492 indignitatem
1973 1394 2069 1466 rei
2110 1395 2488 1466 orationem
2525 1420 2823 1492 exagge-

716 1541 895 1602 rare,
922 1513 1007 1584 de
1034 1511 1289 1612 injuria
1314 1530 1546 1582 nostra
1568 1511 1811 1581 Latine
1841 1510 2039 1607 queri
2068 1537 2209 1580 non
2236 1536 2608 1608 possumus
2634 1536 2647 1578 :
2677 1533 2822 1607 par-

713 1627 1022 1698 cendum
1060 1626 1281 1696 verbis
1320 1647 1456 1697 est:
1495 1624 1883 1696 inhibenda
1922 1652 2177 1723 magna
2211 1654 2290 1696 ex
2326 1645 2511 1724 parte
2539 1624 2816 1695 veritas:

714 1741 1301 1842 praevaricandum
1348 1741 1522 1812 mihi
1567 1755 1734 1828 θεῖ’,
1774 1741 1827 1811 si
1868 1740 2208 1841 pudorem
2249 1741 2491 1811 habeo.
2542 1740 2822 1813 Collatis

712 1885 874 1930 cum
892 1857 1081 1928 hoste
1096 1857 1489 1955 gravissimo
1508 1856 1906 1926 comminus
1921 1855 2146 1928 castris
2162 1913 2179 1944 ,
2197 1883 2421 1953 quum
2442 1876 2665 1926 totum
2681 1855 2820 1926 bel-

711 1973 863 2045 lum
904 1972 1210 2071 quodam
1263 1999 1513 2069 genere
1556 1970 1643 2040 ad
1687 1969 1987 2069 pedem³
2029 1973 2348 2059 venisset,
2390 1992 2454 2041 et
2496 1971 2818 2042 omnium

714 2110 986 2160 mentes
1017 2087 1445 2159 imminentis
1475 2114 1728 2186 pugnae
1759 2085 2076 2185 cogitatio
2109 2088 2487 2186 implesset,
2520 2086 2819 2157 circum-

714 2207 1061 2277 fremente
1118 2203 1431 2300 undique
1490 2202 1847 2274 barbarico
1904 2202 2175 2273 ululatu
2200 2260 2219 2291 ,
2268 2229 2561 2274 romano
2618 2202 2819 2272 militi

716 2346 841 2417 pro
873 2317 1050 2387 vallo
1082 2317 1480 2404 excubanti,
1512 2317 1965 2389 meretriciam
1999 2317 2332 2389 obscoenae
2368 2316 2678 2389 libidinis
2709 2345 2820 2416 pa·

716 2432 1026 2505 tientiam
1068 2431 1316 2530 aliquis
1352 2432 1686 2531 imperat?
1716 2459 1924 2504 suum
1952 2433 2245 2530 quisque
2271 2432 2519 2504 habeat
2544 2434 2820 2504 fortasse

710 2548 1101 2648 judicium:
1150 2575 1306 2618 mea
1347 2549 1684 2621 sententia
1729 2572 1872 2621 non
1917 2548 2070 2620 satis
2114 2548 2408 2648 pudicus
2450 2571 2548 2620 est
2589 2549 2816 2636 miles,

718 2664 837 2761 qui
868 2685 1168 2735 armatus
1203 2686 1478 2736 tantum
1512 2687 1739 2765 negat.

817 2780 972 2849 vll.
1010 2782 1162 2851 Hoc
1204 2780 1641 2877 expositionis
1671 2781 1858 2870 loco,
1890 2782 2287 2880 imperator,
2319 2780 2504 2852 malo
2540 2803 2822 2851 accusa-

723 2894 989 2966 toribus
1032 2894 1304 2966 credas:
1353 2895 1450 2966 illi
1495 2916 1863 2967 narrarunt
1904 2923 2049 2967 rem
2093 2897 2236 2966 viro
2280 2917 2345 2967 et
2389 2899 2709 2967 Romano
2758 2913 2824 2963 et

722 3006 943 3079 milite
971 3029 1089 3079 tuo
1120 3008 1439 3106 dignam,
1470 3030 1883 3106 tantumque
1908 3036 2051 3083 non
2083 3011 2400 3082 ardorem
2431 3009 2821 3098 luminum,

722 3120 1076 3193 horrorem
1104 3122 1510 3221 capillorum
1526 3180 1545 3211 ,
1571 3115 1932 3194 fremitum
1966 3124 2464 3223 indignationis
2483 3147 2642 3196 ante
2662 3151 2826 3195 ocu-

722 3232 823 3305 los
860 3236 1152 3307 dicendo
1187 3260 1592 3336 posuerunt.
1625 3238 1735 3308 Ad
1772 3238 2080 3336 primum
2120 3241 2348 3312 statim
2379 3241 2715 3313 obscoenae
2745 3238 2827 3310 li-

727 3350 984 3421 bidinis
1015 3378 1447 3443 sermonem,
1483 3378 1628 3423 non
1663 3353 1857 3424 aliter
1889 3381 2102 3453 quam
2142 3355 2196 3427 si
2231 3356 2306 3426 in
2339 3354 2610 3427 hostem
2647 3353 2825 3426 clas-

725 3465 945 3537 sicum
968 3467 1347 3557 cecinisset,
1371 3467 1684 3567 gladium
1705 3469 1938 3560 illum,
1967 3498 2179 3568 quem
2198 3499 2240 3543 a
2263 3494 2324 3543 te
2350 3499 2474 3571 pro
2500 3469 2830 3569 pudicitia

726 3603 1116 3653 nostrarum
1148 3583 1533 3684 conjugum
1562 3606 1952 3684 acceperat,
1980 3613 2102 3685 per
2127 3607 2370 3686 pectus
2397 3586 2671 3659 infandi
2689 3612 2829 3657 cor-

728 3696 1023 3795 ruptoris
1052 3698 1303 3795 exegit,
1338 3699 1503 3771 etin
1535 3699 1713 3772 latus
1750 3702 1925 3773 ultra
1957 3703 2212 3801 pedem
2239 3729 2254 3773 :
2286 3703 2342 3773 si
2370 3729 2615 3774 omnes
2645 3698 2830 3773 mili-

804 3911 846 3945 ι.
872 3895 1118 3965 Reforma
1141 3896 1490 3968 coqitationes.
1516 3899 1735 3970 Quippe
1817 3918 1978 3952 sensu
1997 3922 2011 3951 ε
2056 3897 2330 3970 prodenda
2373 3899 2506 3953 mihi
2545 3911 2625 3952 est
2663 3916 2826 3952 causa

724 3971 981 4023 honestas
1012 3987 1066 4024 et
1097 3993 1305 4026 morum
1337 3978 1566 4028 castitati
1596 3996 1734 4028 sem·
1816 3979 1907 4029 rei.
1929 3977 2061 4034 Vide
2084 3976 2230 4031 Glos.
2252 3980 2423 4031 latin.
2444 3980 2610 4032 Graec.
2638 3980 2828 4030 Praeva·

726 4069 821 4122 per
853 4066 1238 4106 consentaneas
1268 4053 1336 4106 ad
1362 4053 1464 4105 hos
1492 4054 1736 4106 nefaudae
1817 4057 1959 4107 ricoi-
1984 4056 2080 4108 tibi
2100 4080 2114 4118 ;
2138 4059 2407 4126 νοσρίξομιι
2429 4078 2508 4119 οι,
2532 4070 2633 4109 etc.
2659 4057 2754 4107 Eo.

726 4132 964 4185 libidinis
985 4152 1145 4187 ausus
1174 4138 1229 4187 in
1254 4135 1356 4188 hac
1385 4155 1547 4190 causa
1569 4137 1738 4189 τοίω·-
1890 4138 1941 4188 3.
1969 4137 2057 4189 Aa
2072 4140 2275 4210 pedm.
2304 4141 2504 4208 Quasi,
2527 4152 2588 4191 ut
2611 4140 2684 4190 ait
2704 4137 2830 4188 Vir-

728 4231 815 4266 ma
844 4233 906 4266 ex
930 4216 1125 4265 animo.
1148 4215 1240 4266 En.
1817 4214 1908 4288 gil.
1940 4216 2057 4269 AEn.
2079 4220 2157 4286 X,
2175 4236 2225 4269 v.
2246 4217 2342 4270 361
2363 4237 2378 4268 ε
2406 4240 2430 4262 ι
2448 4215 2665 4269 hereret
2683 4214 2830 4287 pedu

804 4311 850 4345 2.
877 4293 1335 4347 Proevaricandum
1356 4295 1490 4348 mihi
1506 4308 1595 4350 est.
1622 4297 1739 4349 Hoc
1827 4318 1849 4343 ι
1867 4315 1995 4371 pes,
2023 4297 2328 4372 densusque
2348 4299 2464 4352 viro
2486 4298 2583 4350 vir.
2604 4322 2628 4348 ιι
2655 4297 2753 4349 Eo.
