3200 5117
791 566 919 645 340
1288 563 1379 626 M.
1431 563 1679 624 FABlt
1729 562 2371 642 QUINTILIANI

790 684 1032 755 datum
1065 705 1159 753 est
1188 683 1575 752 remedium
1612 680 1871 768 dolori,
1899 682 2019 780 qui
2049 709 2221 780 saepe
2250 683 2393 778 egit
2417 681 2490 751 in
2521 693 2537 723 ¹
2561 680 2880 777 laquem,

789 802 862 870 in
892 799 1269 899 praecipitia
1299 797 1672 895 compulit,
1710 797 1827 892 qui
1858 797 2194 868 cruciatus
2227 796 2604 866 laborantis
2631 796 2882 866 animae

785 915 1186 986 vulneribus
1213 914 1442 985 emisit
1470 941 1482 983 z
1517 934 1859 1010 quantum
1887 914 2106 982 amori
2136 913 2208 982 in
2239 911 2606 982 hominem
2639 911 2875 1001 liceat,

787 1029 886 1100 illi
913 1029 1130 1126 magis
1167 1029 1432 1117 sciunt,
1467 1029 1586 1125 qui
1625 1049 1883 1099 amant.

885 1147 968 1215 X.
1010 1147 1238 1241 Junge
1283 1171 1471 1214 nunc
1513 1171 1675 1213 cum
1720 1145 1998 1214 fortuna
2040 1164 2158 1213 tua
2202 1143 2682 1213 conditionem
2725 1169 2876 1214 mu-

786 1259 967 1329 lieris
996 1260 1350 1329 adamatae.
1385 1260 1731 1328 Incideras
1763 1259 2050 1354 quidem
2080 1258 2288 1328 miser
2317 1258 2383 1326 in
2417 1256 2721 1353 puellam
2751 1255 2875 1327 mi-

786 1375 977 1445 nime
994 1375 1360 1472 superbam
1378 1430 1395 1462 ‚
1417 1373 1846 1470 minimeque
1866 1371 2255 1442 difficilem:
2278 1372 2616 1469 quasdam
2638 1392 2872 1442 tamen

786 1519 927 1561 non
970 1518 1335 1589 possumus
1370 1489 1729 1560 circumire
1764 1489 2169 1559 meretrices,
2219 1489 2456 1578 Quam
2497 1487 2714 1559 multa
2747 1514 2870 1585 pro

784 1607 919 1678 illis
968 1607 1175 1705 exigit
1216 1634 1446 1694 sexus,
1490 1627 1647 1676 aetas
1694 1604 1942 1703 poscit!
1988 1632 2261 1702 semper
2303 1605 2661 1677 necessitas
2703 1604 2872 1703 petit

783 1750 1188 1820 corporum,
1240 1722 1463 1793 cultus
1513 1723 1764 1818 poscit,
1810 1720 2165 1791 stationis²
2204 1721 2594 1792 tristissimae
2644 1722 2873 1819 impa-

780 1839 1041 1910 tientia.
1080 1840 1288 1908 Totos
1334 1836 1572 1907 infelix
1609 1836 1755 1906 dies
1801 1837 2251 1934 lupanarium
2285 1836 2550 1906 foribus
2593 1835 2875 1933 impen-

782 1943 933 2042 ἀρε,ἢ
962 1973 1035 2022 ut
1050 1952 1473 2049 quandoque
1495 1952 1847 2049 prostituta
1866 1952 2153 2048 pauperi
2171 1972 2394 2022 vacet:
2425 1950 2870 2023 contentione

780 2066 1307 2137 numerantium
1354 2066 1638 2153 dilatus,
1686 2066 2034 2154 exclusuS,
2081 2066 2299 2136 otium
2351 2065 2723 2136 meretricis
2770 2092 2871 2136 ex·

776 2204 1068 2280 spectas:
1096 2204 1388 2278 negatur
1404 2181 1527 2252 tibi
1545 2182 1942 2278 complexus
1962 2239 1979 2269 ‚
1999 2182 2482 2280 indignatione
2501 2208 2869 2281 perseque-

778 2297 907 2366 ris:
944 2295 1318 2390 contingit,
1341 2324 1578 2366 verum
1607 2296 1924 2367 felicitate
1952 2297 2411 2396 corrumperis
2438 2325 2451 2367 ε
2485 2324 2682 2396 spem
2706 2324 2865 2394 gau-

777 2409 895 2479 dia
930 2431 1171 2506 parant
1188 2408 1240 2497 3,
1277 2409 1553 2481 adversa
1588 2412 2117 2483 contritionem:
2153 2441 2233 2484 ex
2261 2435 2551 2510 utraque
2587 2415 2863 2484 fortuna

776 2523 1110 2595 desideria
1153 2526 1568 2596 coalescunt.
1620 2528 1833 2597 Nobis
1881 2528 2114 2616 crede,
2164 2529 2285 2627 qui
2333 2528 2670 2616 vidimus;
2709 2528 2862 2626 quis

773 2640 901 2711 tibi
938 2638 1102 2708 unilt
1141 2640 1274 2710 fuit
1306 2644 1606 2740 corporis
1643 2643 1960 2716 habitus?
1994 2645 2146 2744 quis
2181 2644 2444 2744 pallor?
2475 2672 2690 2743 quam
2724 2645 2861 2716 mi-

775 2841 1057 2911 telligatur,
1083 2863 1195 2914 quae
1211 2882 1227 2908 ‚
1249 2865 1358 2898 non
1384 2861 1440 2897 ut
1466 2847 1639 2900 solent
1664 2869 1775 2901 me·-

769 2927 1011 2988 retrices,
1041 2923 1304 2977 blanditiis
1331 2927 1484 2979 elusit
1507 2949 1738 2980 amorem
1758 2968 1773 2994 ‚

772 3014 823 3051 et
848 3020 994 3071 spem
1015 3008 1262 3056 amatoris
1284 3004 1552 3070 destituit,
1570 3007 1664 3058 sed
1688 3026 1773 3058 ve-

771 3100 910 3133 neno
932 3095 982 3134 et
1009 3086 1239 3154 potione.

848 3181 890 3214 1.
914 3165 978 3213 In
1007 3165 1212 3234 laqueos
1232 3167 1348 3237 eqit.
1372 3167 1573 3217 Alludit
1598 3167 1663 3217 ad
1685 3166 1769 3219 illa

767 3243 1065 3310 Theocriti,
1114 3245 1242 3316 ldyl.
1289 3248 1389 3312 111,
1429 3245 1771 3311 ’Λπαὶγέοισθοιι

763 3323 825 3389 μὶ
858 3323 1098 3390 coutimur,
1140 3326 1209 3377 ad
1248 3346 1359 3397 quae
1397 3326 1515 3378 vide
1557 3329 1773 3379 Meursii

769 3403 1010 3473 spicileg.
1036 3425 1088 3475 p.
1127 3422 1215 3473 173
1252 3404 1395 3474 quod
1433 3406 1643 3458 mollius
1682 3425 1773 3457 ex-

769 3482 884 3534 tulit
899 3486 1079 3554 virgil.
1098 3486 1205 3536 Ecl.
1225 3489 1265 3535 ΙΙ
1283 3523 1299 3550 .,
1317 3503 1365 3552 7,
1379 3485 1478 3536 vol.
1501 3490 1547 3550 1,
1564 3505 1684 3556 pag.
1704 3505 1763 3555 9¹

765 3575 955 3612 nostrae
983 3563 1256 3614 editionis:
1300 3583 1321 3606 u
1344 3565 1478 3613 Mori
1512 3583 1593 3614 me
1628 3564 1771 3616 deni-

774 3663 794 3684 ιι
817 3658 920 3710 que
942 3660 1117 3711 coges.
1147 3667 1166 3688 ιι
1197 3646 1289 3694 Ει).

838 3739 884 3772 2.
930 3722 1192 3773 Stationt's.
1244 3721 1490 3792 Intelligit
1528 3728 1769 3778 miseram

763 3804 1098 3854 meretricum
1130 3801 1522 3871 conditionem,
1563 3826 1676 3876 qu-‘c
1703 3828 1764 3860 eo

763 3899 930 3952 usque
956 3884 1189 3934 omnium
1227 3882 1431 3934 libidini
1463 3901 1644 3957 patere
1674 3889 1763 3940 de-

761 3960 922 4027 bent,
947 3962 1120 4015 donec
1151 3977 1354 4015 tantum
1378 3970 1614 4035 peeuniae
1638 3989 1761 4021 cor-

763 4046 1012 4109 raserint,
1052 4059 1108 4096 ut
1134 4066 1164 4096 a
1193 4046 1380 4097 lenone
1419 4067 1473 4099 se
1503 4049 1762 4102 redimere

760 4123 981 4192 possint.
1010 4125 1295 4175 Stationem
1315 4141 1536 4190 vocant,
1561 4130 1683 4198 quia
1710 4131 1762 4180 in

761 4201 1107 4274 lupanaribus
1132 4218 1273 4256 totos
1310 4204 1449 4270 dies,
1489 4221 1541 4258 et
1575 4222 1761 4260 noctes

753 4296 899 4336 stare
935 4283 1132 4337 debent
1155 4297 1208 4337 et
1231 4300 1536 4358 exspectare
1560 4288 1763 4342 adeun—

1856 2865 1951 2916 tes,
1968 2852 2112 2924 quod
2131 2872 2291 2925 quum
2312 2853 2646 2922 impatienter
2661 2851 2861 2916 ferant,

1854 2951 1951 3002 pro
2005 2929 2090 2981 illa
2134 2932 2461 3002 impatientia
2516 2941 2755 3000 capturas
2802 2941 2860 2980 et

1854 3012 2083 3082 praedam
2096 3032 2154 3063 ex
2169 3011 2490 3063 amatoribus
2502 3021 2727 3080 sperant.
2741 3008 2860 3059 Sta·

1856 3095 1927 3144 tio
1952 3113 2050 3163 pro
2076 3095 2191 3164 ipso
2222 3107 2343 3145 actu
2373 3090 2566 3143 standi:
2594 3102 2642 3139 et
2664 3101 2856 3141 notum

1853 3188 1931 3225 est
1948 3212 1963 3240 7
2002 3185 2136 3225 stare
2160 3176 2373 3244 proprie
2407 3171 2471 3224 de
2496 3169 2856 3224 meretricibus

1854 3254 1975 3304 dici.
2025 3257 2145 3305 Non
2181 3254 2499 3308 dissimiliter
2540 3253 2740 3305 Seneca
2786 3251 2853 3304 de

1854 3333 1971 3384 Vita
1994 3335 2168 3398 Beata,
2190 3353 2234 3384 c.
2257 3350 2285 3401 7
2302 3355 2316 3382 .·
2346 3355 2367 3376 a
2389 3333 2552 3383 Statio
2572 3330 2855 3403 voluptatis

1859 3436 1880 3458 κ
1904 3433 1963 3464 ac
2002 3414 2325 3465 domicilium
2370 3414 2601 3465 fornices
2639 3427 2764 3463 sunt
2803 3425 2854 3463 et

1860 3519 1880 3541 α
1902 3498 2117 3567 popina.
2142 3520 2162 3542 n

1923 3576 1971 3626 3.
1999 3574 2155 3645 Spem
2181 3573 2375 3644 qaudia
2395 3582 2616 3644 parant,
2646 3573 2851 3624 advena

1852 3653 2230 3704 contritionem.
2262 3654 2429 3722 Lege,
2454 3650 2848 3703 contentionem·

1851 3733 2017 3801 Supra
2033 3734 2258 3803 :juvenis
2271 3734 2325 3783 in
2338 3734 2484 3783 omni
2493 3731 2853 3804 qenereanimt'

1849 3812 2190 3866 contentiosus
2209 3832 2269 3863 ac
2283 3814 2542 3883 pertinax.
2565 3813 2803 3865 Gnoro.

1912 3891 1959 3956 4.
1992 3891 2112 3959 Quis
2142 3890 2236 3941 tibi
2262 3892 2391 3941 uni?
2416 3890 2534 3942 Tibi
2561 3890 2688 3956 uni,
2718 3908 2850 3962 pau-

1841 3970 1975 4037 peri,
1992 3987 2155 4039 quum
2172 3968 2358 4039 reliqui
2369 3967 2554 4021 divites
2571 3981 2849 4032 amatores,

1845 4057 1895 4094 et
1911 4059 1967 4096 ut
1986 4065 2145 4116 supra
2161 4044 2307 4110 dixit,
2320 4056 2649 4098 numerantes
2662 4057 2849 4108 essent,

1844 4129 1936 4196 qui
1966 4129 2205 4198 praesenti
2231 4127 2455 4199 pecunia
2481 4127 2581 4180 sibi
2615 4126 2850 4179 meretri-

1845 4226 1963 4258 cum
1994 4207 2262 4280 amplexus
2292 4208 2558 4262 emebant.
2597 4206 2720 4279 Quis
2754 4203 2848 4257 ‘ibt‘

1844 4298 1993 4355 tunc,
2015 4286 2268 4341 Obrecht.
