3200 5117
925 548 1210 611 DECL:
1248 546 1366 610 lx.
1417 544 1997 611 GLADIATOR.
2379 572 2494 613 221

418 694 614 769 aequo
648 669 884 742 animo
913 671 1179 742 visurus
1207 669 1382 742 fuit?
1416 673 1500 741 At
1534 669 1649 741 ille
1680 698 1793 742 me
1824 671 2150 761 redemit,
2187 673 2298 743 cui
2329 672 2505 744 nihil

424 786 626 857 retuli
651 801 668 832 ¹
691 814 704 856 ε
734 786 961 858 dicam
982 786 1242 859 moveri
1264 813 1378 858 me
1399 786 1740 885 supremis
1761 787 1970 859 amici
1989 789 2126 860 mei
2145 790 2508 887 precibus?

423 900 694 999 egregia
734 927 893 973 vero
937 900 1390 999 comparatio!
1435 904 1525 971 At
1571 900 1688 971 ille
1726 900 1899 972 mihi
1942 902 2280 1001 praestitit,
2318 903 2508 1000 quod

424 1042 567 1087 non
603 1016 867 1115 rogavi:
904 1036 1057 1088 utro
1091 1044 1207 1088 me
1234 1015 1538 1087 vertam?
1578 1036 1940 1114 tamquam
1975 1017 2346 1089 honestum
2381 1017 2508 1087 de-

423 1131 708 1203 fendam
760 1133 1061 1221 factum,
1113 1158 1202 1202 an
1257 1153 1613 1230 tamquam
1668 1133 2164 1205 necessarium?
2209 1133 2507 1205 alterum

416 1244 682 1319 absolvi
706 1246 978 1317 facilius
997 1265 1254 1344 potest3
1277 1245 1572 1317 alterum
1597 1245 1860 1317 laudari
1882 1248 2340 1321 rectissimum
2361 1248 2511 1387 opi·

426 1385 588 1430 nor:
622 1359 908 1431 veritatis
935 1359 1233 1430 interest.

526 1474 678 1543 XX.
713 1473 895 1544 Audi
912 1494 1196 1572 ,pater,
1234 1474 1618 1547 alimenta
1599 1497 1763 1565 ma,
1799 1503 1950 1577 quae
1994 1478 2247 1549 donata
2280 1477 2511 1576 egenti

429 1609 661 1686 putas,
699 1589 941 1687 quanti
974 1589 1076 1660 illi
1111 1610 1465 1662 constent:
1505 1591 1559 1662 si
1594 1612 1875 1691 accepto
1910 1593 2303 1691 captivitatis
2340 1618 2512 1677 meae

433 1704 728 1791 nuncio,
759 1704 969 1775 nullis
1000 1704 1317 1802 precibus
1347 1706 1722 1796 adductus,
1754 1707 1964 1779 nullis
1995 1708 2293 1807 epistolis
2315 1736 2515 1781 voca-.-
2584 1708 2592 1719 ’

432 1837 542 1890 tus
585 1818 984 1890 adolescens
1020 1820 1105 1890 ad
1146 1819 1584 1892 liberandum
1632 1847 1745 1893 me
1791 1822 2082 1922 yinculis
2129 1823 2512 1922 piratarum

434 1933 772 2030 profectus
803 1955 1003 2024 esset,
1034 1933 1288 2032 quibus
1307 1956 1539 2006 tamen
1570 1937 1830 2007 meritis
1856 1960 2214 2035 pensarem
2239 1995 2258 2028 ,
2290 1964 2512 2035 quum

430 2042 717 2120 id‘mihi
746 2049 1155 2147 praestitisset
1176 2107 1195 2138 ,
1233 2049 1420 2147 quod
1452 2076 1577 2148 ego
1607 2071 1878 2122 tantum
1913 2079 1952 2121 a
1984 2072 2174 2149 patre
2208 2049 2517 2150 speravi?

434 2165 684 2236 intrare
709 2166 922 2237 maria
942 2222 959 2255 ‚
987 2166 1356 2264 praesertim
1382 2186 1523 2237 tam
1546 2167 1803 2238 recenti
1826 2167 2245 2239 documento
2271 2169 2517 2240 timen-

436 2280 558 2370 da,
593 2300 659 2351 et
689 2279 988 2353 latrones
1021 2282 1200 2353 ultro
1231 2307 1571 2380 quaerere,
1609 2302 1675 2353 et
1711 2308 1935 2381 quum
1969 2303 2209 2381 praeter
2237 2282 2518 2355 vicarias

437 2422 689 2468 manus
714 2376 885 2467 nihil
912 2417 1084 2469 esset
1101 2453 1118 2486 ‚
1143 2396 1642 2496 navigare-voto
1664 2397 2094 2496 captivitatis,
2117 2397 2273 2498 quis
2297 2419 2521 2498 posset
2598 2432 2608 2442 ·

439 2511 612 2584 alius
631 2570 650 2602 ,
673 2540 884 2611 quam
905 2513 1027 2612 qui
1055 2533 1329 2611 paratus
1358 2534 1529 2584 esset
1553 2539 1676 2610 pro
1697 2514 1918 2586 amico
1937 2514 2154 2584 mori?
2177 2541 2519 2613 magnum

439 2625 570 2698 hoc
598 2654 719 2724 per
751 2653 820 2697 se
838 2682 857 2715 ,
885 2653 962 2697 ac
986 2626 1215 2700 seculo
1248 2645 1475 2698 nostro
1505 2625 1613 2695 vix
1641 2626 1996 2716 credibile,
2013 2627 2306 2726 judices.
2338 2629 2522 2700 Illud

440 2764 599 2811 vero
647 2739 840 2810 omni
883 2738 1365 2838 praedicatione
1413 2737 1679 2837 majuS,
1730 2739 1815 2810 ad
1864 2740 2356 2813 redimendum
2405 2768 2520 2813 me

441 2856 785 2954 profectus
820 2875 954 2944 est,
991 2881 1213 2953 quum
1248 2853 1812 2925 mendicaturum
1847 2875 2109 2951 patrem
2142 2884 2353 2928 suum
2388 2857 2524 2929 sci-

440 2991 573 3042 ret:
598 2969 792 3067 atqui
823 2995 1091 3068 sperare
1121 2987 1382 3067 poterat
1408 2969 1726 3038 futurum
1744 3023 1763 3056 ‚
1792 2986 1868 3037 ut
1888 2966 2035 3038 sine
2060 2968 2369 3065 periculo
2398 2995 2523 3041 suo

443 3084 893 3155 redimeretur
921 3081 1379 3153 nihilominus
1411 3079 1676 3151 amicus
1695 3137 1714 3168 ,
1745 3105 1972 3177 quum
2001 3078 2331 3152 haberem
2365 3081 2526 3153 divi·

452 3220 587 3271 tem
612 3221 911 3298 patrem:
941 3200 1058 3271 sed
1090 3196 1313 3291 noluit
1334 3184 1566 3296 ipsum
1592 3196 1855 3268 itineris
1878 3217 2325 3294 apparatum,
2353 3218 2418 3269 et
2435 3224 2524 3269 ne

446 3341 585 3411 qua
625 3319 874 3414 periret
913 3315 1409 3415 redemptionis
1440 3306 1665 3404 horas
1694 3342 1987 3414 praeceps
2033 3315 2353 3387 cucurrit.
2394 3319 2524 3388 Pro

448 3429 662 3511 fidem
685 3432 898 3504 deum
916 3430 1461 3530 hominumque!
1483 3431 2086 3528 quemadmodum
2102 3430 2528 3531 ad'redemp-

448 3544 708 3617 tionem
727 3547 933 3618 amici
951 3548 1258 3633 festinat,
1287 3547 1493 3617 etiam
1515 3545 1714 3646 cujus
1739 3568 1931 3647 pater
1947 3547 2173 3619 lentus
2197 3568 2316 3640 est,
2344 3550 2526 3619 'Te—

525 3722 569 3757 1.
604 3706 793 3759 Remu.
833 3709 1013 3761 Debui.
1052 3711 1140 3761 W.
1162 3708 1325 3762 ·Leid.
1360 3726 1443 3779 pr.
1527 3721 1609 3758 ter
1632 3706 1843 3777 referre,
1864 3725 1964 3777 pro
1987 3707 2143 3758 vicem
2167 3706 2379 3778 referre,
2405 3724 2529 3777 pos·

451 3803 556 3839 sec.
597 3788 749 3841 Voss.
788 3807 867 3859 pr.
901 3808 1006 3841 sec.
1035 3792 1240 3844 Lucas:
1283 3804 1335 3842 et
1375 3791 1446 3841 ita
1527 3799 1608 3838 set
1650 3803 1764 3837 esse
1805 3787 2065 3857 positum,
2111 3797 2166 3836 ut
2210 3788 2279 3835 ita
2329 3785 2531 3836 reddere

447 3868 734 3918 Ascensius
771 3880 992 3919 testatur
1030 3887 1145 3921 esse
1186 3870 1242 3921 in
1289 3868 1444 3921 MSS:
1526 3868 1778 3937 usurpari
1796 3866 2022 3918 vidimus
2043 3864 2109 3917 ad
2131 3866 2238 3915 Liv.
2259 3866 2498 3917 XXXVII
2512 3905 2528 3934 ,

450 3946 545 4001 sed
562 3946 649 4000 ille
674 3966 730 3999 se
745 3948 1003 4018 explicare
1024 3967 1131 4000 non
1151 3968 1310 4019 posse
1328 3967 1450 4019 pro·
1529 3948 1629 4016 373
1672 3948 1837 3999 Cicer.
1876 3946 2032 3998 Offic.
2071 3948 2145 4011 11,
2180 3948 2280 4013 693
2316 3948 2526 3998 Terent.

449 4028 643 4080 fitetur.
672 4030 828 4080 Forte
862 4028 1172 4099 legendum,
1195 4029 1278 4081 cui
1308 4027 1449 4079 nihil
1527 4027 1753 4098 Adelph.
1782 4030 1831 4091 l,
1858 4044 1903 4092 ι,
1926 4030 2026 4094 48ς
2054 4040 2102 4078 et
2123 4029 2333 4078 Petron.
2350 4024 2524 4078 tvm.

447 4110 649 4183 prebui
673 4132 687 4160 .·
736 4110 908 4163 solent
953 4110 1090 4160 enim
1139 4108 1247 4159 haec
1289 4108 1449 4160 verba
1601 4124 1649 4157 2.
1681 4106 1961 4157 Terentius.
1992 4106 2158 4157 Culeo
2191 4106 2525 4175 cognomine.

450 4194 791 4259 commutari,
814 4204 875 4242 ut
905 4189 968 4242 ad
1000 4188 1175 4241 Ovidii
1204 4189 1299 4259 Ep.
1330 4189 1449 4257 vn,
1528 4186 1661 4239 Vide
1681 4188 1787 4239 Liv.
1811 4185 1978 4250 XXX,
2001 4185 2095 4251 45,
2111 4199 2163 4239 et
2180 4185 2294 4237 Vel.
2311 4185 2527 4250 Maxv,

461 4287 554 4341 ¹77
572 4308 589 4337 ,
624 4269 963 4324 ostendimus.
990 4266 1093 4321 Sed
1125 4281 1177 4320 et
1202 4266 1452 4338 simplici·
1529 4284 1569 4321 ιι
1587 4307 1604 4336 ,
1629 4266 1677 4321 5.
1703 4268 1869 4321 Eunu.
