3200 5117
337 677 529 741 strui:
550 677 839 769 ideoque
859 685 925 746 in
949 707 1029 748 eo
1050 709 1181 750 una
1204 689 1426 776 specie
1453 699 2058 766 consenescendum
2082 729 2215 771 non
2239 733 2411 793 esse,

335 779 449 845 sed
476 782 558 847 ad
583 784 650 849 id
683 789 1236 873 perveniendum,
1268 796 1453 885 cujus
1477 801 1892 886 potissimum
1922 811 2124 895 gratia
2153 837 2415 904 reperta

335 903 450 950 est.
484 888 653 956 Illud
693 895 886 957 etiam
920 896 1255 963 observari
1282 902 1556 983 vellem,
1588 929 1673 969 ne
1712 909 1913 975 cruda
1945 914 2163 983 adhuc
2198 924 2417 992 studia

332 991 399 1054 in
446 993 663 1060 forum
717 999 1241 1087 impellerentur,
1297 1022 1501 1097 utque
1556 1033 1692 1075 non
1740 1013 2111 1107 eloquentia
2159 1043 2411 1095 tantum

334 1097 501 1184 ipsa,
535 1102 715 1190 quod
746 1126 824 1168 ex
848 1108 1180 1173 veteribus
1214 1112 1435 1198 plures
1462 1117 1679 1202 questi
1714 1139 1897 1202 sunt,
1932 1127 2047 1191 sed
2085 1129 2190 1195 illa
2219 1137 2413 1202 etiam

321 1203 875 1294 jurisprudentia,
908 1235 1037 1299 qua
1068 1214 1229 1278 nihil
1257 1240 1396 1282 esse
1425 1221 1635 1311 majus
1668 1242 1734 1289 et
1763 1233 2099 1316 augustius
2128 1241 2411 1306 confite-

327 1333 494 1388 mur,
528 1315 752 1401 pueris
783 1317 1219 1384 induerentur
1245 1324 1460 1390 adhuc
1501 1335 1957 1401 nascentibus:
1993 1344 2188 1430 quin,
2232 1367 2411 1434 pate-

325 1437 560 1482 rentur
577 1421 941 1506 quamlibet
964 1431 1381 1512 properantia
1405 1453 1750 1519 parentum
1768 1459 1913 1507 vota
1931 1496 1945 1524 ,
1967 1464 2038 1510 ut
2057 1472 2411 1536 annorum,

323 1524 420 1587 sic
465 1523 769 1588 laborum
813 1543 880 1592 et
918 1528 1248 1596 bonorum
1300 1537 1537 1622 gradus
1584 1542 1765 1622 fieri,
1813 1565 1908 1626 et,
1961 1558 2227 1640 quando
2273 1560 2411 1626 haec

320 1629 502 1716 apud
535 1653 654 1696 nos
689 1654 1095 1698 summarum
1129 1638 1446 1705 virtutum
1477 1647 1690 1712 studia
1722 1653 1813 1714 sic
1842 1658 2188 1747 conjuncta
2220 1685 2408 1751 sunt,

320 1750 393 1798 ut
434 1737 781 1825 utriusque
824 1762 950 1803 una
980 1741 1116 1829 jam
1161 1745 1301 1809 fere
1340 1755 1668 1834 possessio
1708 1779 1848 1822 esse
1885 1763 2212 1846 videatur,
2245 1775 2410 1840 nihil

320 1837 578 1904 duobus
605 1839 877 1930 dignum
904 1865 1238 1931 putarent,
1269 1852 1451 1940 quod
1478 1859 1579 1920 vel
1611 1860 1798 1925 alteri
1830 1863 2039 1952 impar
2062 1893 2260 1953 esset,
2288 1903 2409 1945 nec

318 1947 605 2033 primum
634 1949 925 2014 sinerent
954 1973 1125 2030 esse,
1155 1955 1335 2042 quod
1364 1961 1722 2027 maximum
1751 1986 1868 2032 est.
1899 1974 2088 2039 Nunc
2117 1981 2408 2051 refractis

321 2052 593 2141 pudoris
625 2071 690 2118 et
718 2060 1104 2123 reverentiae
1134 2060 1463 2141 claustris,
1508 2067 1616 2131 illa
1638 2071 1777 2158 jam
1813 2078 2002 2143 nobis
2035 2101 2220 2149 vetus
2247 2112 2409 2178 que-

316 2159 448 2222 rela
480 2162 746 2249 propria
779 2179 905 2242 est3
934 2166 1121 2250 pueri
1147 2167 1214 2229 in
1240 2168 1478 2234 scholis
1505 2172 1773 2254 ludunt,
1797 2180 2079 2268 juvenes
2105 2189 2407 2260 ridentur

315 2264 380 2326 in
420 2266 599 2343 for-0,
640 2270 690 2324 ἐν
726 2272 856 2345 πίθῳ
891 2272 988 2333 τὴν
1026 2277 1283 2350 κεραμίσιν
1318 2281 1680 2354 μανθάνοντες,
1717 2301 1792 2347 ut
1836 2303 1934 2350 est
1966 2293 2143 2378 apud
2178 2295 2402 2365 Theo-

316 2392 503 2435 nem:
532 2390 624 2447 et,
653 2375 833 2464 quod
868 2381 1151 2467 'utroque
1187 2384 1442 2469 turpius
1478 2404 1600 2465 est,
1633 2390 1814 2475 quod
1845 2396 2127 2487 quisque
2161 2425 2399 2494 perpe-

312 2500 446 2542 ram
476 2478 733 2556 didicit,
760 2484 827 2546 in
858 2487 1196 2550 senectute
1225 2489 1522 2580 confiteri
1553 2516 1687 2558 non
1713 2497 1869 2563 vult.
1916 2531 1942 2558 α
1973 2505 2137 2572 Inde
2166 2514 2398 2579 cunina

319 2613 344 2641 a
368 2585 512 2649 foro
569 2586 760 2650 latrat
822 2587 1124 2654 facundia
1176 2608 1351 2668 tote,
1376 2623 1404 2654 η
1465 2615 1537 2661 ut
1593 2618 1690 2664 est
1740 2606 1915 2691 apud
1969 2608 2396 2683 christianum

308 2707 606 2775 poetam:
647 2708 712 2756 et
740 2691 807 2755 in
838 2716 1075 2780 magno
1109 2698 1593 2773 causidicorum)
1621 2728 1696 2770 ae
1725 2729 2127 2780 moratorum
2160 2744 2391 2810 grege,

297 2792 733 2881 juridicorum
770 2813 836 2861 et
868 2817 1200 2863 oratorum
1230 2823 1371 2865 non
1409 2823 1687 2893 magnus
1726 2828 1823 2882 est
1857 2839 2202 2895 numerus:
2233 2831 2394 2914 quin

305 2915 370 2963 et
408 2897 921 2967 declamatorum
961 2905 1419 2975 clamatoribus
1458 2912 1653 3000 longe
1693 2921 1922 3004 im'par.
1954 2923 2259 3016 Denique
2289 2956 2394 2999 res

302 3008 438 3094 ipsa
478 3007 745 3096 probat,
779 3027 852 3073 ut
896 3012 1173 3098 litigiosa
1207 3032 1304 3079 est
1335 3020 1554 3102 potius
1583 3022 1753 3108 juris
1796 3027 2149 3113 ignoratio,
2191 3060 2390 3124 qnam

300 3111 438 3199 ipsa
473 3115 776 3193 scientia,
813 3117 903 3180 sic
951 3119 1105 3182 artis
1155 3117 1419 3186 dicendi
1456 3124 1778 3192 inscitiam
1827 3131 1964 3220 ipsa
2011 3135 2391 3227 eloquentia

298 3217 749 3284 verbosiorem
798 3244 977 3286 esse:
1023 3239 1097 3286 ut
1139 3247 1271 3288 non
1317 3227 1646 3294 immerito
1687 3257 1724 3297 a
1765 3238 2098 3306 veteribus
2137 3244 2390 3314 dictum

210 3323 217 3332 “
300 3344 440 3388 esse
472 3323 804 3403 videatur,
841 3326 1006 3391 nihil
1043 3351 1185 3393 esse
1222 3332 1290 3395 in
1328 3351 1403 3396 ea
1440 3334 1619 3422 quod
1659 3359 1843 3424 spem
1889 3358 2232 3435 tantopere
2271 3353 2391 3420 fal-

297 3424 420 3504 lat,
458 3452 655 3518 quam
702 3430 883 3521 quod
928 3415 1208 3521 quilibet
1249 3459 1456 3523 quum
1492 3439 1803 3520 audierit,
1846 3450 2059 3512 statim
2102 3474 2173 3517 se
2206 3458 2390 3522 nullo

296 3535 566 3618 negotio
623 3554 1133 3604 consecuturum
1194 3542 1558 3610 imitatione
1615 3549 1922 3616 confidat.
1967 3557 2215 3623 Verum
2281 3562 2389 3629 hic

298 3660 424 3727 ego
450 3662 666 3728 neque
694 3659 993 3732 tempora
1021 3647 1320 3711 acerbius
1349 3667 1577 3715 notare
1608 3657 1947 3739 constitui,
1980 3685 2202 3752 neque·
2226 3669 2390 3736 mibi

296 3746 587 3810 censoris
621 3765 836 3834 partes
868 3747 1217 3815 adsumere
1257 3753 1322 3816 in
1365 3773 1509 3818 eam
1547 3761 1832 3825 maxime
1870 3765 2163 3853 culpam,
2200 3773 2388 3862 cujus

294 3850 620 3938 meipsum
655 3854 828 3917 inter
857 3854 1101 3920 multos
1135 3859 1471 3923 conscium
1507 3883 1583 3925 ac
1617 3867 2004 3955 participem
2036 3872 2223 3938 fateri
2252 3901 2387 3943 ma-

295 3955 392 4035 lo,
439 3979 645 4046 quam
687 3960 1026 4039 convinci3
1064 3977 1132 4025 et
1163 3963 1269 4027 cui
1311 3966 1531 4051 potius
1565 3970 1864 4037 remedio
1901 3976 2124 4064 aliquo
2162 3981 2392 4048 saltem

295 4061 360 4124 in
408 4080 752 4151 posterum
804 4065 1093 4130 succurri
1146 4070 1363 4157 cupio.
1413 4075 1629 4161 Atque
1673 4076 1801 4142 hoc
1853 4082 2121 4167 quidem
2173 4090 2394 4151 animo

294 4166 386 4232 Μ.
434 4168 619 4234 Fabii
662 4171 1084 4253 Quintiliani,
1128 4195 1264 4240 non
1305 4177 1515 4255 illius,
1558 4181 1749 4269 cujus
1791 4185 1915 4250 XII
1960 4190 2396 4257 Institutionis

518 4274 567 4327 5.
2086 4296 2114 4345 [ο
