3200 5117
564 572 768 636 DEC.
815 573 1006 637 XIX.
1057 574 1447 638 INFAMIS
1497 574 1595 637 IN
1644 573 2086 651 MATREM,
2126 575 2210 637 11.
2308 577 2433 663 409

346 714 536 792 parte
580 694 894 792 suspiriis
938 696 1337 768 brevissime
1378 695 1645 768 collecti
1695 696 1976 794 spiritus
2006 752 2025 785 ,
2080 695 2196 767 ille
2224 753 2242 786 ‚
2295 722 2436 795 quo

348 807 651 879 redditur
683 810 956 900 anima,
981 812 1328 911 singultus
1352 811 1488 882 fuit
1513 809 1758 883 similis
1792 810 2256 882 exclamatum
2288 838 2439 882 nes·

345 921 449 992 cio
491 923 700 1021 quid,
748 925 937 1023 quod
981 947 1047 998 et
1090 948 1164 999 tu
1207 927 1506 999 fortassis
1546 925 1840 997 audires.
1881 926 2283 1025 Occupavi,
2329 928 2439 996 fa-

346 1055 525 1127 teor,
552 1061 619 1111 et
659 1038 1000 1112 advocatis
1020 1057 1068 1131 ¹,
1103 1070 1273 1139 quas
1298 1043 1450 1143 jam
1487 1067 2057 1139 consumpseram
2083 1098 2102 1129 ,
2131 1040 2398 1112 viribus
2421 1096 2440 1128 ,

349 1153 709 1241 manibus,
753 1155 941 1244 telis,
976 1177 1255 1256 totoque
1298 1184 1578 1256 corpore
1615 1157 1864 1256 pariter
1897 1157 2230 1246 annixus,
2260 1178 2442 1228 ante-

349 1293 564 1365 quam
601 1269 1043 1362 mentiretur,
1078 1272 1323 1345 occidi.
1359 1273 1619 1345 Misera
1650 1273 1978 1372 temporis
2009 1272 2195 1343 illius
2229 1299 2445 1343 recor-

353 1382 570 1454 datio!
605 1383 1044 1459 deficientem
1071 1388 1144 1459 in
1175 1389 1503 1460 manibus
1527 1388 1701 1460 meis
1725 1388 1952 1459 filium
1982 1386 2442 1486 vidi,adspexi

353 1524 471 1568 ora
499 1498 861 1596 pallentia,
891 1501 1180 1602 frigidos
1208 1502 1556 1575 anhelitus
1575 1558 1594 1591 ,
1625 1502 2006 1599 interrupta
2027 1500 2350 1598 suspiria,
2380 1522 2447 1571 et

352 1612 662 1683 animam
682 1641 937 1715 magno
961 1618 1229 1690 silentio
1256 1639 1649 1705 exeuntem3
1678 1644 1820 1688 non
1844 1638 2079 1687 tamen
2110 1635 2449 1686 tormenta

356 1726 605 1819 laxavi,
664 1757 810 1802 non
871 1734 1172 1806 subtraxi
1222 1734 1637 1833 restinxique
1690 1733 2028 1805 flammas.
2080 1732 2446 1820 Miserere,

354 1843 610 1915 mulier
643 1901 662 1934 ,
719 1873 809 1918 ne
859 1875 1122 1947 quaeras
1171 1851 1473 1950 amplius
1531 1877 1774 1921 vocem
1835 1849 2048 1949 hujus
2107 1846 2446 1935 affectus3

357 1958 620 2050 filium,
670 1962 790 2058 qui
841 1966 1302 2054 moriebatur,
1349 1965 1567 2038 occidi
1606 1991 1622 2037 ε
1673 1992 1817 2037 non
1851 1963 2122 2063 perdidi
2168 1982 2448 2052 tamen,

358 2099 503 2145 non
537 2076 811 2173 perdidi
843 2080 1031 2151 unici
1068 2103 1405 2170 mortem,
1439 2083 1724 2154 fortuna
1754 2108 1768 2152 z
1808 2106 1948 2151 non
1977 2076 2279 2177 perdidi;
2302 2076 2451 2176 jam

361 2214 474 2258 me
504 2216 650 2260 non
690 2190 1098 2292 interrogat,
1129 2195 1265 2267 nisi
1294 2196 1438 2268 sola
1465 2215 1689 2266 mater
1716 2220 1732 2264 ε
1768 2193 2090 2282 consiste,
2125 2191 2453 2289 agedum,

358 2302 612 2374 mulier
629 2361 647 2393 ,
669 2303 820 2376 loco
843 2334 1002 2379 meo
1018 2364 1037 2396 ,
1062 2309 1215 2380 etin
1238 2308 1557 2379 habitum
1581 2307 1850 2406 paterni
1878 2306 2129 2377 furoris
2146 2305 2456 2386 accincta

358 2419 650 2492 admove
697 2423 1059 2519 equuleoS,
1100 2424 1375 2523 flagella
1398 2483 1417 2515 ,
1451 2424 1793 2495 laminas:
1842 2421 2170 2522 praedico,
2207 2441 2451 2509 testor,

360 2532 557 2604 aliter
581 2561 722 2606 non
755 2563 1039 2634 possum
1068 2539 1299 2639 loqui,
1336 2539 1529 2610 aliter
1559 2538 1732 2610 mihi
1769 2565 1912 2609 non
1945 2557 2165 2637 potest
2192 2535 2399 2609 credi.

455 2648 645 2718 XVI.
699 2648 1191 2749 Quamquam,
1228 2654 1618 2726 miserrime
1641 2652 1919 2754 juvenis
1953 2654 2091 2749 (fas
2126 2674 2223 2724 est
2262 2652 2449 2723 enim

356 2759 506 2859 jam
541 2783 695 2834 tuos
736 2763 999 2865 alloqui
1038 2771 1353 2864 manes),
1389 2768 1768 2867 exprimere
1799 2768 1977 2838 mihi
2010 2794 2251 2840 vocem
2284 2765 2454 2837 nul-

362 2875 469 2949 lus
498 2878 790 2977 poterit²
824 2880 1019 2953 dolor
1030 2914 1049 2973 ;
1087 2905 1431 2982 quantum
1459 2885 1664 2975 volet,
1697 2885 1971 2974 laceret,
2004 2883 2114 2956 vel
2144 2882 2452 2954 occidat:

359 2993 633 3066 vincere
662 3022 777 3067 me
813 2991 1159 3072 tormenta
1189 3001 1505 3074 docuisti.
1552 3002 1621 3073 Si
1655 3022 1888 3072 tamen
1928 3000 2028 3071 fas
2062 3020 2158 3070 est
2194 2998 2456 3096 cogita-

359 3107 570 3181 tionis
604 3112 942 3184 memoria
988 3133 1272 3187 tractare
1313 3117 1521 3188 verba
1563 3115 1828 3187 miserae
1861 3112 2287 3212 quaestionis,
2336 3139 2459 3183 cur

364 3249 477 3294 me
522 3251 755 3297 coram
805 3230 1067 3328 populo
1102 3232 1328 3331 magis
1376 3232 1796 3331 interrogas?
1838 3257 2122 3319 eamus,
2166 3257 2337 3301 uxor
2382 3228 2457 3300 in

367 3335 557 3407 illam
605 3336 983 3414 desolatam
1029 3346 1368 3437 domum,
1414 3348 1486 3417 in
1534 3345 1708 3417 illud
1746 3344 1893 3445 jam
1939 3343 2145 3443 patris
2192 3342 2457 3440 filiique

367 3473 739 3543 secretum,
780 3455 876 3526 ibi
911 3484 1024 3528 me
1065 3459 1450 3560 interroga,
1486 3460 1582 3532 ibi
1604 3518 1623 3550 ,
1659 3459 1780 3530 ubi
1814 3459 2006 3548 torsi,
2047 3457 2167 3530 ubi
2201 3456 2458 3548 occidi,

368 3564 492 3636 ubi
542 3565 770 3640 adhuc
817 3568 1101 3643 forsitan
1154 3573 1280 3645 filii
1325 3578 1426 3647 tui
1470 3602 1643 3675 vaga
1684 3602 1809 3673 per
1854 3594 2125 3645 moestos
2178 3595 2458 3673 penates

370 3680 608 3752 anima
654 3682 967 3756 discurrit
1007 3712 1021 3756 :
1084 3687 1391 3787 porrigat
1440 3689 1697 3788 aliquis
1750 3687 2133 3786 imaginem
2177 3686 2458 3789 juvenis

369 3795 606 3890 occisi,
639 3819 855 3897 ponat
900 3799 972 3871 in
1021 3800 1181 3874 sinu
1231 3804 1463 3876 matris
1513 3803 1668 3876 illas
1713 3825 1959 3894 vestes,
2002 3800 2261 3901 quibus
2310 3802 2459 3900 ipsa

447 3981 491 4017 1.
525 3965 858 4022 Advocatis...
893 3970 1097 4024 viribus.
1124 3972 1374 4026 Francius
1452 3971 1665 4025 volebat
1677 3973 1933 4045 potuerit,-
1951 3971 2331 4042 male3quippe
2352 3974 2457 4041 jam

369 4043 602 4097 malebat
636 4051 925 4116 revocatis,
962 4049 1106 4122 quod
1141 4051 1375 4105 indicare
1455 4054 1638 4105 timere
1652 4053 1879 4118 videtur,
1895 4070 1961 4103 ne
1975 4049 2159 4102 iisdem
2181 4053 2457 4102 tormentis

368 4122 633 4192 videntur,
650 4145 779 4198 quas
778 4130 900 4200 jam
925 4145 1338 4202 consumpseram
1357 4153 1373 4181 .-
1455 4151 1616 4186 causa
1647 4134 1814 4185 victus
1848 4130 2160 4203 applicetur,
2197 4150 2259 4182 ac
2287 4129 2456 4192 fllius;

369 4220 482 4256 non
502 4203 617 4257 haec
640 4219 816 4259 tamen
838 4210 971 4261 tanti
995 4226 1135 4263 sunt.
1456 4227 1508 4266 et
1533 4212 1833 4285 praeclamat
1859 4210 2006 4263 nullo
2040 4208 2224 4262 dolore
2254 4208 2352 4260 sibi
2375 4208 2461 4260 ul-

443 4301 492 4336 2.
510 4283 712 4342 Nullus
725 4289 921 4358 poterit
936 4288 1101 4345 dolor.
1125 4290 1376 4347 Francius
1453 4291 1562 4346 lam
1574 4310 1762 4347 vocem
1780 4289 2194 4362 extorquendam
2213 4307 2344 4341 esse.
2364 4289 2458 4341 Eu.
