3200 5117
689 502 1326 572 DECLAMATm
1373 504 1466 572 ιι.
1515 506 1702 572 pao
1742 505 2029 575 cAEco.
2318 504 2398 594 ³7

326 653 526 728 posse
556 654 700 699 non
734 628 1111 718 credimus3
1153 647 1222 700 et
1251 627 1609 699 silentium
1650 648 1753 700 est
1788 625 2152 701 admiratio
2178 625 2405 712 subita

324 743 777 816 miserorum:
807 744 1029 815 nescit
1044 762 1265 816 tacere
1287 742 1880 842 deprehensorum
1915 742 2250 815 scelerum
2280 764 2405 812 tre-

328 858 628 959 pidatio3
666 879 733 932 et
763 861 995 933 statim
1036 858 1406 958 respondet
1443 859 1565 930 illa
1596 887 1759 931 cum
1797 886 1921 932 suo
1951 859 2080 932 sibi
2118 857 2407 931 ¹scelere

328 993 558 1070 patata
585 972 917 1046 defensio.
960 976 1214 1046 Tacere
1230 973 1509 1045 ⁸facilius
1538 994 1638 1045 est
1665 974 1992 1073 deceptis,
2036 999 2250 1071 quam
2278 972 2406 1044 de-

329 1087 698 1183 prehensis.
727 1087 925 1179 Quid
956 1115 1079 1187 per
1102 1089 1315 1161 fidem
1340 1090 1561 1161 facere
1582 1089 1786 1162 vultis
1804 1088 2132 1190 juvenem
2150 1145 2170 1179 ,
2194 1115 2409 1189 quem

331 1200 419 1272 de
446 1202 811 1301 parricidio
839 1202 1137 1275 consulit
1163 1222 1353 1301 pater
1378 1202 1496 1274 ille
1528 1203 1862 1275 servatus?
1889 1203 2102 1275 miror
2129 1201 2406 1275 hercule

330 1341 476 1388 non
523 1317 800 1408 dixisse,
852 1317 1095 1405 Volui,
1136 1344 1285 1389 sum
1322 1319 1684 1418 veneficus,
1727 1346 1873 1392 sum
1910 1320 2297 1420 parricida.-
2343 1319 2442 1389 et

330 1431 670 1504 invidiam
690 1453 1031 1531 putarem,
1046 1432 1102 1503 si
1119 1435 1463 1505 confessus
1482 1453 1674 1506 esset.
1691 1436 1877 1506 Bene
1897 1434 2208 1533 quidem,
2221 1428 2410 1530 quod

331 1546 547 1617 nescit
553 1545 851 1645 juvenis,
869 1546 1465 1643 quemadmodum
1482 1549 1926 1646 parricidium
1944 1569 2170 1646 neget,
2187 1573 2412 1647 neque

327 1659 547 1733 habet
572 1660 692 1731 illa
712 1661 1299 1759 deprehensorum
1328 1663 1549 1735 multa
1574 1664 1812 1736 verba:
1846 1690 2196 1736 venenum
2226 1662 2416 1761 quod

331 1793 523 1845 tenet
543 1799 786 1863 aecus,
818 1774 1037 1872 ipsius
1070 1796 1199 1862 est,
1229 1776 1281 1847 si
1315 1776 1490 1849 illud
1518 1797 1813 1850 excuset.

433 1888 620 1959 XIV.
648 1889 816 1978 Sed,
845 1889 1106 1988 inquit,
1142 1889 1588 1961 exheredatus
1624 1912 1724 1963 est
1754 1919 1795 1962 a
1826 1910 2037 1989 patre.
2069 1895 2418 1981 Poteram,

328 2003 632 2103 judices,
657 2023 995 2075 secretum
1029 2002 1162 2076 hoc
1188 2004 1370 2075 senis
1400 2005 1976 2103 profundumque
1999 2032 2232 2079 vocare
2257 2032 2422 2077 con-

339 2117 609 2208 silium,
636 2137 871 2190 contra
890 2119 1223 2219 juvenem
1251 2138 1486 2191 tamen
1512 2144 1658 2190 esse
1684 2145 1827 2192 non
1853 2119 2088 2210 debet,
2115 2119 2318 2191 etiam
2345 2140 2421 2194 ut

340 2232 430 2304 de
458 2231 818 2330 parricidio
847 2233 1204 2305 crediderit
1243 2259 1570 2306 novercae.
1608 2235 1873 2307 Notum
1917 2229 2076 2324 hoc,
2110 2224 2422 2336 judices,¹

341 2373 420 2419 ac
454 2347 732 2446 vulgare
768 2348 1037 2421 facinus
1073 2370 1204 2439 est,
1242 2348 1433 2449 quod
1464 2349 1875 2449 plerumque
1906 2371 2142 2423 contra
2171 2347 2419 2422 liberos

342 2482 665 2534 amantur
707 2488 981 2551 uxores,
1028 2483 1094 2534 et
1135 2464 1576 2563 sequentium
1624 2464 2223 2537 matrimoniorum
2273 2490 2417 2536 nou

342 2575 627 2647 aliunde
654 2602 867 2674 quam
896 2576 980 2648 de
1004 2577 1261 2650 damno
1291 2577 1558 2677 pietatis
1589 2579 1872 2651 affectus
1900 2599 2020 2651 est.
2047 2579 2289 2650 Genus
2315 2579 2423 2650 in-‘

344 2689 757 2763 firmissimae
789 2693 1125 2766 servitutis
1171 2713 1271 2766 est
1312 2717 1518 2766 senex
1548 2693 1867 2783 marituS,
1922 2714 1989 2765 et
2021 2692 2270 2765 uxoriae
2301 2720 2421 2765 ca-

345 2806 560 2880 ritatis
604 2809 920 2880 ardorem
954 2808 1354 2906 flagrantius
1388 2806 1657 2909 frigidis
1693 2809 2118 2910 concipimus
2156 2810 2424 2881 affecti-

346 2924 503 2996 bus.
537 2922 730 3014 Quid
759 2922 948 3022 quod
980 2951 1254 2997 necesse
1291 2943 1391 2997 est
1421 2925 1892 3025 impatientius
1918 2943 2103 2996 amet
2143 2924 2423 2996 maritus

345 3065 665 3129 uxorem,
703 3040 825 3138 qui
867 3038 1000 3111 sibi
1040 3039 1312 3112 videtur
1340 3039 1568 3112 filium
1593 3039 1743 3142 jam
1782 3037 2193 3138 perdidisse?
2230 3037 2426 3110 facil-

344 3153 600 3225 limum
622 3175 723 3226 est
743 3154 828 3226 de
848 3181 1023 3227 caeco
1038 3154 1482 3254 parricidium
1510 3156 2041 3253 credere,quum
2061 3154 2424 3254 hucusque

348 3270 707 3359 erraveris,
740 3290 819 3343 ut
843 3271 1243 3370 inquireres.
1270 3270 1452 3344 Volo
1484 3271 1682 3364 scire,
1706 3271 2010 3372 judices,
2042 3269 2212 3368 quid
2241 3269 2426 3343 fece-

348 3384 438 3457 rit
471 3384 685 3457 homo
717 3410 954 3476 senex,
991 3387 1110 3485 qui
1152 3386 1563 3486 parricidam
1608 3386 1837 3459 filium
1871 3386 2063 3460 sciat:
2107 3411 2253 3458 non
2294 3412 2425 3458 cu-

346 3500 543 3571 leum
584 3518 808 3598 parat,
847 3526 991 3573 non
1033 3500 1212 3573 illud
1251 3501 1537 3601 porrigit
1573 3527 1961 3591 venenum,
2003 3527 2147 3573 non
2183 3500 2424 3572 saltem

350 3612 794 3687 abdicatione
838 3614 1157 3687 dimittit:
1206 3634 1694 3687 testamentum
1731 3613 2218 3687 tantummodo
2258 3640 2426 3687 mu-

350 3750 477 3819 tat3
520 3750 588 3801 et
629 3729 968 3830 parricida
1005 3732 1148 3803 sola
1200 3752 1594 3832 paupertate
1636 3732 1947 3831 punitur.
2007 3732 2235 3829 Rogo,
2270 3728 2429 3830 quis

351 3843 774 3943 praecipitat?
797 3844 1030 3945 urget?
1056 3844 1321 3917 adeone
1349 3872 1494 3918 non
1522 3865 1739 3945 potest
1761 3845 1909 3917 fieri
1937 3844 2124 3918 idem
2155 3863 2428 3944 postero

432 4047 476 4084 ι.
506 4030 638 4082 Cum
667 4048 756 4083 suo
786 4030 881 4085 u'bt‘
908 4029 1105 4083 scelere.
1137 4032 1217 4083 De
1247 4029 1348 4083 hnc
1426 4032 1525 4097 vt,
1551 4031 1682 4097 284:
1715 4052 1738 4077 ι
1756 4027 1902 4083 Nihil
1936 4044 2014 4084 est
2046 4027 2298 4086 audacius
2326 4026 2432 4080 mic

354 4101 654 4172 locutione,
672 4107 790 4159 vide
810 4107 880 4161 ad
900 4110 1111 4161 Petron.
1128 4145 1146 4174 ‚
1174 4128 1221 4161 c.
1247 4108 1309 4161 61
1331 4109 1349 4172 ς’
1434 4133 1458 4156 ιι
1476 4110 1784 4181 Deprensis:
1814 4111 1946 4161 iram
1979 4120 2136 4181 atque
2167 4108 2369 4163 anime·
2396 4123 2429 4162 ι

349 4190 566 4242 Terent.
587 4187 811 4261 Adelph.
821 4191 890 4259 V,
904 4189 965 4255 ὃς
981 4189 1227 4244 Juvenal.
1240 4189 1347 4243 Sat.
1434 4208 1458 4235 ιι
1475 4188 1692 4241 crimine
1717 4198 1947 4240 sumunt.
1969 4208 1993 4237 ο
