3200 5117
1282 537 1373 599 M.
1428 536 1669 598 fABn
1718 534 2354 616 QC13T1L1A1<1

781 689 923 735 non
962 664 1246 733 forensis
1284 661 1449 731 ratio
1493 659 1809 730 deducit:
1861 658 2118 755 alioqui
2165 682 2436 755 semper
2478 657 2637 726 estis
2675 659 2856 726 intra

783 780 1072 850 domum
1093 836 1107 864 ,
1144 803 1283 846 uno
1312 775 1698 875 piurimum
1737 775 1806 845 in
1838 773 1984 845 loco
2005 830 2020 858 ,
2051 772 2311 842 lenibus
2341 772 2586 842 officiis
2614 773 2855 841 affixae.

779 897 1017 966 Tuum
1036 893 1319 990 quidem
1348 893 1672 962 affectum
1702 891 1753 959 si
1776 889 1955 960 bene
1981 890 2172 973 novi,
2200 887 2390 957 nulla
2414 888 2635 984 magis
2651 912 2858 956 causa

792 544 910 606 150

780 1011 1146 1082 caecitatem
1166 1008 1471 1095 doluisti,
1488 1032 1699 1104 quam
1718 1005 1904 1103 quod
1924 1004 2006 1075 ad
2029 1004 2512 1074 redimendum
2527 1005 2856 1074 maritum

784 1126 877 1196 ire
896 1151 1033 1195 non
1056 1152 1302 1222 posses.
1320 1126 1481 1192 Haec
1494 1142 1608 1193 tua
1622 1120 1969 1192 calamitas
1987 1140 2151 1200 erat,
2166 1119 2584 1189 aestimemus
2601 1145 2860 1189 meam:

780 1239 959 1310 nulli
1010 1239 1293 1337 quidem
1342 1237 1608 1334 gravior
1645 1236 1784 1305 visa
1833 1256 1928 1304 est
1974 1261 2183 1332 quam
2223 1234 2388 1303 tibi:
2428 1234 2589 1303 audi
2621 1255 2857 1305 tamen

783 1381 995 1452 quam
1034 1353 1251 1423 multa
1283 1353 1351 1422 in
1389 1353 1518 1421 illis
1560 1351 1860 1447 epistolis
1891 1376 2030 1421 non
2068 1349 2474 1447 scripserim.
2511 1352 2578 1419 Ο
2615 1349 2746 1435 fili,
2785 1351 2857 1420 in

785 1467 1039 1562 quibus
1076 1489 1139 1536 te
1164 1465 1359 1535 malis
1382 1465 1838 1559 reliqui?.1am
1875 1463 1987 1533 illa
2019 1463 2414 1562 principalis
2448 1490 2523 1532 ac
2560 1464 2862 1533 maxima

784 1581 970 1651 dono
1014 1581 1221 1651 deum
1264 1607 1445 1650 cessa
1487 1579 1806 1664 libertas,
1848 1604 1973 1648 nec
2019 1578 2394 1647 hominurn
2437 1577 2703 1664 solum,
2744 1578 2864 1648 sed

782 1697 1088 1765 ferarum
1108 1694 1609 1790 volucrumque
1635 1693 1948 1763 sensibus
1970 1691 2097 1761 fixa
2115 1712 2179 1761 et
2196 1692 2529 1788 ingenita,
2549 1691 2861 1789 primum

786 1810 1085 1907 spolium
1128 1809 1295 1878 fuit:
1345 1835 1456 1877 me
1502 1809 1646 1905 ipse
1694 1806 1997 1905 perdidi,
2041 1828 2277 1877 teneor
2317 1806 2558 1875 venale
2601 1805 2866 1876 manci-

784 1924 1021 2020 pium,
1053 1947 1118 1994 et
1155 1924 1318 1993 civis
1359 1949 1687 1993 romanus
1724 1950 1912 1992 merx
1943 1924 2033 1993 fio
2058 1937 2103 2010 ¹,
2140 1945 2208 1993 et
2239 1922 2626 1993 libertatem
2660 1948 2866 1993 senex

786 2039 1100 2123 dedisoe,
1152 2059 1221 2109 et
1264 2060 1465 2108 natus
1509 2038 1893 2132 ingenuus,
1942 2038 2188 2108 vaenire
2235 2058 2435 2135 opto:
2478 2037 2860 2107 minimum

787 2174 886 2222 est
906 2169 954 2240 ²,
988 2153 1382 2222 habitamus
1412 2153 1480 2221 in
1514 2152 1867 2241 fluctibuS,
1893 2151 2172 2222 hiberni
2212 2178 2338 2222 nos
2367 2152 2623 2222 feriunt
2651 2152 2864 2223 venti:

788 2294 927 2337 non
967 2267 1196 2354 statio,
1232 2293 1374 2336 non
1410 2267 1636 2357 sedeS,
1674 2293 1817 2338 non
1853 2267 2074 2362 quieS,
2115 2266 2264 2358 sed,
2302 2267 2488 2363 quod
2523 2267 2867 2338 malorum

789 2407 1106 2451 meorum
1150 2382 1443 2452 maxima
1475 2383 1697 2480 portio
1727 2403 1857 2470 est,
1888 2402 2029 2452 tam
2060 2382 2292 2452 miseri
2333 2401 2492 2452 sunt
2521 2382 2726 2452 etiam
2753 2380 2867 2451 do·

788 2496 964 2565 mini
1011 2496 1170 2565 mei.
1219 2495 1353 2566 Sed
1394 2496 1528 2566 cito
1568 2496 2041 2594 praetereunda
2076 2517 2176 2566 est
2212 2495 2553 2567 memoria
2594 2516 2872 2594 propter

790 2638 905 2681 me
938 2613 1125 2681 uxori
1164 2613 1415 2706 gravis,
1446 2613 1619 2683 mihi
1654 2634 1930 2711 propter
1959 2612 2210 2682 filium.

886 2728 1140 2796 xvm.
1176 2728 1484 2799 Transeo
1526 2727 1826 2798 hirsutos
1870 2727 2173 2797 hostium
2207 2726 2435 2799 vultus
2459 2785 2477 2816 ,
2514 2748 2580 2797 et
2611 2727 2873 2797 imma-

792 2838 994 2911 nium
1013 2841 1468 2912 barbarorum
1494 2842 1672 2912 feros
1687 2841 2032 2928 fremitus,
2057 2860 2474 2937 tantumque
2500 2841 2675 2912 mihi
2699 2867 2876 2939 quo·

868 3066 911 3099 1.
960 3049 1155 3101 Merces
1194 3049 1284 3119 fio.
1319 3054 1412 3102 Vir
1450 3052 1794 3115 clarissimus,

793 3142 845 3180 et
864 3133 1143 3182 maximum
1162 3131 1588 3202 jurisprudentiae
1607 3135 1794 3183 veteris

1877 3052 1973 3103 cel.
2012 3054 2188 3114 xxn,
2223 3072 2340 3123 cap.
2378 3071 2428 3122 7,
2464 3055 2504 3104 si
2539 3055 2656 3125 quis
2689 3071 2874 3105 merces

1878 3135 2010 3183 tueri
2035 3131 2216 3196 vellet,
2240 3132 2536 3202 praesidium
2560 3132 2647 3184 ille
2671 3134 2724 3182 in
2751 3134 2877 3183 anti-

791 3209 986 3272 demns,
1014 3214 1133 3259 Ant.
1166 3210 1522 3277 Schultingius
1553 3209 1708 3260 malle
1739 3229 1794 3261 se

793 3289 992 3358 legere,
1020 3288 1287 3360 merxfio,
1317 3290 1441 3340 mihi
1467 3290 1722 3356 ostendit,
1745 3305 1794 3342 et

792 3383 951 3419 recte.
974 3370 1163 3418 Merces
1177 3370 1313 3419 enim
1336 3383 1439 3435 est,
1457 3368 1601 3441 quod
1623 3388 1719 3440 pro
1743 3389 1797 3421 re

794 3449 966 3499 locata
995 3449 1073 3499 vel
1111 3469 1267 3520 opera
1297 3449 1476 3517 datur,
1507 3464 1556 3501 et
1586 3453 1659 3501 ita
1687 3469 1796 3502 non

793 3542 970 3599 potest
990 3528 1092 3579 dici
1116 3549 1290 3582 servus
1312 3550 1521 3594 merces,
1545 3533 1638 3583 sed
1658 3547 1798 3584 recte

796 3628 972 3671 merx‚·
1012 3613 1131 3681 quia
1171 3613 1222 3663 in
1262 3614 1435 3663 forum
1476 3614 1798 3684 productus,

796 3704 853 3741 ut
871 3692 1081 3762 reliqua·
1098 3712 1322 3758 merces,
1335 3693 1606 3757 venditur-3
1627 3708 1678 3747 et
1692 3695 1798 3747 hoc

797 3769 918 3820 inde
946 3772 1304 3836 confirmatur,
1330 3773 1473 3842 quod
1498 3778 1678 3826 mercis
1702 3796 1799 3848 ap-

794 3848 1080 3919 pollutione
1106 3850 1336 3900 homines
1365 3870 1467 3902 non
1498 3855 1803 3905 continean-

800 3938 915 3990 tur,
951 3927 1178 4000 ideoque
1211 3949 1315 3980 non
1348 3943 1681 4000 mercatores,
1709 3934 1801 3986 sed

800 4024 1079 4080 manqones
1105 4023 1362 4060 vocentur
1389 4011 1703 4063 venaliciarii
1720 4052 1735 4078 ,
1763 4012 1798 4064 l.

806 4100 925 4152 207,
960 4086 1019 4136 ff.
1060 4085 1125 4136 de
1158 4089 1216 4139 V.
1257 4088 1305 4140 S.
1337 4087 1370 4138 Ι.
1407 4090 1461 4154 1,
1491 4088 1534 4158 §.
1570 4108 1615 4154 ι,
1644 4092 1704 4142 ff.
1735 4090 1801 4142 de

802 4165 1004 4218 Tribut.
1033 4179 1132 4218 act.
1153 4167 1270 4219 Vid.
1297 4169 1537 4221 Tou-rent.
1563 4171 1634 4222 ad
1657 4173 1798 4225 Suet.

803 4248 940 4317 Aug.
967 4247 1031 4314 42
1050 4285 1066 4312 ‚
1096 4263 1146 4301 et
1170 4248 1344 4302 vales.
1373 4250 1438 4303 ad
1464 4251 1632 4303 Amm.
1658 4256 1802 4305 Mar-

1877 3213 2062 3280 quatio
2109 3210 2355 3262 Sallustio
2400 3213 2650 3282 reperiret
2667 3249 2685 3276 ,
2732 3211 2873 3280 apud

1877 3311 2034 3363 quem
2073 3312 2289 3358 merces,
2323 3312 2424 3365 pro
2457 3312 2602 3346 merx
2632 3295 2876 3365 ponitur,

1878 3388 2007 3426 teste
2032 3373 2267 3426 Char-isio
2295 3378 2418 3426 lust.
2450 3373 2539 3425 lib.
2565 3377 2619 3439 1,
2645 3375 2874 3426 Gramm.

1876 3474 1997 3526 pag.
2018 3473 2102 3524 27,
2119 3455 2305 3507 eodem
2322 3455 2480 3506 modo
2501 3469 2560 3507 ut
2579 3455 2755 3507 dixere
2778 3468 2879 3506 tra-

1879 3537 1957 3588 bes
1972 3575 1987 3601 ‚
2017 3536 2187 3607 plebes
2205 3573 2221 3600 ,
2245 3556 2344 3608 pro
2379 3539 2511 3589 trabs
2529 3575 2546 3601 ,
2571 3534 2727 3606 plebs.
2749 3534 2882 3588 Vide

1879 3614 2018 3665 Serv.
2051 3614 2118 3664 ad
2140 3617 2280 3684 virg.
2311 3615 2513 3667 AEneid.
2540 3618 2589 3680 1,
2629 3615 2746 3685 587.
2778 3615 2878 3666 lta·

1881 3711 1987 3763 que
2009 3711 2152 3742 merx
2176 3693 2360 3744 admisi
2387 3696 2554 3746 Bonan.

1955 3792 2001 3824 2.
2025 3775 2308 3825 Minimum
2333 3787 2418 3828 est.
2441 3778 2522 3828 An
2543 3776 2683 3828 istud
2699 3814 2714 3840 ,
2736 3773 2880 3848 quod

1882 3852 2038 3917 dixit,
2071 3854 2344 3904 minimum
2373 3854 2486 3905 est?
2514 3856 2659 3926 atqui
2690 3853 2882 3924 princi:

1880 3932 2001 4004 pale
2035 3946 2087 3984 et
2119 3937 2400 3986 maximum
2431 3948 2552 3987 ante
2582 3938 2695 4006 ipse
2721 3934 2878 3986 dixit:

1882 4033 1950 4065 an
1967 4053 1984 4080 ,
2007 4016 2280 4066 minimum
2308 4026 2380 4068 est
2401 4017 2538 4088 quod
2563 4016 2883 4067 habitamus?

1882 4096 1961 4145 An
1985 4133 2000 4158 ‚
2037 4094 2212 4146 deleto
2250 4106 2352 4146 est:
2392 4095 2640 4146 nimirum
2681 4094 2883 4145 babita-

1881 4194 2032 4237 mus;
2081 4175 2163 4228 vel
2212 4175 2400 4228 mirum
2448 4188 2518 4228 est
2561 4177 2884 4228 habitamus?

1883 4256 2099 4308 Senum.
