3200 5117
888 596 1158 664 DECL.
1208 598 1328 663 IX.
1377 595 1962 661 GLADIATOR.
2345 611 2467 678 ²¹7

389 721 572 794 lestis
592 718 1053 820 providentia,
1071 721 1207 793 sive
1230 718 1705 791 irrationabilis
1726 744 1919 789 casus
1934 774 1953 805 ,
1970 715 2110 788 sive
2132 713 2473 812 assignata

392 836 694 909 siderum
720 860 923 908 eursu
948 834 1386 908 nascentibus
1403 834 1607 905 uobis
1623 833 2011 920 necessita5‚
2041 830 2257 902 multa
2271 828 2455 901 varie

391 972 527 1024 tate
556 972 834 1049 pectora
859 971 1087 1023 nostra
1112 949 1452 1037 distinxit,
1482 975 1611 1020 nec
1639 947 1871 1019 minus
1896 972 2297 1018 numerosas
2325 942 2476 1014 ani-

391 1092 709 1157 morum,
753 1093 964 1166 quam
1009 1091 1379 1164 corporum
1422 1063 1616 1135 dedit
1643 1064 1919 1134 formas
1961 1064 2137 1133 Sunt
2173 1085 2473 1158 quorum

394 1202 658 1253 mentes
685 1181 893 1253 etiam
914 1180 1319 1252 ‘nocentium
1345 1178 1687 1277 supplicia
1715 1178 2145 1249 confundant
2164 1190 2212 1266 ¹,
2239 1175 2358 1272 qui
2386 1174 2474 1245 ad

396 1296 715 1367 omnium
745 1293 1161 1393 sanguinem
1187 1293 1591 1392 pallescant,
1620 1294 2018 1392 ignotorum
2049 1317 2325 1390 quoque
2355 1290 2478 1361 mi-

396 1409 587 1481 seriis
616 1408 1064 1497 illacriment3
1100 1431 1263 1481 sunt
1295 1433 1563 1498 contra,
1599 1409 1720 1507 qui
1757 1436 1844 1480 ne
1874 1435 2160 1480 suorum
2192 1406 2475 1505 quidem

399 1524 872 1597 misereantur.
917 1524 1096 1595 Mihi
1144 1524 1309 1596 mite
1355 1545 1623 1623 pectus,
1671 1545 1742 1596 et
1788 1524 2014 1596 mollis
2056 1524 2343 1594 affectus
2388 1520 2474 1592 ad

398 1663 683 1710 omnem
721 1638 1188 1712 calamitatum
1219 1660 1664 1738 conspectum
1698 1639 1968 1710 tremit:
1997 1636 2141 1708 noli
2173 1664 2286 1707 me
2316 1635 2479 1706 aesti·
2531 1646 2536 1651 ’

400 1780 590 1825 mare
606 1780 763 1824 mea
771 1755 1077 1842 fortuna,
1098 1777 1309 1855 pater,
1328 1782 1470 1828 non
1483 1755 1713 1828 habeo
1726 1754 2120 1854 gladiatoris
2135 1752 2476 1824 animum.

401 1868 685 1969 Utinam
722 1869 1009 1966 quidem
1040 1872 1216 1943 mihi
1246 1899 1448 1944 causa
1471 1873 1899 1970 permitteret
1923 1872 2017 1943 sic
2041 1869 2314 1968 gloriari
2333 1899 2350 1957 ;
2367 1870 2481 1969 ju-

400 1983 588 2055 venis
639 2007 1008 2084 conceptus
1057 1984 1435 2085 splendidis
1488 1986 1888 2086 parentibus
1907 2043 1925 2075 ,
1974 2012 2196 2084 quum
2252 1982 2480 2055 solum

398 2122 539 2173 tam
558 2102 875 2199 speciosae
894 2103 1182 2174 fortunae
1204 2103 1520 2175 cederem
1542 2105 1847 2174 fructum
1863 2160 1880 2189 ,
1906 2126 2101 2201 posse
2126 2099 2446 2198 prodesse
2462 2153 2481 2184 ‚

401 2235 467 2285 et
505 2236 743 2287 contra
786 2216 1006 2288 varios
1046 2218 1444 2289 mortalium
1494 2242 1685 2289 casus
1722 2217 1916 2316 quasi
1963 2234 2240 2315 portum
2293 2212 2486 2283 beni-

403 2330 676 2425 gnitatis
714 2333 976 2430 aperire
993 2346 1045 2422 ²,
1088 2333 1451 2432 concupivi
1492 2333 1874 2428 quamdam
1912 2327 2365 2402 humanitatis
2403 2328 2488 2397 ‘ci-

401 2447 625 2519 vicam
651 2448 940 2545 gloriam
959 2508 978 2539 ,
1004 2451 1394 2548 periturum
1415 2449 1774 2521 hominem
1789 2507 1808 2535 ,
1831 2449 1965 2520 sive
1988 2447 2103 2519 ille
2125 2432 2485 2542 naufragio

406 2563 693 2662 ejectuS,
727 2564 863 2635 sive
905 2564 1238 2662 spoliatus
1280 2546 1642 2653 incendio,
1677 2565 1814 2636 sive
1849 2584 2086 2636 exutus
2127 2560 2485 2634 latrocinio

406 2696 580 2761 erat,
612 2696 868 2747 naturae
899 2677 1269 2775 patriaeque
1294 2677 1580 2749 restitui.
1607 2677 1804 2750 Paria
1828 2700 2056 2750 tecum
2082 2676 2259 2749 facio
2275 2674 2331 2765 ³,
2362 2701 2488 2746 res·

406 2791 724 2890 publica,
756 2820 907 2888 quae
935 2814 1211 2891 propter
1239 2820 1353 2865 me
1379 2821 1605 2865 unum
1631 2796 1849 2866 civem
1881 2794 2310 2894 perdideras:
2345 2793 2488 2863 haec

408 2936 522 2980 me
545 2909 765 3005 magis
784 2909 979 2981 decet
997 2911 1342 3009 impensa,
1370 2938 1583 3009 quam
1597 2913 1796 2984 vestis
1815 2969 1834 3000 ,
1861 2939 2071 3008 quam
2090 2931 2448 3009 argentum
2468 2965 2486 2997 ,

408 3049 621 3119 quam
658 3023 779 3093 ubi
814 3022 963 3096 laus
996 3024 1285 3097 emitur:
1322 3026 1446 3096 ubi
1479 3027 1670 3097 enim
1703 3026 2001 3125 pecunia
2036 3023 2287 3095 melius
2322 3022 2486 3121 poni

409 3160 661 3235 potest,
691 3167 913 3243 quam·
937 3140 1060 3212 ubi
1093 3142 1318 3213 foeuus
1350 3141 1682 3214 bonitatis
1712 3138 2189 3213 4extenditur?

486 3297 528 3330 ι.
559 3281 915 3351 confundant.
941 3284 1171 3337 Moerore
1197 3297 1248 3336 et
1280 3285 1407 3337 tris·
1488 3284 1730 3337 XXXVII
1745 3322 1761 3350 ,
1793 3302 1812 3336 1
1842 3306 1853 3334 ι
1880 3297 1932 3335 et
1956 3302 2093 3354 saepe
2122 3282 2175 3332 iu
2200 3279 2282 3332 his
2313 3276 2492 3330 decla-

410 3358 480 3408 tia
504 3358 848 3428 perturbent,
875 3363 978 3415 vid.
1010 3384 1156 3436 supr.
1177 3363 1245 3417 ad
1270 3363 1405 3416 decl.
1490 3363 1813 3416 mationibus
1836 3362 2056 3415 occurit.
2084 3362 2251 3412 Eunu.

410 3439 774 3511 11‚16.-Qu2·
798 3462 878 3495 ne.
900 3445 1027 3496 Vos.
1054 3463 1159 3497 sec.
1184 3448 1279 3517 qui
1299 3464 1406 3497 nec.
1562 3443 1613 3507 4.
1658 3440 1985 3494 Extenditur.
2026 3440 2190 3491 Tacit.
2243 3435 2309 3488 de
2350 3437 2486 3487 Mor.

411 3518 1409 3594 ”miserantumLeid.pr.m1·serenmr.
1492 3522 1669 3573 Germ.
1696 3512 1812 3591 cap.
1839 3518 1935 3579 26;
1961 3540 1981 3563 α
2000 3520 2193 3569 Foenus
2220 3516 2416 3585 agitare
2440 3528 2491 3565 et

484 3615 531 3650 2.
573 3600 783 3652 Portum
830 3603 1160 3677 benignitatis
1193 3605 1406 3675 aperire.
1497 3602 1592 3650 «in
1637 3616 1824 3651 usurae
1857 3595 2138 3649 extendere
2170 3596 2441 3665 ignotum:
2463 3616 2488 3640 ι

410 3677 605 3728 Iterum
641 3679 915 3745 Ovidium,
954 3696 1012 3735 ut
1048 3702 1184 3754 saepe
1218 3684 1271 3733 in
1308 3680 1410 3733 hac
1493 3680 1563 3728 ita
1585 3691 1638 3729 et
1657 3677 1881 3748 pretium
1903 3674 2170 3729 extendere
2188 3673 2379 3725 Justin.
2401 3672 2495 3736 xl,

412 3754 822 3824 declamatione,
862 3760 1112 3812 imitatur.
1155 3761 1237 3811 lta
1272 3760 1409 3812 euim
1493 3757 1555 3821 43
1598 3770 1649 3807 et
1689 3756 1829 3807 Suet.
1873 3754 2037 3824 Calig.
2079 3755 2165 3806 38.
2209 3750 2495 3822 componit

412 3835 502 3888 ille
525 3830 682 3888 Trist.
715 3839 800 3902 lv,
828 3838 875 3890 5,
910 3863 931 3885 ι
956 3840 1062 3907 Qui
1084 3841 1279 3892 veritus
1300 3860 1409 3892 non
1490 3853 1620 3885 vero
1638 3834 1779 3885 huuc
1795 3832 1968 3885 locum
1984 3851 2103 3884 cum
2125 3831 2268 3882 dicto
2290 3844 2343 3882 et
2358 3847 2496 3901 prae-

419 3937 440 3959 ·
462 3933 517 3966 es
540 3929 726 3986 portus
751 3920 955 3986 aperire
974 3917 1154 3970 fideles
1174 3916 1412 3969 Fulmine
1493 3926 1652 3984 cepto
1674 3913 1870 3966 Christi
1901 3912 2090 3964 matth.
2115 3912 2185 3961 vl
2201 3949 2218 3976 ,
2259 3927 2351 3975 20,
2385 3908 2496 3959 Pri·
2529 3948 2536 3953 .

419 4016 442 4039 ι
459 4010 719 4064 percussae
775 3994 1190 4066 confugiumque
1247 3996 1360 4046 rati.
1384 4020 1406 4042 n
1494 4008 1658 4059 coeus,
1717 4004 1938 4042 notante
1985 3985 2346 4045 Almelovenio
2373 4008 2386 4038 ι
2445 3998 2498 4037 et

412 4074 743 4124 Bunuanaus.
1489 4073 1647 4144 plura
1676 4073 1778 4125 hac
1802 4072 2185 4123 declamatione
2209 4080 2498 4120 occurrunt

483 4152 533 4203 3.
557 4152 717 4202 Paria
723 4149 890 4221 facio.
906 4153 1055 4202 Hanc
1070 4149 1410 4216 locutionem,
1494 4157 1700 4227 egregie
1724 4154 1864 4207 dicta
1881 4191 1897 4219 ,
1924 4171 2037 4225 quae
2055 4152 2175 4204 luce
2199 4169 2355 4204 sacrae
2374 4149 2498 4199 doc·

414 4251 443 4284 a
471 4232 765 4286 rationibus
789 4233 1146 4305 desumptum,
1177 4232 1412 4285 illustra·
1494 4235 1641 4286 trinae
1662 4232 1913 4286 illustrari
1937 4244 2189 4303 possent,
2219 4244 2275 4281 ut
2300 4240 2354 4281 et
2370 4227 2499 4278 fecit

412 4311 489 4363 vit
523 4311 780 4367 Harduin.
822 4311 893 4366 ad
927 4313 1057 4364 Plin.
1096 4314 1174 4378 11,
1220 4312 1318 4375 863
1360 4324 1413 4365 et
1492 4314 1794 4366 Ascensius.
1823 4315 1988 4365 Bur-u.
