3200 5117
587 564 856 629 DECL.
908 562 1113 627 v111.
1161 561 1517 627 GEMINI
1566 560 2232 629 LANGUENTES.
2337 564 2446 629 181

369 690 699 790 quentius
727 687 1075 791 potestatis
1104 708 1341 761 vestrae
1372 688 1780 795 jactatione,
1824 708 2184 785 tamquam
2216 687 2451 786 aliquo

368 807 713 906 gravitatis
748 833 998 906 genere
1040 805 1479 905 delinquitis:
1522 831 1666 877 non
1702 804 1911 876 habet
1942 803 2197 877 orbitas
2238 827 2454 879 vestra

367 920 724 1015 lacrimas-7
749 947 959 1020 super
980 919 1297 992 ardentes
1334 947 1531 1018 rogos
1562 920 1804 992 tenetis
1842 922 2325 1010 inconcussam
2361 921 2456 991 ri-

366 1038 745 1139 gidamque
768 1037 1019 1111 faciem
1032 1067 1053 1122 3
1085 1037 1195 1108 itis
1220 1036 1493 1111 obviam
1518 1037 2149 1127 consolationibus;
2177 1057 2244 1108 et
2261 1034 2453 1134 quod

366 1181 654 1227 omnem
681 1153 977 1226 modum
1011 1151 1311 1227 feritatis
1328 1152 1620 1240 excedit,
1652 1153 1933 1251 captatis
1956 1155 2029 1225 in
2056 1180 2311 1252 magna
2341 1177 2454 1223 ca-

363 1267 669 1341 lamitate
711 1265 1002 1365 laudari.
1040 1265 1454 1363 Quidquam
1493 1293 1655 1365 ergo
1698 1269 1858 1358 erit,
1899 1269 2086 1366 quod
2129 1269 2212 1339 de
2250 1294 2448 1340 com-

364 1382 703 1454 munibus
726 1380 1136 1481 pignoribus
1157 1408 1302 1452 non
1328 1380 1474 1480 pari
1502 1402 1767 1473 mente,
1805 1384 1948 1481 pari
1982 1382 2447 1484 impatientia,

362 1497 502 1588 vel,
530 1497 584 1569 si
606 1497 967 1570 necessitas
995 1496 1325 1596 postulet,
1358 1496 1503 1596 pari
1539 1497 1758 1595 rigore
1783 1499 2079 1571 faciatis?
2103 1499 2270 1572 mali
2300 1521 2453 1570 tan-

364 1633 515 1683 tum
552 1613 763 1710 patris
792 1612 1106 1702 interest,
1146 1633 1224 1683 ut
1262 1613 1462 1684 matri
1502 1614 1739 1686 minus
1780 1613 2007 1685 liceat.
2041 1613 2218 1685 Sane
2253 1614 2453 1685 cedat

362 1716 555 1801 vohis
602 1727 779 1800 circa
820 1727 1154 1826 regendas
1199 1729 1694 1801 communium
1750 1730 2126 1830 pignorum
2179 1751 2447 1801 mentes

360 1870 558 1916 sexus
589 1844 965 1916 infirmior:
1002 1872 1120 1919 vos
1148 1872 1374 1919 mores
1391 1903 1411 1936 ‚
1438 1873 1558 1920 vos
1585 1847 1737 1919 vitae
1762 1844 2014 1945 genus,
2040 1874 2158 1919 vos
2195 1847 2466 1921 matri-·

361 1960 634 2051 monia,
670 1982 1083 2058 caeterosque
1129 1983 1317 2035 actus
1358 1983 1575 2035 vestra
1621 1964 2062 2064 persuasione
2107 1962 2443 2037 firmetis:

362 2075 711 2174 numquid
741 2102 1066 2176 arrogans
1099 2078 1557 2167 consortium,
1583 2079 1936 2177 numquid
1957 2079 2301 2176 impotens
2330 2104 2446 2148 so—

360 2187 565 2261 cietas
605 2210 741 2279 est,
772 2189 1038 2295 liberos
1075 2218 1487 2266 communes
1521 2219 1664 2265 esse
1711 2193 2159 2294 languentes?
2190 2193 2244 2264 si
2290 2191 2448 2288 quis

362 2302 584 2376 immo
611 2304 839 2404 pudor
866 2326 994 2405 est,
1029 2306 1194 2380 cede
1229 2334 1419 2380 nunc
1452 2327 1591 2380 tota
1626 2328 1953 2407 potestate
1987 2308 2225 2397 matri3
2257 2307 2443 2379 illius
2474 2317 2484 2328 '

346 2418 445 2503 vsit
468 2420 539 2491 in
571 2420 728 2520 aegri
751 2442 900 2495 toro
930 2423 1286 2523 proximus
1320 2422 1540 2514 Iocus3
1567 2424 1714 2496 haec
1749 2424 2075 2497 adhibeat
2099 2424 2438 2512 fomenta,

358 2534 661 2634 porrigat
687 2535 909 2608 cibos:
934 2537 986 2608 si
1013 2537 1184 2635 quid
1210 2538 1675 2639 impatientia,
1705 2538 1761 2611 si
1791 2538 1962 2638 quid
1993 2536 2440 2637 flagrantium

352 2646 699 2721 viscerum
748 2652 963 2750 poscit
992 2651 1392 2742 infirmitas,
1431 2674 1652 2725 mater
1684 2674 1920 2751 neget,
1951 2674 2169 2726 mater
2200 2651 2442 2727 indul-

356 2782 553 2860 geat:
588 2764 787 2854 illas,
811 2794 983 2867 quas
1017 2768 1435 2845 immodicus
1460 2768 1662 2840 ardor
1700 2769 2015 2860 discutit,
2048 2789 2262 2851 vestes
2293 2769 2440 2841 haec

356 2902 564 2976 super
589 2878 912 2978 fatigatos
952 2903 1239 2982 reponat
1273 2904 1499 2973 artus;
1534 2883 1652 2956 illa
1681 2883 1965 2984 jactatas
2008 2904 2144 2955 toto
2183 2882 2436 2955 lectulo

355 3020 605 3067 manus
637 2997 878 3071 sedulo
903 2999 1256 3073 contineat
1277 3002 1554 3073 affectu.

448 3115 642 3187 Vm.
689 3118 966 3189 Frustra
1014 3140 1245 3220 captas
1283 3120 1502 3193 videri
1549 3120 1885 3193 ultionem
1937 3145 2208 3219 magnae
2257 3120 2434 3193 cari-

352 3228 573 3317 tatis¹,
626 3230 713 3302 ab
763 3232 959 3303 omni
1016 3260 1195 3307 curae
1242 3235 1499 3308 ratione
1547 3236 1929 3334 sepositus:
1989 3262 2211 3335 quum
2261 3234 2435 3307 circa

428 3431 471 3467 ι.
499 3414 765 3469 Ultiouem
790 3418 1034 3471 caritatis.
1061 3421 1244 3486 Forte,
1269 3421 1351 3472 t'n-
1431 3422 1712 3481 consilium
1747 3422 1814 3475 de
1848 3421 2018 3475 salute
2054 3421 2310 3488 filiorum,
2340 3421 2434 3474 sed

350 3494 640 3548 nationem
651 3499 765 3560 ,wel
782 3506 992 3571 captare
1004 3503 1079 3555 vis
1096 3501 1349 3555 ultionem
1428 3519 1637 3576 patrem
1669 3523 1766 3575 per
1788 3522 1843 3556 se
1864 3522 2030 3557 unum
2064 3502 2349 3567 occidisse,
2375 3517 2433 3554 ut

346 3592 418 3624 m.
444 3576 687 3641 caritates,
704 3589 763 3629 ut
783 3578 914 3630 ultio
938 3598 1139 3650 magnae
1161 3582 1354 3633 carita-
1430 3582 1565 3636 alter
1589 3596 1896 3637 sanaretur:
1920 3596 1972 3634 et
1993 3601 2152 3655 supra
2177 3595 2437 3654 queratur

344 3654 433 3717 tis,
448 3652 1015 3723 sit,dictum,utu1cisci
1027 3659 1347 3712 desiderium.
1431 3681 1485 3715 se
1503 3700 1521 3728 ,
1551 3674 1806 3715 extranee
1835 3660 2035 3715 vilitate
2060 3664 2330 3734 sepositam
2366 3663 2433 3713 ab

347 3732 567 3784 Senam.
631 3736 911 3789 Ascensius
972 3736 1349 3791 obscurissima
1446 3742 1593 3793 omni
1611 3739 1842 3799 consilio.
1861 3741 2039 3808 Quare
2064 3739 2150 3792 bie
2170 3741 2428 3813 legerem:

346 3811 505 3866 ven-bs
539 3813 695 3883 dicit,
728 3830 780 3868 et
813 3816 1066 3889 explicat,
1090 3821 1214 3892 quia
1238 3838 1349 3872 non
1434 3840 1457 3864 σι
1477 3820 1691 3870 Frustra
1736 3834 1921 3892 captas
1967 3819 2132 3873 videri
2175 3818 2433 3873 uitionem

342 3910 445 3962 par
464 3906 573 3945 erat
593 3892 648 3946 iu
671 3893 838 3947 fllium
862 3899 1080 3964 caritas,
1101 3897 1347 3968 negando
1433 3919 1455 3943 α
1474 3915 1678 3969 magnae
1708 3899 1972 3964 caritatis,
2004 3898 2072 3950 ab
2102 3900 2245 3951 omni
2272 3918 2432 3952 cura-

345 3968 473 4020 mihi
493 3973 604 4041 ejus
625 3990 806 4025 curam
822 4011 839 4039 ‚
859 3973 1071 4027 simulas
1090 3975 1347 4028 ultionem
1430 4001 1453 4024 ι
1472 3981 1615 4032 tione
1630 3998 1714 4032 me
1730 3983 2065 4051 sepositam.»
2081 3978 2284 4032 sedilia
2298 3979 2433 4033 ultio

346 4054 629 4124 sumpsisse
658 4048 725 4105 de
749 4070 851 4107 me.
880 4054 981 4108 sod
1007 4075 1113 4126 qua
1139 4058 1343 4109 ratione
1423 4058 1654 4111 caritatis
1692 4057 1934 4110 nondum
1969 4058 2176 4130 placet,
2212 4077 2312 4111 nec
2345 4073 2426 4111 ta-

343 4143 498 4200 pater
528 4134 793 4203 sepositus
824 4122 894 4184 ab
927 4136 1071 4185 omni
1094 4152 1231 4186 curae
1258 4152 1344 4185 ra·
1424 4157 1547 4195 men
1577 4140 1785 4211 reperio
1811 4138 1954 4210 quod
1982 4138 2312 4197 substituam.
2339 4142 2424 4191 An

343 4207 491 4260 tione
502 4206 609 4262 dici
624 4223 828 4282 potest,
844 4226 1011 4282 quum
1030 4224 1198 4264 mater
1215 4231 1345 4283 que·
1426 4219 1826 4270 vendicationem
1843 4217 1923 4269 vei
1925 4217 2268 4289 jactationem
2280 4219 2429 4270 i’cer·

343 4300 531 4358 ratum,
563 4308 621 4345 se
657 4310 769 4344 non
805 4311 920 4346 esse
959 4291 1251 4363 adhibitam
1290 4295 1349 4347 in
1427 4310 1477 4348 te
1508 4296 1674 4348 simile
1699 4294 1828 4368 quid
1857 4293 2120 4348 desidero.
2147 4297 2314 4349 Eunu.
