3200 5117
773 498 849 574 24
1267 496 1366 556 M,
1407 494 1654 557 FABII
1703 493 2338 575 QUINTHAANI

768 741 961 762 ‘mm
972 740 2688 764 Ulmssmmmssmmmmmuaemmmtumlssffl
2702 740 2848 760 mu

1387 944 2072 1014 DECLAMATIO
2124 946 2221 1015 11.

1181 1178 1597 1252 CAECUS
1663 1179 1898 1252 PRO
1965 1178 2431 1252 LlMlNE.

1484 1433 2142 1492 ARGUMENTUM.

775 1600 861 1656 Ex
899 1598 1182 1657 incendio
1219 1599 1439 1658 domus
1474 1598 1827 1658 adolescens
1863 1614 2095 1681 patrem
2135 1601 2365 1660 extulit.
2395 1602 2555 1659 Dum
2595 1612 2850 1658 matrem

855 1696 1126 1775 repetiit,
1154 1711 1207 1755 et
1237 1698 1427 1777 ipsam
1456 1711 1513 1755 et
1539 1698 1751 1755 oculos
1777 1699 1999 1755 amisit.
2031 1697 2276 1756 induxit
2313 1698 2398 1755 illi
2437 1712 2608 1778 pater
2633 1717 2853 1754 nover-

852 1812 1004 1849 cam.
1033 1791 1184 1866 Quae
1212 1793 1459 1851 accessit
1483 1792 1757 1873 quodam
1790 1793 2066 1873 tempore.
2101 1794 2175 1852 ad
2214 1797 2538 1868 maritum,
2577 1793 2855 1871 dixitque

852 1889 1057 1966 parari
1094 1887 1179 1946 illi
1216 1911 1552 1964 venenum,
1580 1890 1745 1969 quod
1776 1889 2017 1969 juvenis
2057 1893 2119 1950 in
2157 1893 2292 1950 sinu
2327 1891 2610 1957 liaberet,
2645 1903 2701 1949 et
2735 1890 2851 1948 sibi

853 1986 1216 2063 promissam
1245 1987 1566 2045 dimidiam
1596 2001 1827 2066 partem
1858 1986 2200 2062 bonorum,
2222 1991 2265 2047 si
2295 1989 2446 2047 illud
2470 1989 2693 2047 marito
2715 2007 2857 2068 por-

852 2082 1113 2139 rexisset.
1143 2083 1400 2140 Intravit
1438 2083 1511 2140 ad
1555 2085 1799 2142 Caecum
1837 2099 2026 2165 pater,
2061 2086 2578 2163 interrogavitque
2613 2105 2690 2142 an
2727 2081 2858 2142 haec

856 2197 996 2233 vera
1021 2191 1244 2234 essent:
1276 2177 1376 2235 ille
1404 2180 1675 2256 negavit:
1703 2182 2058 2258 exquisivit,
2084 2197 2143 2238 et
2167 2182 2406 2239 invenit
2432 2182 2492 2238 in
2520 2182 2659 2238 sinu
2686 2200 2860 2237 vene-

857 2293 1028 2330 num.
1060 2274 1461 2353 interrogavit
1485 2278 1580 2334 eui
1611 2291 1903 2357 parasset,
1933 2277 2034 2334 ille
2056 2278 2260 2337 tacuit.
2289 2279 2550 2336 Recessit
2575 2290 2767 2357 pater,
2798 2289 2858 2335 et

857 2382 1092 2427 mutato
1137 2383 1493 2429 testamento
1512 2415 1527 2440 ,
1556 2373 1890 2429 Novercam
1919 2371 2060 2430 fecit
2086 2371 2388 2431 heredem.
2423 2372 2651 2430 Eadem
2679 2385 2857 2431 nocte

857 2466 1138 2546 strepitus
1158 2467 1219 2523 in
1239 2467 1427 2526 domo
1444 2469 1581 2526 fuit.
1605 2463 1860 2526 lnt'ravit
1877 2467 2113 2526 familia
2133 2469 2191 2525 in
2212 2467 2561 2534 cubiculum
2586 2468 2822 2526 domini
2838 2512 2854 2540 ‚

858 2561 1213 2639 invenitque
1237 2563 1437 2642 ipsum
1466 2564 1733 2621 occisum
1752 2607 1768 2638 ,
1798 2578 1856 2622 et
1884 2565 2212 2622 Novercam
2234 2562 2406 2642 juxta
2432 2565 2693 2622 cadaver
2712 2563 2856 2621 dor·

858 2663 1067 2720 mienti
1093 2663 1650 2736 similem‚Caecum
1677 2665 1739 2721 in
1770 2664 1982 2721 limine
2006 2661 2272 2721 cubiculi
2300 2666 2389 2722 sui
2423 2677 2711 2736 stantem,
2730 2663 2857 2742 gla-

860 2761 1030 2819 dium
1057 2759 1188 2840 ejus
1214 2762 1324 2821 sub
1352 2762 1610 2844 pulvino
1634 2776 2036 2821 cruentatum.
2059 2765 2347 2821 Accusant
2370 2784 2428 2820 se
2457 2764 2717 2821 invicem
2736 2763 2857 2820 Cae-

860 2882 962 2918 cus
986 2875 1044 2920 et
1064 2863 1353 2919 Noverca.

1198 3060 1341 3104 PRO
1390 3061 1594 3103 CAECO
1644 3059 1950 3104 CONTRA
2002 3059 2442 3103 NOVERCAM.

878 3217 1044 3286 CAP.
1082 3217 1134 3284 I.
1173 3214 1439 3301 SentiO,
1461 3214 1766 3314 judiee5‚
1801 3213 2043 3310 pudori
2068 3212 2376 3311 juvenis,
2406 3238 2528 3309 pro
2556 3237 2694 3306 quo
2727 3209 2859 3279 mi-

782 3330 1061 3399 nimum
1084 3350 1203 3416 est,
1228 3328 1413 3426 quod
1440 3328 1772 3425 parricida
1798 3354 1936 3397 non
1963 3349 2084 3414 est,
2108 3327 2587 3425 gravissimum
2607 3322 2858 3411 videri,

782 3447 966 3541 quod
1006 3443 1462 3516 absolvendus
1506 3465 1607 3514 est
1650 3464 1885 3513 contra
1921 3445 2334 3529 Novcrcam,
2370 3461 2434 3512 et
2471 3440 2857 3537 plurimum

786 3567 980 3634 Caeco
1012 3560 1095 3630 de
1118 3560 1491 3632 reverentia
1515 3558 1825 3655 deperire
1845 3558 2178 3629 virtutum
2196 3615 2212 3645 ,
2236 3583 2457 3655 quum
2481 3557 2550 3626 in
2575 3551 2863 3654 patroci-

786 3679 901 3748 nio
931 3704 1220 3750 summae
1253 3674 1522 3773 pietatis
1553 3677 1886 3762 aufertur,
1917 3674 2262 3772 quidquid
2291 3673 2503 3744 alium
2541 3672 2866 3743 defende-

790 3814 885 3863 ret
904 3795 1370 3863 innocentem.
1394 3794 1547 3861 Hoc
1573 3791 1884 3887 primum
1910 3789 2139 3887 itaque
2163 3788 2460 3886 publicis
2485 3786 2863 3883 allegamus

784 3907 1212 3995 :ifse‹-tibus¹,
1244 3906 1432 4003 quod
1479 3932 1604 4003 pro
1648 3932 1716 3976 se
1765 3931 1919 3975 reus
1966 3903 2370 4000 indignatur
2415 3902 2514 3973 uti
2561 3900 2863 4000 corporis

860 4116 903 4147 ι.
925 4092 1153 4145 Publicis
1172 4093 1465 4166 affectibus.
1496 4090 1553 4141 ld
1577 4103 1681 4154 est,
1699 4107 1783 4160 Ju·
1863 4089 2154 4159 populum,
2202 4091 2419 4158 ejusque
2465 4088 2768 4156 gravitatem
2813 4098 2865 4136 et

781 4174 1011 4238 mentm,
1038 4174 1155 4243 quia
1176 4171 1379 4243 judices
1406 4180 1778 4240 repraesentant
1865 4173 2101 4223 affectus.
2134 4173 2216 4222 Sic
2244 4173 2430 4223 Noster
2453 4168 2729 4221 declamat.
2763 4168 2823 4219 18
2841 4189 2854 4216 ε
