3200 5117
819 612 903 680 36
1322 620 1414 681 Μ.
1464 619 1712 682 FABll
1759 620 2402 702 QU1NT1L1AN1

816 751 952 824 scia
980 744 1406 817 manifestius
1429 743 1695 839 probes.
1726 741 1918 830 Quid
1946 770 2118 840 opus
2138 764 2268 833 est,
2296 765 2372 816 ut
2383 746 2530 846 jam
2554 773 2896 821 venenum

808 862 1084 965 juvenis
1111 857 1394 929 habeat?
1420 857 1647 954 potius
1674 856 2113 928 sermonibus
2136 858 2369 929 vestris
2394 859 2754 959 interpone
2781 859 2900 933 tes-

814 1000 944 1065 tes,
982 977 1089 1046 fac
1119 998 1350 1045 coram
1382 972 1587 1043 servis
1623 971 1980 1066 loquatur,
2026 975 2131 1043 fac
2170 972 2486 1045 intersint
2511 976 2760 1063 amici,
2795 978 2897 1048 fac

814 1093 1054 1166 audiat
1095 1111 1306 1188 pater.
1345 1088 1792 1160 Facillimum
1829 1109 1926 1158 est
1967 1090 2124 1162 caeci
2167 1091 2485 1187 decipere
2523 1114 2894 1164 secretum:

813 1228 1035 1292 utere,
1070 1204 1347 1290 mulier,
1371 1201 1660 1272 homine
1683 1202 1804 1297 qui
1828 1229 1896 1272 se
1923 1203 2272 1274 commisit
2292 1203 2504 1275 oculis
2524 1204 2691 1277 tuis:
2716 1229 2897 1279 utere

811 1318 1064 1407 verbiS,
1091 1343 1244 1415 quae
1268 1317 1471 1413 regis;
1508 1314 1869 1404 manibuS,
1896 1341 2049 1411 quae
2075 1343 2343 1388 moves:
2370 1319 2526 1390 volo
2545 1346 2897 1393 venenum

810 1437 956 1535 ipse
1005 1433 1334 1532 proferat,
1376 1430 1518 1525 ipse
1565 1428 1899 1527 porrigat:
1947 1429 2100 1500 volo
2136 1451 2197 1500 te
2241 1457 2475 1502 rursus
2515 1431 2590 1504 in
2630 1434 2897 1506 facinus

811 1551 1149 1637 hortetur,
1179 1545 1334 1618 volo
1359 1546 1561 1646 plura
1581 1543 1953 1641 promittat.
1990 1545 2443 1617 Parricidium
2470 1547 2625 1620 caeci
2655 1548 2899 1649 depre—

808 1661 1022 1737 hendi
1057 1682 1305 1762 potest,
1338 1660 1509 1730 dum
1547 1657 1673 1729 tibi
1707 1659 1976 1728 fatetur.

907 1779 1095 1849 xm.
1122 1774 1287 1863 Sed,
1317 1772 1576 1871 inquit,
1607 1772 1927 1843 iuventus
1953 1793 2052 1842 est
2079 1793 2320 1844 tenens
2343 1801 2718 1847 venenum.
2746 1778 2900 1849 Exi-

811 1921 1030 1994 guum
1070 1910 1560 1990 argumentum
1609 1914 1927 1975 noverca,
1976 1887 2061 1959 de
2097 1916 2351 1987 magua
2387 1889 2738 1963 facilitate¹
2790 1895 2897 1963 fe-

811 2011 958 2083 cisti
986 2037 1000 2079 :
1040 2036 1179 2080 non
1204 2031 1476 2078 accusas
1496 2031 1758 2075 caecum
1775 2061 1794 2093 ,
1816 2004 1935 2076 sed
1957 2005 2275 2076 ostendis
2304 2009 2539 2079 Homo
2560 2008 2898 2107 expositus

809 2125 895 2198 ad
926 2149 1212 2195 omnem
1237 2120 1700 2206 occasionem,
1724 2118 1810 2189 ad
1836 2146 2048 2190 omne
2080 2119 2496 2210 ludibrium,
2524 2148 2736 2217 quem
2763 2143 2899 2194 tac—

810 2259 949 2327 tus,
977 2264 1186 2333 quem
1218 2234 1526 2333 proxima
1554 2259 1847 2332 quaeque
1881 2234 2264 2334 decipiunt,
2294 2235 2462 2332 quid
2494 2239 2697 2324 refert
2722 2237 2900 2336 quid

810 2354 884 2424 in
921 2354 1077 2424 sinu
1106 2350 1392 2422 babeat?
1421 2350 1539 2421 ille
1565 2376 1779 2447 quem
1807 2350 2324 2448 deprehendere
2349 2352 2590 2449 possiS,
2616 2353 2897 2450 qualem

811 2465 1193 2565 relinquas?
1237 2494 1274 2537 a
1317 2492 1456 2563 quo
1492 2465 1704 2536 modo
1738 2492 2026 2537 noverca
2060 2466 2357 2563 digressa
2393 2489 2524 2554 est,
2561 2469 2764 2568 cujus
2789 2494 2900 2540 or-

810 2582 1078 2653 dinavit
1106 2602 1350 2669 vesteS,
1381 2580 1597 2678 tetigit
1628 2580 1852 2670 sinus,
1888 2582 2205 2652 membra
2229 2582 2645 2680 composuit,
2679 2610 2897 2655 vene-

808 2724 985 2769 num
1017 2716 1234 2795 potest
1273 2694 1525 2767 habere
1559 2695 1688 2782 sic,
1729 2716 1806 2767 ut
1839 2696 2129 2782 nesciat;
2181 2717 2397 2794 potest
2434 2698 2563 2783 sic,
2599 2719 2675 2769 ut
2703 2698 2897 2770 aliud

806 2831 1033 2912 putet:
1070 2810 1126 2883 si
1167 2808 1562 2881 mehercule
1594 2809 1927 2898 volueriS,
1971 2810 2239 2881 tenebit
2274 2811 2505 2909 palam
2535 2840 2549 2883 :
2585 2813 2644 2883 si
2663 2813 2896 2914 jusse-

807 2929 930 3018 τῖε,
960 2926 1249 3026 accipiet
1280 2952 1513 2997 coram
1548 2925 1866 3013 servulis,
1909 2952 2142 2996 coram
2177 2927 2455 2998 amicis:
2497 2947 2562 2999 et
2590 2928 2647 2998 si
2681 2955 2897 3001 vene-—

807 3071 982 3116 num
1022 3068 1165 3114 non
1204 3043 1422 3130 dices,
1457 3041 1759 3129 hauriet,
1793 3039 2001 3112 bibet.
2051 3040 2263 3113 Nullo
2307 3042 2525 3140 magis
2541 3097 2573 3128 ,.
2586 3042 2892 3143 judices,

804 3177 1216 3257 argumento
1255 3176 1475 3255 potest
1516 3154 1918 3226 innocentia
1961 3155 2269 3226 caecitatis
2309 3155 2627 3254 intelligi,
2674 3183 2893 3254 quam

807 3272 997 3370 quod
1025 3271 1292 3343 videtur
1318 3269 1592 3370 juvenis
1628 3269 2132 3367 deprehensus:
2184 3271 2236 3340 si
2279 3271 2612 3369 parricida
2649 3291 2781 3359 est,
2825 3292 2894 3343 et

804 3387 1208 3488 exquiritur,
1235 3386 1413 3457 hanc
1440 3386 1684 3457 saltem
1710 3386 1839 3457 sibi
1868 3386 2208 3485 praestabit
2229 3385 2894 3475 dissimulationem,

805 3530 895 3574 ne
923 3523 1149 3574 teneat
1180 3528 1548 3573 venenum.
1593 3503 1963 3573 Neminem
1985 3560 2004 3590 ,
2032 3502 2335 3604 judiceS‚
2379 3502 2580 3574 credo
2620 3503 2892 3593 mirari,

805 3617 1029 3717 quodj
1042 3616 1277 3688 uvenis
1293 3618 1741 3713 interrogatus
1758 3617 1870 3689 cui
1888 3640 2213 3715 parasset,
2226 3616 2431 3690 verba
2450 3644 2590 3689 non
2607 3616 2854 3689 habuit
2872 3645 2889 3687 :

806 3762 948 3806 non
991 3732 1124 3805 fuit
1152 3733 1329 3805 illud
1358 3732 1563 3832 patris
1599 3732 1979 3831 indignatio
1999 3749 2051 3822 ²,
2084 3761 2223 3805 non
2252 3733 2391 3805 fuit
2418 3732 2644 3820 dolor,
2677 3759 2896 3804 vene-

805 3872 983 3920 num
1005 3848 1279 3948 juvenis
1317 3847 1618 3947 expavit:
1663 3849 1987 3921 auferunt
2016 3850 2215 3921 nobis
2246 3875 2522 3937 vocem,
2552 3874 2707 3946 quae
2737 3847 2892 3919 fieri

795 4040 819 4058 .‚
881 4015 924 4049 1.
950 3996 1029 4049 De
1050 4016 1242 4070 magna
1254 3994 1537 4069 facilitate
1563 3999 1703 4066 Quia
1723 4017 1804 4050 res
1885 4012 1965 4051 ter
1985 4014 2222 4070 patrem·
2245 4013 2304 4051 ut
2324 4000 2536 4050 Terent.
2559 3995 2722 4048 Andr.
2750 3998 2802 4062 Ι,
2828 3999 2899 4062 5,

801 4075 913 4131 hee
944 4077 1145 4146 facilis,
1172 4091 1231 4130 ut
1263 4092 1353 4130 tua
1386 4078 1577 4131 fraude
1611 4077 1806 4132 habeat
1880 4078 2056 4149 pudor
2072 4079 2246 4149 patris.
2267 4080 2347 4131 De
2365 4075 2470 4128 hoc
2490 4075 2649 4127 modo
2669 4075 2897 4145 loquen-

794 4160 969 4211 'ca-cus
989 4177 1273 4225 venenum,
1295 4156 1415 4212 ideo
1437 4173 1803 4230 argumentum
1883 4157 1962 4222 di,
1994 4157 2112 4208 vide
2134 4158 2323 4209 Mutet.
2351 4154 2418 4206 ad
2445 4156 2610 4207 Cicer.
2637 4153 2789 4206 Catil.
2810 4155 2894 4211 Π,

810 4254 886 4291 εει
910 4239 1039 4291 leve
1886 4257 1945 4302 ²3
1988 4237 2162 4289 Barth.
2208 4238 2423 4290 Advers.
2467 4239 2567 4302 Xl,
2607 4237 2695 4301 13,
2728 4250 2781 4287 et
2817 4229 2892 4286 ad

858 4318 1419 4393 a.Patrtscnd19natto.
1432 4321 1807 4393 Scilicetprop-
1885 4318 2011 4369 Stat.
2040 4317 2210 4374 Theb.
2234 4318 2301 4382 V,
2331 4335 2406 4369 vs.
2446 4314 2582 4380 565,
2619 4328 2674 4367 et
2696 4313 2868 4374 alios.
