3200 5117
779 590 896 676 176
1272 584 1364 649 M.
1414 583 1664 648 FABII
1711 584 2351 665 QUINTlLIANl

769 739 941 811 quos
985 711 1111 781 sibi
1160 709 1571 779 videbantur
1609 708 1942 806 explicare
1988 737 2126 779 non
2178 737 2412 808 posse,
2458 713 2860 809 parentibus

770 828 1287 898 crediderunt¹:
1342 825 1772 895 innocentior
1820 848 1921 896 est
1980 825 2412 922 simplicitas,
2458 827 2856 925 desperare,

768 944 817 1012 si
855 940 1160 1011 remedia
1192 966 1330 1008 uon
1369 939 1676 1007 noveris:
1721 960 1784 1009 et
1816 938 1995 1009 hanc
2031 940 2432 1036 ignorantiae
2469 943 2655 1012 malo
2692 971 2857 1041 pro-

770 1061 1090 1144 bitatem,
1128 1077 1200 1126 ut
1237 1056 1681 1151 languorem,
1727 1083 1937 1153 quem
1992 1057 2286 1143 nescias,
2332 1078 2605 1129 tantum
2650 1087 2857 1157 neges

767 1202 958 1274 posse
989 1172 1233 1242 sanari.
1284 1170 1568 1240 Maximi
1621 1190 1854 1240 tamen
1898 1171 2238 1261 virorum,
2285 1194 2353 1242 et
2393 1173 2647 1268 quibus
2696 1176 2855 1246 attis

766 1303 940 1359 suae²
979 1284 1301 1357 solvendo
1343 1311 1483 1353 non
1518 1285 1604 1354 sit
1634 1284 2096 1373 humanitas3,
2137 1287 2188 1357 si
2225 1289 2528 1359 sciebant
2573 1290 2704 1362 hoc
2741 1318 2860 1389 ge-

767 1432 897 1475 nus
929 1401 1327 1489 curatiotliS‚
1365 1422 1429 1470 et
1462 1401 1639 1471 illud
1673 1429 1812 1472 non
1843 1402 2144 1474 indicare
2174 1404 2560 1477 voluerunt.

864 1523 983 1589 lv.
1015 1517 1244 1587 Vultis
1280 1538 1344 1586 et
1376 1516 1527 1587 illos
1565 1518 1888 1588 mentitos
1927 1519 2212 1589 breviter
2248 1521 2581 1619 probem?
2615 1521 2857 1619 despe-

774 1653 1089 1705 raverunt
1127 1630 1212 1701 de
1258 1630 1628 1727 languore,
1664 1630 1864 1731 cujus
1916 1635 2338 1724 remedium,
2391 1637 2442 1706 si
2493 1637 2667 1735 patri
2712 1664 2856 1708 cre-

770 1748 956 1833 ditis,
1019 1745 1192 1815 alius
1250 1744 1547 1814 invenit:
1615 1745 1750 1813 sive
1805 1746 2031 1832 enim,
2075 1747 2386 1847 judices,
2439 1750 2851 1821 vanissimus

768 1861 1222 1934 nescientium
1270 1858 1438 1928 vidit
1485 1858 1667 1929 hanc
1722 1861 1928 1956 patris
1982 1862 2048 1930 in
2108 1864 2410 1959 periculo
2474 1866 2848 1936 liberorum

767 1977 1057 2075 rigidam
1100 1974 1532 2069 nimiamque
1572 1974 2012 2070 patientiam,
2055 1997 2120 2044 et
2160 1976 2521 2049 hominem
2558 1980 2630 2048 in
2672 1979 2852 2050 filio-

767 2119 921 2164 rum
971 2090 1298 2184 languore
1334 2088 1706 2158 sollicitum
1754 2089 1837 2158 de
1871 2091 2173 2161 remedio
2206 2095 2473 2189 generis
2511 2093 2844 2164 humani:

764 2209 896 2277 sive
924 2203 1218 2300 captavit
1245 2229 1317 2270 ex
1346 2202 1473 2270 hoc
1499 2201 1738 2272 νυΙῐιι4
1767 2205 2147 2299 quamdam
2186 2208 2346 2278 artis
2387 2209 2844 2279 mutationem

765 2320 1046 2407 imitari,
1080 2319 1361 2416 quando
1398 2344 1634 2388 sanare
1671 2346 1808 2389 non
1840 2342 2132 2418 poterat,
2175 2344 2238 2394 et
2278 2323 2677 2419 ignorantias³
2710 2352 2845 2420 pu-

762 2440 1000 2510 dorem
1050 2455 1274 2529 tegere
1330 2461 1581 2529 magno
1623 2439 1903 2506 tentavit
1957 2438 2249 2509 incerto:
2312 2441 2479 2526 sive,
2533 2460 2611 2510 ut
2656 2439 2844 2510 aliud

754 2551 1096 2623 videretur
1126 2546 1363 2616 dixisse
1394 2574 1605 2643 quam
1642 2549 1921 2645 reliqui,
1957 2553 2163 2622 verba
2202 2553 2699 2650 desperationis
2729 2554 2843 2623 in-

760 2665 1067 2738 credibili
1104 2663 1397 2735 vanitate
1431 2665 1742 2753 variavit;
1773 2694 2166 2764 magnaque
2209 2670 2489 2741 miseros
2530 2691 2842 2768 parentes

832 2889 872 2922 Ι.
891 2873 931 2923 C
932 2870 1193 2920 mdidemn
1203 2879 1235 2919 t.
1250 2868 1568 2920 Reddiderun
1578 2882 1616 2935 t,
1629 2870 1756 2923 Obr.

756 2953 921 3014 male;
957 2952 1170 3003 credere
1204 2950 1508 3020 parentibus
1542 2951 1626 3001 hic
1652 2972 1758 3001 me-

1840 2872 2114 2926 lectionem
2153 2896 2245 2945 per
2277 2875 2498 2947 ellipsim
2534 2890 2709 2928 tuetur
2739 2878 2839 2925 As-

1839 2956 2077 3019 censius.‚
2109 2955 2298 3024 quibus
2331 2958 2455 3005 artis
2493 2974 2595 3005 suae
2630 2957 2838 3005 nomine

755 3035 857 3088 dici
880 3034 1076 3086 liberos
1103 3032 1366 3093 dicuntur,
1395 3050 1554 3100 quum
1585 3035 1638 3083 in
1665 3051 1757 3083 eo-

754 3133 870 3165 rum
922 3112 1189 3163 arbitrium
1246 3109 1559 3159 medicinam
1614 3108 1754 3160 illam

752 3191 1047 3253 crudelem,
1074 3207 1226 3259 quam
1257 3188 1463 3236 unicam
1492 3205 1604 3235 esse
1631 3206 1756 3256 pro-

752 3272 1024 3332 nunciant,
1042 3268 1339 3321 conferunt,
1362 3277 1410 3313 et
1427 3279 1751 3335 exspectant,

753 3370 817 3401 an
852 3362 1093 3420 parentes
1122 3366 1235 3396 eam
1266 3348 1486 3415 experiri
1510 3344 1669 3395 velint
1699 3347 1750 3395 in

752 3433 899 3492 filiis;
927 3450 981 3481 se
1008 3432 1142 3480 enim
1170 3426 1319 3476 aliter
1342 3445 1447 3475 non
1482 3444 1635 3494 posse
1667 3444 1753 3477 sa-

753 3532 897 3575 nare,
918 3511 1005 3561 sed
1025 3526 1205 3559 eorum
1225 3509 1521 3567 curam‚cui
1539 3524 1593 3556 sc
1612 3505 1754 3555 subs-

752 3590 964 3641 trahunt
981 3628 996 3652 ‚
1043 3584 1350 3658 parentibus
1392 3586 1715 3633 committere
1739 3605 1750 3632 :

750 3670 966 3721 verbum
1008 3668 1238 3729 credere,
1266 3664 1410 3735 quod
1442 3666 1655 3733 proprie
1688 3665 1752 3714 de

749 3750 955 3801 medico
976 3748 1183 3805 dicitur,
1209 3744 1431 3794 reddunt
1457 3744 1540 3793 hic
1563 3745 1753 3796 medici

750 3826 1076 3900 parentibus.
1108 3827 1178 3875 lta
1203 3842 1319 3873 mox
1342 3836 1527 3887 mater,
1549 3842 1666 3893 cap.
1692 3826 1747 3875 5:

756 3933 777 3955 ι
799 3908 978 3960 Redde
1013 3906 1206 3963 filium,
1238 3922 1389 3973 quem
1427 3902 1522 3954 tibi
1556 3907 1751 3974 pariter

754 4013 774 4033 κ
796 3986 1107 4055 medicoque
1119 3983 1372 4032 commisi.
1393 4005 1412 4025 n
1439 3981 1608 4031 l‘haed.
1623 3984 1747 4033 Fab.

745 4070 795 4131 Ι,
825 4069 881 4133 14
904 4088 914 4116 :
948 4090 969 4111 a
990 4067 1093 4132 Qui
1119 4067 1289 4133 capita
1314 4078 1485 4114 vestra
1512 4082 1621 4114 non
1652 4062 1750 4114 du—

752 4144 973 4195 abitntis
1014 4142 1255 4205 credere,
1291 4142 1387 4192 Cui
1432 4141 1748 4192 calceandos

763 4256 771 4271 ι
796 4246 949 4277 nemo
975 4227 1231 4275 commisit
1256 4223 1418 4293 pedes
1460 4246 1480 4265 n
1510 4225 1677 4273 Btmt.

819 4326 864 4358 2.
894 4310 961 4358 Et
984 4306 1163 4377 quibus
1186 4307 1308 4355 arti5
1330 4322 1444 4355 succ,
1469 4305 1749 4373 Vulgatant

1838 3048 1945 3080 non
1985 3033 2047 3082 sit
2087 3032 2369 3091 solvendog
2416 3052 2579 3104 quum
2621 3036 2689 3084 ita
2732 3047 2837 3085 tres

1839 3107 1997 3158 dativi
2029 3110 2452 3162 cumulas-emur:
2493 3131 2615 3162 nam
2654 3115 2706 3162 iu
2738 3111 2840 3163 sol-

1841 3189 1998 3237 vendo
2022 3188 2338 3259 subintelligi
2359 3192 2447 3239 oeri
2465 3191 2638 3240 alieno
2658 3190 2840 3242 volunt

1835 3273 2293 3335 grammaticorum
2341 3272 2553 3342 quidam
2577 3294 2587 3322 :
2640 3287 2691 3323 at
2739 3291 2835 3341 ego

1834 3366 1931 3396 oere
1963 3348 2136 3397 alieno
2158 3387 2173 3412 ,
2209 3363 2425 3401 auctore
2459 3352 2607 3401 Livio
2638 3352 2837 3418 XXXI,

1842 3427 1918 3475 13.
1957 3428 2031 3476 De
2065 3426 2149 3476 illa
2183 3446 2304 3477 vero
2335 3429 2503 3497 ellipsi
2538 3429 2622 3477 τοῦ
2655 3447 2835 3496 causa,

1832 3505 2057 3557 vidimus
2075 3505 2140 3556 ad
2165 3509 2328 3559 lustit.
2348 3507 2435 3559 lib.
2456 3510 2540 3573 lv,
2570 3527 2611 3573 1.,
2630 3512 2682 3560 in
2703 3512 2834 3561 fine:

1836 3603 1947 3653 qua»
1972 3600 2145 3636 tamen
2171 3604 2238 3636 an
2270 3586 2353 3636 hic
2379 3587 2656 3639 commode
2681 3590 2839 3640 statui

1833 3669 2026 3737 possit,
2053 3670 2329 3718 nescimus.
2359 3671 2524 3719 Bm.

1905 3747 1955 3797 3.
1985 3745 2310 3796 Humanitas.
2347 3750 2445 3797 Pro
2477 3745 2711 3799 humano
2738 3767 2833 3818 ge—

1833 3836 1962 3873 nere'
1982 3826 2137 3873 etiam
2163 3826 2338 3894 posuit
2360 3824 2488 3876 Min.
2511 3826 2679 3891 Felix,
2702 3846 2748 3877 c.
2772 3829 2831 3891 8,

1834 3904 1921 3953 ubi
1943 3904 2178 3955 videndae
2203 3919 2337 3957 ποίει»
2360 3907 2602 3958 Daviesii.
2628 3910 2795 3958 Bnnu.

1902 3987 1952 4053 4.
1981 3988 2062 4035 Ex
2087 3987 2181 4036 hoc
2206 3987 2365 4038 vultu.
2392 3990 2557 4057 Lege:
2592 4012 2612 4034 α
2635 3990 2708 4039 Ex
2727 3987 2833 4041 hoo

1836 4087 1857 4109 ιι
1880 4065 2017 4115 velut
2048 4064 2328 4134 quamdam
2362 4067 2487 4117 artis
2523 4080 2717 4117 mutum
2747 4086 2832 4118 ra-

1837 4174 1856 4191 «ι
1880 4148 2075 4197 tionem
2111 4148 2316 4197 imitari.
2342 4171 2362 4191 ι·
2394 4150 2546 4199 ,Μαῖα
2581 4149 2741 4214 ratio,
2770 4161 2832 4199 ut

1830 4236 1972 4274 muta
1989 4222 2125 4296 fides
2152 4224 2294 4297 apud
2325 4227 2503 4277 Seuer.
2532 4230 2682 4278 Herc.
2705 4229 2829 4278 Fur.

1830 4304 1925 4353 301
1948 4343 1962 4355 .
1992 4302 2078 4353 ubi
2106 4302 2205 4355 vid.
2234 4306 2396 4356 Gron.
2423 4306 2641 4357 Senum.
