3200 5117
752 481 878 544 3¹2
1260 480 1352 542 M.
1401 478 1653 541 FABII
1702 477 2342 558 QUINTILIANI

749 602 964 703 possit
1008 599 1316 672 invidia?
1356 628 1519 698 apes
1559 598 1874 670 veneno³
1915 599 2057 670 haec
2107 600 2238 671 illis
2282 600 2501 697 gratia
2546 602 2862 690 refertur,

750 720 940 818 quod
973 719 1314 789 fructibus
1355 718 1601 787 nostris
1635 717 2047 812 invigilant?
2078 719 2262 814 quod
2293 718 2701 814 quotidiana
2732 739 2865 787 sta-

747 836 937 906 tione
973 836 1226 905 laboris
1253 834 1509 903 assidui
1541 860 1626 902 ne
1664 833 1928 902 damno
1960 834 2249 928 quidem
2288 831 2863 903 summoventur?

753 980 921 1022 nam
952 973 1017 1020 et
1042 973 1279 1020 caetera
1307 949 1642 1019 animalia
1669 947 1940 1019 videtur
1968 948 2142 1018 mihi
2175 969 2418 1017 natura
2444 946 2685 1017 usibus
2710 975 2863 1017 nos·

750 1067 870 1137 tris
897 1066 1252 1164 genuisse,
1285 1064 1427 1133 haec
1451 1065 1663 1134 etiam
1694 1063 1996 1150 deliciis,
2021 1090 2183 1131 cum
2203 1091 2281 1132 eo
2312 1078 2355 1150 ¹,
2382 1062 2569 1159 quod
2601 1062 2857 1151 inillis,

754 1208 905 1278 quae
941 1181 1046 1251 vel
1085 1180 1472 1251 scindendo
1504 1180 1687 1266 soIO,
1719 1181 1827 1250 vel
1865 1179 2281 1249 maturando
2319 1179 2549 1249 itineri
2587 1208 2863 1277 compa-

755 1326 1030 1389 ramuf„
1067 1297 1329 1369 multus
1363 1321 1525 1368 ante
1565 1298 1821 1368 reditus
1860 1297 2241 1367 insumitur
2271 1298 2499 1384 labor3
2539 1319 2608 1368 et
2637 1324 2862 1394 quum

753 1412 1275 1515 pei-domanda,
1316 1441 1539 1507 quum
1579 1411 1831 1481 alenda
1870 1413 2042 1500 sint,
2080 1413 2261 1482 nihil
2300 1433 2537 1483 tamen
2578 1435 2864 1510 possunt

754 1533 903 1603 sine
948 1531 1237 1601 homine
1264 1586 1281 1616 ,
1328 1551 1392 1598 et
1435 1549 1709 1598 tantum
1749 1551 1980 1598 coacta
2014 1550 2300 1625 prosunt
2338 1556 2349 1598 :
2396 1556 2556 1627 apes
2595 1530 2863 1600 faciunt

756 1648 1035 1747 injussae
1062 1647 1281 1715 favos:
1316 1644 1463 1714 sine
1489 1644 1632 1714 ullo
1664 1645 1945 1714 rationis
1978 1643 2303 1714 humanae
2335 1645 2724 1715 ministerio
2755 1665 2862 1715 to-

758 1784 864 1834 tus
913 1763 1177 1832 fructus
1229 1760 1410 1831 ultro
1453 1759 1665 1830 venit.
1722 1758 1962 1856 Adjice
2014 1759 2201 1853 quod
2252 1781 2488 1830 caetera
2532 1758 2868 1830 animalia

759 1899 877 1948 aut
909 1877 1070 1946 satis
1106 1876 1511 1964 incurrunt,
1550 1895 1668 1944 aut
1711 1874 1965 1944 vitibus
2003 1895 2293 1944 nocent:
2344 1875 2740 1973 primaque,
2785 1896 2868 1944 ut

757 1994 945 2065 fama
981 2014 1115 2081 est,
1153 1992 1389 2062 hostiae
1429 2018 1631 2062 causa
1662 1991 1913 2089 pecudi
1952 1991 2085 2061 fuit
2112 1991 2270 2060 {aesa
2297 1992 2572 2088 fruges:
2610 1989 2868 2060 harum

756 2111 856 2181 ita
889 2108 1214 2180 innoxius
1239 2135 1360 2207 per
1386 2129 1582 2204 pratu
1614 2106 1951 2205 silvasque
1983 2106 2307 2177 discurrit
2338 2107 2568 2196 labor,
2604 2127 2679 2176 ut
2705 2127 2865 2177 tan-

757 2249 911 2298 tum
947 2228 1218 2297 factum
1250 2252 1425 2323 opus
1456 2246 1806 2323 appareat.

856 2345 1046 2412 XVl.
1094 2343 1259 2430 Qua
1304 2342 1467 2411 satis
1504 2342 1712 2437 digna
1744 2367 2119 2438 prosequar
2153 2341 2402 2412 laude?
2440 2341 2669 2413 dicam
2708 2340 2867 2412 ani-

761 2458 903 2529 mal
931 2458 1462 2555 quodammodo
1491 2483 1781 2555 parvum
1812 2456 2116 2527 hominis
2144 2457 2534 2556 exemplar?
2559 2460 2713 2529 Hoc
2733 2457 2867 2528 hu-

761 2601 974 2645 mana
1003 2573 1383 2670 excogitare
1413 2601 1553 2643 non
1583 2572 1810 2670 potuit
1832 2572 2104 2644 solertia
2132 2601 2144 2641 :
2177 2574 2387 2643 etiam
2414 2574 2585 2644 ratio
2609 2596 2867 2662 nostra,

761 2718 914 2792 quae
942 2692 1071 2762 sub
1096 2690 1286 2761 terris
1313 2692 1587 2761 lucrum
1619 2691 1910 2778 invenit,
1943 2718 2097 2789 quae
2131 2692 2352 2761 maria
2378 2705 2401 2734 ²
2421 2690 2867 2790 inquisitione

763 2834 887 2877 sua
913 2806 1249 2877 sideribus
1284 2806 1705 2894 immiscuit,
1739 2808 1868 2876 hoc
1899 2827 2131 2876 tamen
2160 2807 2434 2876 efficere
2455 2863 2473 2894 ,
2504 2805 2868 2902 consequi,

762 2923 1018 2994 imitari
1053 2951 1195 2994 non
1228 2924 1481 3022 potuit:
1512 2950 1778 2994 venena
1811 2923 2037 3021 potius
2070 2923 2494 2995 invenimus,
2522 2926 2680 2994 Jam
2714 2923 2869 3020 pri-

762 3067 965 3109 mum
1005 3040 1255 3110 futurae
1289 3038 1661 3110 laudabilis
1697 3038 1844 3108 vitae
1881 3038 2095 3135 digna
2133 3039 2504 3137 principia3
2539 3063 2680 3108 non
2715 3035 2868 3106 illas

760 3154 981 3225 libido
1036 3176 1489 3253 progenerat,
1544 3154 2007 3250 domitrixque
2062 3155 2388 3225 omnium
2450 3151 2870 3225 animalium

761 3296 1019 3340 venus:
1059 3292 1276 3367 utque
1313 3269 1636 3340 homines
1668 3270 1739 3339 in
1771 3270 2277 3341 excusationem
2309 3270 2415 3340 sui
2450 3266 2705 3341 fabulis
2734 3289 2871 3339 tra-

842 3521 884 3552 t.
940 3504 1070 3552 Cum
1114 3521 1189 3553 eo.
1241 3502 1483 3566 Mallem,
1531 3512 1641 3552 tum
1689 3522 1779 3561 ρος
1861 3504 2002 3572 Apes
2047 3506 2222 3554 statim
2269 3523 2329 3555 ac
2377 3517 2512 3554 natae
2556 3516 2712 3567 sunt,
2761 3501 2869 3552 sine

761 3584 932 3655 quod,
965 3597 1087 3649 etc„
1119 3582 1313 3634 multus
1340 3597 1462 3634 ante
1484 3585 1672 3636 reditus
1701 3585 1779 3634 ιἠ-
1864 3596 2077 3652 sumptu
2095 3622 2110 3646 ,
2127 3584 2333 3652 injussa?
2353 3582 2630 3645 laborant,
2655 3595 2707 3632 et
2727 3582 2869 3630 fruc·-

762 3661 989 3713 sumt‘tur
1011 3660 1173 3712 labor.
1202 3664 1260 3711 In
1290 3663 1437 3732 equis
1464 3661 1745 3715 domandis
1764 3702 1780 3726 ,
1863 3673 1946 3710 tus
1980 3679 2039 3711 ex
2066 3660 2163 3710 illis
2191 3660 2330 3711 ultro
2354 3662 2530 3725 venit,
2561 3673 2666 3710 etc.

763 3741 938 3791 bobus
964 3738 1282 3804 educandis,
1320 3740 1489 3791 labori
1531 3756 1582 3792 et
1610 3745 1780 3794 oneri·
1938 3757 1983 3790 2.
2012 3740 2190 3789 Maria
2240 3739 2589 3810 inquisitione.
2635 3735 2873 3809 Explicat

763 3819 863 3869 bus
893 3817 1126 3869 ferendis
1159 3820 1570 3871 assuefaciendis
1588 3859 1605 3886 ‚
1646 3821 1776 3872 mul—
1862 3816 2052 3868 Badius
2078 3820 2469 3886 navigationem
2495 3816 2562 3869 ad
2587 3815 2760 3868 sidera
2794 3817 2870 3866 in·

765 3897 1778 3970 tuslaborinsumitur,antequatninde
1860 3902 2053 3964 stituit,
2082 3899 2229 3969 quod
2268 3919 2335 3949 an
2372 3899 2483 3951 haec
2519 3898 2719 3949 locutio
2760 3897 2872 3948 effi-

764 3980 991 4033 reditum
1011 3993 1103 4031 aut
1119 3982 1348 4031 fructum
1370 3982 1553 4032 facias,
1573 3983 1777 4034 Deinde
1861 4000 1978 4032 cere
1999 3984 2169 4052 possit
2183 3982 2398 4046 dubito,
2420 4000 2518 4033 nec
2537 3995 2714 4032 tamen
2732 3990 2870 4031 reete

767 4077 930 4131 quum
967 4062 1079 4130 jam
1124 4059 1279 4111 utiles
1329 4079 1442 4112 esse
1486 4062 1776 4133 incipiunt,
1860 4066 2015 4133 capio
2046 4067 2158 4133 ejus
2195 4067 2328 4115 vim:
2363 4082 2516 4133 agere
2548 4081 2673 4114 vero
2710 4060 2774 4114 de
2805 4062 2870 4111 si-

765 4156 1032 4214 pastores‚
1068 4161 1294 4213 pascua,
1335 4142 1613 4206 alimenta,
1664 4163 1777 4214 quae
1861 4145 2106 4212 der-ibus,
2152 4146 2217 4198 ad
2257 4165 2371 4217 quae
2416 4164 2633 4197 cursum
2668 4156 2865 4196 veteres

763 4223 938 4275 omnia
959 4241 1151 4294 magno
1174 4236 1449 4290 constant,
1476 4224 1770 4295 requirunt.
1858 4224 2233 4291 instituebant,
2259 4237 2466 4278 certum
2489 4238 2583 4277 est.
