3200 5117
565 534 836 604 DECL.
883 536 1090 603 VIII.
1139 536 1494 605 GEMINI
1541 539 2207 634 LANGUENTI-38.
2320 570 2439 639 ¹79

349 659 612 745 deferre
637 663 912 739 delicias
939 677 985 733 ¹.
1014 664 1159 771 Ego
1190 662 1384 759 illam
1411 661 1642 761 datam
1682 664 1948 737 miseris
1983 687 2256 741 tautum
2283 698 2441 744 ma-

348 781 564 855 tribus
594 800 762 880 puto
796 797 1204 879 potestatem
1224 832 1244 866 ,
1269 778 1356 847 ab
1381 777 1628 875 iniquo
1655 779 1950 891 conjuge
1976 782 2307 881 explicare
2333 786 2446 858 di-

348 896 648 971 vortium
668 909 732 966 ²:
770 914 837 965 et
869 912 1103 987 contra
1126 891 1476 996 maritales
1499 912 1733 963 tuetur
1761 892 2078 997 injurias,
2111 897 2234 969 uhi
2265 900 2446 974 nolis

330 1033 662 1113 ⁸praestare
706 1009 1158 1109 patientiam:
1205 1005 1340 1077 illis
1381 1005 1752 1081 succurrit3
1786 1036 1956 1106 quas
1990 1013 2180 1091 nefas
2221 1038 2323 1088 est
2356 1016 2445 1089 ab

349 1128 495 1213 viro
530 1126 921 1213 discedere,
956 1150 1124 1237 quas
1162 1123 1236 1193 in
1275 1122 1556 1223 pessimi
1593 1122 1902 1224 conjugii
1936 1125 2246 1201 durum4
2280 1159 2446 1233 per—

350 1263 785 1341 petuumque
807 1237 1283 1336 complexum,
1311 1238 1802 1348 communium
1828 1241 2205 1341 pignorum
2227 1273 2444 1321 nexus

351 1354 658 1443 arctavit,
682 1379 835 1451 quae
867 1352 1086 1423 malos
1113 1352 1393 1457 maritos
1426 1353 1684 1454 pariter
1714 1377 1782 1453 et
1811 1378 2036 1459 patres
2072 1387 2200 1432 nec
2233 1362 2446 1435 relin-

355 1498 611 1569 quere,
656 1497 784 1541 nec
823 1472 1000 1541 ferre
1046 1469 1408 1542 sufficiunt
1436 1471 1764 1544 :·facinus
1812 1495 1913 1546 est
1952 1475 2111 1548 ideo
2154 1479 2445 1554 evadere

356 1586 729 1675 maritum,
781 1586 946 1682 quia
987 1586 1476 1679 damnaretur,
1517 1589 1571 1659 si
1613 1588 1700 1658 de
1739 1588 1858 1660 illo
1901 1591 2170 1665 minore
2214 1566 2450 1670 dolori

353 1694 828 1803 quereretur⁵.
867 1704 1104 1797 [taque
1158 1700 1650 1800 impudenter⁶
1692 1702 1895 1793 facit,
1940 1708 2130 1803 quod
2164 1736 2289 1808 pro
2329 1710 2453 1783 de-

357 1839 573 1907 tracto
589 1839 908 1889 matrona
928 1818 1143 1907 cultu,
1167 1840 1551 1916 negatoque
1574 1820 1934 1911 comitatu,
1954 1823 2271 1898 fastiditis
2298 1854 2454 1900 noc·

355 1934 569 2029 tibuS‚
590 1932 997 2035 pulsataque
1020 1933 1224 2022 facie,
1249 1932 1477 2004 filiurn
1504 1934 1891 2064 complorat
1908 1938 2254 2019 occisum:
2281 1942 2450 2016 sileo

360 2049 591 2125 adhuc
613 2048 752 2138 illa,
776 2075 900 2148 per
916 2074 1068 2145 quae
1085 2048 1432 2147 parricidii
1457 2073 1667 2121 crevit
1682 2051 2121 2125 immanitas:
2145 2050 2450 2130 occisum

360 2162 587 2233 filium
629 2160 914 2261 objicio3
957 2182 1195 2262 putate
1244 2136 1721 2256 luxuriosum,
1766 2167 2149 2264 perditum,
2186 2198 2455 2244 nocen-

359 2300 502 2352 tem
516 2310 536 2368 3
567 2279 804 2378 fingite
830 2278 959 2349 hoc
978 2298 1248 2379 patrem
1276 2278 1408 2375 ira,
1434 2278 1918 2379 indignatione
1939 2282 2207 2361 fecisse:
2235 2315 2455 2386 quan·

360 2414 512 2503 tum
558 2393 830 2465 facinus
877 2394 963 2488 sit
1006 2392 1234 2464 filium
1277 2392 1620 2485 occidere,
1667 2423 1875 2470 nemo
1909 2401 2133 2499 magis
2173 2405 2455 2493 fatetur,

362 2534 573 2611 quam
600 2509 722 2609 qui
753 2507 900 2597 vult
923 2508 1178 2597 videri,
1212 2535 1282 2581 se
1318 2508 1493 2580 illud
1525 2506 1766 2584 fecisse
1789 2542 1916 2613 pro
1943 2518 2109 2590 filio.
2146 2520 2451 2619 Ecquid,

340 2624 659 2729 judiceS,
679 2624 782 2695 vel
811 2651 889 2717 ως
914 2621 1047 2695 hoc
1078 2643 1255 2695 totus
1285 2622 1566 2697 animus
1592 2629 1861 2718 mariti,
1892 2650 2030 2704 tota
2057 2634 2453 2706 tristissimae

362 2740 679 2841 conjugis
708 2737 1056 2827 calamitas
1084 2736 1375 2837 perspici
1400 2759 1659 2845 potest,
1695 2743 1883 2837 quod
1917 2772 1986 2816 se
2013 2770 2220 2846 negat
2251 2752 2455 2821 matri

438 2920 483 2953 1.
511 2900 944 2971 Quoe..de.1.icias
971 2902 1083 2971 Ego
1107 2917 1227 2972 quoe
1251 2900 1367 2953 reti·
1523 2918 1568 2953 ι.
1568 2932 1575 2937 ·
1597 2901 1818 2971 Danau.
1834 2904 2040 2959 Dirum.
2062 2908 2214 2959 Voss.
2239 2926 2323 2979 pr.
2349 2894 2452 2963 sec.

360 3002 492 3049 neo,
516 2996 577 3035 ut
598 3001 656 3034 se
691 2996 929 3055 opponat
953 2982 1056 3035 illis
1081 2983 1364 3045 matronis,
1448 2980 1595 3052 quod
1633 2999 1745 3032 non
1789 2983 2182 3074 repudiantium
2222 2998 2453 3054 temere,

363 3082 478 3135 quae
534 3066 798 3117 actionem
839 3064 987 3116 malae
1037 3063 1365 3116 tractationis
1445 3072 1507 3111 ut
1543 3060 1611 3111 sit
1645 3059 1797 3111 malis
1838 3063 2085 3132 auspiciis
2119 3076 2454 3117 contractum

358 3157 578 3217 propter
591 3157 806 3214 negatas
823 3143 938 3195 ilias
962 3140 1368 3195 deiiciasinten-
1447 3142 1869 3206 matrimonium,
1899 3143 1954 3193 in
1985 3160 2094 3215 quo
2121 3156 2299 3196 tamen
2329 3163 2454 3231 pei*-

362 3234 506 3274 tant:
527 3237 579 3275 et
605 3221 832 3294 legerem
859 3223 1039 3273 etiam·
1074 3217 1367 3271 -Prodide-
1448 3217 1795 3271 sever-andum
1820 3234 1916 3272 est.
1944 3221 2113 3272 Bmm.

370 3315 540 3353 «runt
570 3299 697 3371 legis
732 3289 928 3371 hujus
921 3301 1317 3360 auctoritatem3
1520 3300 1571 3352 5.
1636 3301 1954 3370 Quen-retur.
2017 3302 2225 3355 Scilicet
2284 3322 2453 3368 uxor;

362 3378 486 3433 licet
499 3381 687 3446 sciam,
708 3381 835 3453 quid
848 3381 1075 3455 perdere
1072 3380 1164 3432 bie
1180 3394 1233 3432 et
1252 3399 1369 3434 sex·
1451 3399 1567 3452 quae
1604 3378 1800 3451 eihpsis
1829 3383 1873 3432 si
1900 3382 1988 3432 cui
2013 3380 2203 3434 durior
2227 3382 2454 3449 videtur,

363 3462 532 3513 centis
560 3460 674 3513 aliis
702 3460 832 3513 locis
865 3460 1159 3531 significare
1180 3461 1367 3531 possit.
1448 3457 1589 3529 legat
1609 3471 1946 3530 quum-eretum
1970 3479 2161 3531 nempe
2178 3461 2403 3530 judicio.

438 3561 485 3594 2.
523 3542 601 3594 Ab
638 3543 818 3614 iniquo
857 3546 1073 3618 conjuge
1112 3539 1373 3615 explicare
1521 3538 1573 3589 6.
1598 3537 1789 3610 Itaque
1811 3537 2165 3610 impudenter,
2203 3553 2302 3592 etc.
2329 3541 2460 3593 Tol·-

363 3619 661 3675 divortium
678 3621 847 3691 Lego:
876 3644 897 3667 α
918 3622 1190 3694 Explicat-e
1212 3639 1266 3671 sc
1285 3618 1372 3671 di·
1451 3616 1510 3668 lit
1540 3615 1926 3686 objectionem,
1957 3636 2074 3688 quae
2100 3632 2312 3690 poterat
2339 3639 2460 3671 mo-

373 3702 605 3752 ·vortio.
628 3696 965 3771 »Explicat-e
992 3713 1071 3751 est
1096 3697 1371 3770 expedire,
1449 3699 1594 3763 veri,
1635 3696 1784 3768 quod
1833 3698 2135 3752 accusando
2176 3719 2334 3753 sexus
2380 3703 2462 3754 sui

366 3780 610 3835 liberare.
628 3726 810 3855 ¹'Supra
845 3782 1001 3835 dixit.
1040 3780 1310 3853 “explicat
1340 3798 1373 3832 a
1452 3778 1831 3831 verecundiam
1853 3776 2216 3851 egrederetur:
2243 3801 2464 3854 respon*

373 3854 599 3913 «dolore
622 3875 891 3935 patrem.»
1455 3857 1547 3908 det
1578 3858 1809 3923 ironice,
1844 3874 1955 3910 non
1991 3859 2096 3911 hoc
2136 3878 2249 3912 esse
2285 3864 2463 3932 impu-

439 3940 489 3992 3.
522 3939 643 3994 Illis
667 3940 907 3993 succurit.
902 3940 1098 4009 Lege,
1122 3938 1230 3991 iuis
1260 3957 1376 3990 suc·
1457 3938 1617 4001 dens;
1642 3957 1742 3991 nec
1777 3940 1916 3990 enim
1945 3942 1991 3991 si
2027 3940 2095 3992 de
2128 3940 2333 3992 levibus
2368 3942 2467 3994 de-

365 4019 597 4071 currite:
645 4018 894 4089 implorat
936 4018 1178 4087 judicum
1228 4018 1377 4068 auxi·
1455 4016 1909 4088 liciislicetqueri,
1926 4019 2178 4071 sinenota
2195 4019 2469 4091 impuden-

366 4097 527 4164 lium,
560 4111 612 4152 et
650 4095 864 4171 populi,
889 4097 1010 4169 quia
1038 4097 1093 4147 in
1114 4094 1224 4175 iioc
1249 4113 1378 4147 casu
1458 4098 1540 4146 tia·
1543 4109 1731 4165 ‚turpe
1743 4097 1863 4160 fuit,
1880 4108 1930 4147 et
1947 4097 2141 4167 pudori
2158 4097 2467 4165 adversum,

368 4198 480 4232 non
504 4180 734 4244 sufficit,
757 4197 857 4229 nec
877 4179 1073 4248 justam
1098 4168 1257 4246 opem
1279 4177 1382 4229 fert
1463 4178 1508 4228 si
1527 4175 1594 4227 de
1615 4177 1921 4245 gravissimo
1943 4192 2195 4250 queratur
2212 4180 2476 4241 facinore,

372 4258 455 4312 lex
476 4259 623 4312 malae
648 4258 999 4310 tractationis.
1017 4255 1236 4309 Senum.
1468 4272 1518 4310 et
1545 4258 1685 4309 cvde
1712 4257 1818 4309 filii.

2146 4348 2291 4397 125⁸
