3200 5117
32 2493 40 2533 -ω
32 2351 40 2418 —-
32 2257 44 2296 τ·-
32 2115 44 2181 ·v-⁴
32 2021 44 2063 *-
33 1905 48 1946 ..
33 1763 50 1846 ᾞΛ
32 1669 52 1712 u
33 1552 52 1594 'a
33 1435 54 1479 “2
32 1290 52 1360 W*
33 1174 54 1244 w
32 1085 55 1128 *

544 606 748 670 DEC.
798 604 988 670 x1x.
1039 602 1430 669 INFAMIS
1480 604 1575 668 IN
1624 605 2063 686 MATREM,
2113 609 2196 674 11.
2291 612 2417 690 403

321 732 544 803 vivere
588 731 1022 802 mirabantur
1062 729 1419 818 homines,
1472 730 1746 802 torsisse
1793 756 1907 802 me
1952 732 2252 830 putatis?
2296 761 2422 833 ego

321 873 482 921 vero
536 846 801 936 occidi,
861 845 1119 936 tarde,⁴
1172 846 1318 916 diu.
1391 846 1870 935 Quaestionem
1932 845 2109 920 illu'd
2167 849 2424 922 vocas?

324 991 525 1062 poena
552 1019 571 1053 ‚
616 962 1078 1062 supplicium,
1122 983 1191 1033 et
1235 961 1581 1033 malorum
1626 989 1947 1034 meorum
1991 963 2211 1036 exitus
2246 966 2421 1038 fuit:

325 1081 525 1152 nulla
566 1079 740 1151 ratio
784 1099 882 1150 est
921 1077 1391 1175 interrogandi
1427 1076 1829 1167 hominem,
1869 1078 1983 1151 cui
2017 1107 2160 1153 non
2193 1103 2291 1153 est
2321 1081 2424 1153 fas

325 1196 461 1266 nisi
511 1220 785 1291 negare.
1381 1183 1394 1190 ’

425 1311 512 1380 Χ.
567 1310 855 1399 Quanta
901 1328 1137 1380 tamen
1176 1307 1354 1379 mihi
1392 1307 1523 1378 fuit
1556 1330 1623 1380 et
1662 1309 1734 1380 in
1766 1310 2142 1409 quaestione
2176 1313 2425 1386 mode-

328 1422 553 1495 ratio?
608 1449 749 1494 non
796 1422 986 1494 enim
1031 1422 1360 1522 praecipiti
1399 1443 1637 1522 raptus
1675 1424 1985 1524 impulsu
2030 1428 2272 1499 exsilui
2317 1455 2427 1501 re-

329 1559 568 1638 pente,
593 1537 858 1629 subito,
884 1565 1013 1610 nec
1038 1557 1282 1636 captus
1309 1537 1545 1609 dolore
1570 1565 1746 1610 caeco
1772 1540 1869 1612 im
1878 1542 2224 1639 patientiae
2257 1570 2427 1615 meae

327 1654 525 1726 velox
561 1654 818 1724 vulnus
859 1653 1148 1725 indixi1.
1207 1656 1366 1725 Non
1416 1674 1640 1752 potest
1685 1681 1830 1725 non
1886 1656 2146 1728 ratione
2202 1658 2424 1729 occidi

331 1772 557 1861 filius,
609 1798 834 1870 quum
884 1791 1043 1843 ante
1094 1791 1493 1869 torquetur:
1547 1771 1706 1842 dedi
1756 1799 2018 1860 moras,
2071 1774 2425 1871 spatium,

331 1908 609 1986 tempus
660 1886 949 1959 indulsi.
1005 1886 1223 1957 Vides
1274 1906 1611 1984 quantam
1659 1887 1823 1959 hinc
1872 1888 2428 1987 malignitatibus

330 2000 683 2101 potuerim
718 2022 1035 2100 praestare
1066 2000 1476 2072 materiam?
1518 2001 1573 2073 si
1615 2001 1693 2073 in
1724 2002 1848 2074 illo
1879 2025 2165 2094 secreto,
2196 2003 2428 2102 gladio

328 2138 635 2204 tantum,
672 2116 729 2186 si
767 2114 1173 2186 vulneribus
1208 2115 1533 2212 egissem,
1576 2117 1831 2189 exitum
1868 2119 2120 2191 fecerat
2150 2118 2430 2218 juvenis

329 2230 784 2330 deprehensi:
837 2257 982 2301 non
1021 2250 1121 2302 est
1153 2228 1399 2329 igitur,
1443 2230 1733 2324 mulier,
1783 2234 1969 2331 quod
2008 2232 2184 2305 mihi
2218 2234 2429 2306 facias

330 2346 698 2445 duplicatae
741 2345 1142 2444 quaestionis
1178 2345 1547 2434 invidiam,
1586 2346 1659 2416 id
1703 2367 1835 2439 est,
1872 2348 2061 2444 quod
2112 2349 2317 2436 torsi,
2366 2367 2431 2419 et

331 2461 593 2531 occidi:
626 2460 767 2532 sola
800 2481 897 2532 est
930 2460 1143 2560 hujus
1172 2461 1599 2534 necessitatis
1635 2461 1806 2533 ratio
1837 2462 1923 2533 de
1954 2483 2211 2534 morte:
2247 2461 2425 2532 illud

334 2596 434 2647 est
461 2576 944 2675 parricidium,
977 2577 1205 2648 filiurn
1234 2598 1552 2674 torquere
1580 2579 1951 2649 victurum.
2004 2583 2208 2650 Putas
2229 2577 2429 2677 juve-

335 2717 498 2762 nem
545 2691 766 2762 vivere
801 2691 1141 2789 potuisse,
1183 2692 1293 2761 cui
1316 2694 1470 2790 jam
1516 2718 1659 2762 non
1700 2713 1992 2789 poterat,
2029 2694 2159 2764 nisi
2199 2713 2425 2765 morte

335 2805 678 2878 succurri?
706 2831 918 2902 quem
952 2825 1189 2875 contra
1217 2805 1568 2902 malignos
1602 2831 1952 2876 sermones
1982 2833 2277 2880 asserere
2311 2837 2430 2880 coe-

333 2946 608 3020 peram,
640 2945 781 2990 non
810 2917 1080 2990 reddidi
1115 2943 1345 2988 rursus
1377 2917 1721 3005 infamiae,
1745 2944 1971 3016 neque
1997 2918 2073 2989 in
2099 2921 2335 2992 oculos
2362 2945 2431 2995 et

333 3061 452 3106 ora
485 3034 675 3133 vulgi
705 3034 791 3106 de
826 3054 1079 3105 secreto
1117 3032 1325 3131 patris
1357 3031 1555 3103 emisi
1589 3058 1602 3101 :
1655 3032 2080 3129 providentia
2114 3060 2269 3105 mea
2301 3036 2427 3106 tibi

334 3176 646 3249 quoque5
687 3173 937 3240 mater,
982 3176 1072 3222 ne
1105 3149 1177 3219 in
1215 3149 1403 3221 hunc
1442 3149 1905 3245 interrogetur
1926 3162 1976 3240 ²,
2021 3150 2267 3248 eripui.
2304 3151 2426 3222 llle

334 3293 493 3338 vero
524 3293 665 3338 non
700 3269 837 3339 fuit
873 3286 1025 3366 post
1055 3286 1401 3338 tormenta
1437 3264 1703 3335 laturus
1741 3263 1891 3335 vitae
1921 3265 2304 3362 pudorem,
2355 3287 2433 3338 ut

338 3380 869 3479 interrogaretur
896 3409 937 3453 a
968 3381 1298 3479 singulis,
1334 3402 1414 3452 ut
1444 3400 1751 3477 negaret.
1791 3382 2059 3450 Verum
2081 3435 2100 3469 ‚
2142 3380 2427 3470 mulier,

335 3494 701 3567 affectibus
731 3495 869 3566 tuis
899 3492 1465 3566 renunciandum
1492 3516 1623 3581 est;
1656 3492 1743 3563 ad
1771 3493 1976 3565 totius
2001 3492 2255 3565 domus
2285 3521 2431 3566 nos-

335 3630 452 3680 trae
499 3609 845 3708 pertinere
891 3609 1368 3681 innocentiam
1412 3608 1712 3699 credidi,
1769 3635 1861 3680 ne
1903 3636 1972 3680 se
2014 3609 2158 3708 ipse
2201 3611 2430 3708 potius

416 3782 459 3815 ι.
495 3762 660 3816 Velox
686 3763 881 3818 vulnus
916 3765 1100 3817 indixi.
1131 3763 1236 3817 Alii
1265 3766 1344 3815 in·

277 3827 284 3835 ⁸
339 3846 478 3898 duxi.
501 3845 603 3898 Sed
623 3845 982 3911 scribendum,
1004 3846 1192 3923 inflixi.
1209 3847 1345 3898 Gno-

339 3944 455 3980 nov.
478 3928 656 3980 Indixt'
667 3929 790 3992 ,W.
815 3927 959 3980 Leid.
986 3943 1038 3979 et
1059 3930 1206 3981 Voss.
1233 3946 1347 3978 om-

337 4025 464 4071 nes,
488 4007 720 4059 Gronov.
760 4005 923 4075 Quod
956 4025 1051 4058 cur
1082 4021 1346 4058 mutemus

337 4087 486 4140 nulla
511 4106 672 4140 causa
697 4101 776 4140 est
797 4110 808 4138 :
840 4107 962 4140 nam
990 4100 1046 4139 ut
1071 4106 1227 4159 supra
1250 4087 1346 4140 de-

339 4166 493 4219 clam.
513 4167 660 4233 xm,
682 4167 742 4221 5:
768 4190 789 4214 ιι
809 4166 1062 4218 damnum
1082 4179 1134 4219 et
1153 4168 1347 4218 famem

337 4245 600 4311 indicere;
629 4273 651 4296 ι
683 4250 754 4299 ita
785 4247 871 4298 hic
896 4245 1090 4300 vulnus
1117 4245 1346 4299 indicere

337 4347 447 4380 non
505 4328 745 4382 offendit.
798 4329 889 4380 Est
936 4329 1074 4379 enim
1121 4327 1344 4392 vulnus,

1087 4405 1096 4430 I

1424 3761 1677 3816 damnum
1703 3763 1851 3835 quod
1874 3765 1927 3816 in
1952 3778 2124 3816 morte
2158 3764 2249 3815 filii
2274 3765 2433 3816 facie·

1424 3843 1545 3910 bat,
1584 3844 1812 3906 orbitas,
1850 3859 1906 3897 ut
1955 3860 2098 3899 recte
2141 3866 2200 3898 ex
2238 3849 2429 3899 sustin.

1427 3925 1517 3976 lib.
1547 3927 1600 3990 Ι,
1627 3927 1686 3988 8;
1715 3940 1765 3978 et
1789 3929 1955 3979 Tacit.
1991 3929 2166 3997 Agric.
2197 3930 2298 3993 Vl,
2331 3947 2434 3980 no-

1426 4009 1556 4058 tavit
1575 4005 1654 4058 Cl.
1683 4006 2058 4077 Schultingius.
2082 4010 2255 4061 Runa.

1501 4104 1547 4140 2.
1564 4089 1649 4140 Ne
1667 4088 1723 4139 in
1742 4088 1880 4139 hunc
1898 4088 2257 4161 interroqetur.
2278 4091 2435 4160 Lege,

1426 4188 1493 4220 ue
1513 4169 1568 4221 in
1591 4169 1732 4220 hunc
1754 4169 2173 4240 interrogaretur.
2197 4170 2434 4222 Gnouov.

1425 4250 1541 4313 An,
1587 4268 1652 4300 ne
1686 4248 1740 4297 in
1775 4257 1824 4298 te
1859 4247 2030 4299 adhuc
2067 4249 2435 4321 interroqetur‚

1427 4329 1527 4394 vel,
1545 4348 1613 4380 ne
1629 4329 1681 4379 in
1700 4329 1837 4380 hunc
1859 4329 2198 4404 itatemqeris.
2216 4331 2436 4382 Senum.

2102 4418 2186 4469 26.
