3200 5117
761 571 1401 643 DECLAMATIO·
1437 577 1488 640 1.
1536 574 1721 642 PRO
1763 577 2053 644 CAECO.
2366 578 2441 645 15

373 714 444 768 et
476 692 793 793 gladium
826 696 1213 796 relinquere
1242 723 1382 796 quo
1412 698 1557 796 ipse
1580 697 2157 796 deprehendatur.
2187 698 2448 798 Saepius

307 834 315 840 ·
377 810 482 881 uti
520 837 792 884 necesse
836 810 1061 883 habeo
1096 831 1506 911 argumento
1547 812 1897 902 caecitatis·‚
1947 832 2020 883 et
2060 811 2196 883 hoc
2232 813 2446 912 etiam

376 925 561 1015 loco,
599 953 739 1026 quo
771 928 859 1000 de
892 926 1013 999 illo
1042 928 1329 1000 vulnere
1358 927 1858 1027 disputandum
1890 948 2009 999 est.
2052 927 2448 1000 Mehercule

374 1039 431 1110 si
458 1066 811 1138 percussor
840 1041 1159 1114 intrasset
1192 1042 1312 1139 qui
1336 1042 1634 1131 videret,
1665 1042 1785 1139 qui
1812 1040 2054 1114 lumen
2077 1065 2218 1140 prae
2239 1067 2311 1113 se
2339 1063 2444 1114 tu-

374 1151 585 1242 Esset,
626 1181 769 1227 non
815 1175 1051 1228 tamen
1095 1175 1243 1227 tam
1281 1153 1569 1228 feliciter
1599 1154 1952 1228 librasset
1936 1177 2181 1245 ictum,
2230 1182 2444 1253 quem

375 1268 587 1339 etiam
628 1268 683 1339 si
716 1268 925 1341 nullae
957 1269 1274 1342 fallerent
1306 1271 1636 1359 tenebrae,
1674 1290 1897 1341 metus
1928 1289 1994 1341 et
2027 1269 2446 1342 conscientia

376 1382 617 1477 magni
642 1381 912 1454 sceleris
935 1401 1137 1454 testes
1162 1380 1502 1454 incertum
1529 1382 1864 1454 fecissent.
1895 1385 2077 1454 Raro
2109 1381 2446 1480 contingit

377 1494 593 1566 semel
608 1495 804 1567 ferire
817 1495 1133 1568 carnifici
1148 1551 1167 1585 ,
1186 1495 1505 1594 quamvis
1518 1517 1891 1594 componat
1909 1496 2052 1593 ipse
2070 1495 2399 1566 cervicem
2418 1547 2440 1584 ‚

379 1628 449 1680 et
464 1608 813 1681 exercitata
833 1623 849 1654 ¹
880 1636 1133 1682 manus
1152 1609 1614 1681 homicidium
1638 1609 2002 1681 novissime
2019 1609 2207 1680 velut
2226 1608 2442 1707 qu'od-

373 1722 545 1794 dam
564 1750 787 1822 genus
812 1724 968 1797 artis
993 1745 1319 1796 exerceat.
1347 1723 1457 1796 Sic
1485 1749 1648 1821 ergo
1679 1721 1951 1795 libravit
1969 1750 2258 1796 manum
2281 1726 2438 1796 Cae-

374 1863 521 1926 cus,
543 1857 622 1908 ut
643 1837 862 1936 ipsam
886 1837 1202 1936 protinus
1231 1838 1465 1908 feriret
1487 1835 1838 1908 animam?
1867 1839 2014 1933 Ego
2048 1836 2440 1908 mehercule

372 1947 583 2020 etiam
601 1948 775 2022 illud
794 1950 1124 2036 admiror,
1145 1950 1331 2048 quod
1350 1975 1576 2048 quum
1594 1969 1856 2047 patrem
1884 1949 2116 2039 vellet,
2149 1976 2290 2022 non
2318 1975 2438 2020 no-

371 2088 643 2136 vercam
675 2063 1025 2163 percussit.
1064 2066 1321 2136 Praeter
1360 2063 1684 2134 animum
1725 2061 1903 2133 nihil
1937 2063 2189 2134 virium
2235 2061 2441 2136 babet

371 2177 723 2275 parricidae
764 2179 1032 2277 primus
1064 2178 1279 2250 ictus:
1314 2176 1436 2248 'ille
1474 2175 1799 2275 trepidat,
1843 2175 1960 2249 ille
1991 2176 2268 2274 cogitat,
2322 2175 2438 2248 ille

373 2293 744 2382 erubescit,
774 2294 893 2366 ille
921 2315 1019 2366 est
1041 2295 1130 2366 ab
1158 2294 1555 2366 innocentia
1590 2292 1978 2391 proximus:
2014 2292 2134 2365 ille
2170 2312 2441 2392 praestat

370 2409 505 2482 hoc
525 2410 787 2498 solum,
812 2432 889 2482 ut
914 2436 1209 2508 sequens
1240 2409 1484 2481 fortius
1509 2408 1728 2480 feriat.

464 2515 586 2596 xl.
650 2527 1068 2625 Interrogare
1102 2550 1293 2595 nunc
1324 2523 1477 2595 volo
1510 2548 1664 2621 quae
1689 2522 1928 2622 juveni
1961 2549 2162 2594 causa
2194 2521 2436 2611 fuerit,

374 2662 452 2716 ut
488 2640 837 2741 reliquerit
877 2640 1211 2738 gladium.
1251 2638 1523 2711 Scilicet
1561 2638 1788 2708 noluit
1822 2639 2198 2709 Nemeam
2238 2663 2437 2709 suam

375 2754 719 2842 infamari,
752 2754 1055 2829 Abstulit
1084 2755 1213 2827 sibi
1241 2778 1530 2834 omnem
1564 2750 2072 2839 defensionem,
2106 2771 2174 2822 et
2192 2777 2263 2824 se
2285 2777 2442 2849 par-

372 2869 665 2943 ricidam
702 2837 1052 2944 confessus
1089 2890 1227 2942 est:
1272 2869 1534 2945 ferrum
1578 2866 1653 2936 in
1693 2865 1978 2936 vulnere
2015 2864 2318 2963 reliquit.
2366 2866 2438 2938 Si

369 2983 693 3060 nondum
727 2985 1033 3060 occisum
1068 2981 1388 3081 putabat,
1421 2979 1678 3050 iterum
1709 2979 1955 3050 feriret.
1996 2979 2118 3050 Si
2089 3005 2241 3078 Jam
2277 3003 2439 3075 per-

368 3099 630 3173 fectum
664 3100 855 3171 nefas
888 3096 1349 3194 intelligebat,
1381 3097 1684 3166 auferret
1709 3093 2071 3166 indicium.
2102 3093 2234 3165 Sed
2267 3092 2438 3191 quid

372 3241 500 3313 ego
540 3223 690 3286 re'm
734 3213 1377 3286 manifestissimam
1423 3210 1709 3309 colligo?
1754 3208 1823 3281 Si
1863 3207 2100 3296 vultis,
2132 3207 2435 3308 judices,

373 3329 542 3399 scire
572 3355 612 3399 a
645 3355 783 3426 quo
815 3328 902 3400 sit
927 3326 1193 3424 gladius
1228 3324 1534 3426 relictus,
1570 3323 1863 3421 cogitate
1897 3322 2009 3393 cui
2038 3321 2434 3421 expedierit,

374 3463 458 3513 ut
484 3443 924 3541 inveniretur.
956 3440 1089 3513 Sed
1115 3439 1336 3538 paries
1362 3465 1577 3536 usque
1602 3438 1691 3509 ad
1715 3437 2113 3510 cubiculum
2140 3437 2440 3535 privigni

378 3556 654 3652 vestigio
695 3573 947 3628 manus
983 3574 1379 3627 cruentatus
1409 3573 1530 3626 est.
1567 3551 1910 3649 Cogitate,
1940 3549 2238 3652 judices,
2277 3571 2440 3623 ante

375 3669 642 3756 omnia,
686 3697 830 3743 non
865 3696 1004 3743 esse
1034 3667 1441 3741 incallidum
1460 3666 1867 3771 bominem,
1907 3689 2132 3762 neque
2166 3664 2437 3737 consilii

364 3783 655 3885 jacentis
667 3843 686 3876 ,
722 3788 841 3885 qui
872 3812 1089 3858 caecus
1110 3785 1442 3883 explicare
1460 3803 1745 3861 conetur
1759 3781 2029 3854 facinus
2045 3780 2259 3854 etiam
2277 3807 2441 3852 ocu-

374 3899 456 3973 lis
477 3900 774 3975 difficile.
791 3902 916 3974 Ille
937 3928 1099 4000 ergo
1112 3927 1253 3972 non
1276 3900 1637 3989 existimat,
1658 3924 1880 3996 quum
1897 3923 2190 3970 manum
2206 3921 2439 3970 cruen-

376 4038 516 4088 tam
547 4017 791 4116 parieti
823 4017 1150 4116 applicat,
1179 4016 1543 4115 vestigium
1573 4042 1614 4086 a
1633 4021 1704 4086 'se
1727 4012 2078 4113 parricidii
2107 4011 2211 4084 sui
2238 4010 2441 4083 relin-

450 4191 494 4227 ι.
523 4177 833 4234 Exi-mirata.
858 4176 961 4228 Alii
978 4185 1278 4248 exspectata.
1299 4204 1369 4215 —-
1446 4173 1600 4227 nifiee
1624 4175 1907 4240 cervicem,
1933 4172 2024 4226 sed
2049 4186 2100 4224 et
2122 4188 2337 4244 manum
2365 4170 2444 4221 io·-

380 4254 445 4306 Ut
459 4254 581 4308 velit
594 4272 704 4308 non
718 4267 925 4307 tantum
936 4254 1186 4325 componi
1206 4272 1235 4306 a
1255 4271 1371 4307 ear·-
1452 4266 1668 4325 tumque
1691 4252 1827 4306 illius
1851 4250 2153 4324 exspectari.
