3200 5117
728 537 999 602 DECL.
1049 535 1174 600 vr.
1219 527 1705 600 conpoms
1751 529 2243 597 PROJECTI.
2414 555 2534 626 ως

429 804 719 827 mmm
724 805 847 826 m

1018 967 1753 1078 DECLAMATIO
1803 1004 1943 1076 Ἦ.

473 1256 1038 1369 CORPORIS·
1090 1254 1650 1454 PROJEC‘IAE,
1699 1254 1931 1332 IPsA
1974 1254 2176 1332 EST
2213 1256 2499 1336 ANUS

1290 1378 1521 1456 CAEC
1631 1390 1686 1456 ².

1147 1659 1817 1724 ARGUMENTUM.

433 1832 559 1914 Qui
598 1835 665 1896 in
700 1832 1050 1894 calamitate
1084 1845 1368 1913 parentes
1403 1830 1771 1907 deseruerit,
1809 1829 2151 1914 insepultus
2195 1830 2540 1916 abjiciatur.

514 1933 639 2010 Qui
685 1929 963 1993 habehat
1006 1947 1265 1990 uxorem
1304 1942 1367 1990 et
1409 1927 1615 1990 filium
1635 1974 1654 2005 ,
1700 1915 1915 2014 captns
1957 1952 1993 1991 a
2036 1929 2253 2013 piratis
2298 1934 2545 2016 scripsit

514 2029 778 2090 domum
809 2027 886 2088 de
924 2028 1372 2109 redemptione.
1397 2028 1567 2088 Uxor
1600 2025 1812 2087 flendo
1846 2027 2065 2089 oculos
2098 2030 2343 2104 amisit3
2375 2027 2543 2092 filius

512 2130 819 2189 retinente
843 2138 1039 2186 matre
1062 2125 1375 2209 profectus
1398 2125 1644 2186 vicariis
1667 2124 1960 2185 manibus
1984 2124 2244 2186 redemit
2267 2139 2539 2209 patrem:

512 2223 679 2287 idem
706 2227 773 2286 in
797 2223 1066 2286 vinculis
1087 2223 1361 2284 decessit.
1390 2221 1683 2303 Abjectus
1712 2223 1780 2282 in
1807 2243 2013 2299 mare,
2044 2235 2106 2283 ct
2138 2223 2437 2308 appulsus
2461 2225 2544 2286 ad

510 2323 658 2383 litus
688 2324 1000 2405 patrium,
1037 2334 1128 2383 est
1155 2320 1414 2404 ejectus:
1448 2321 1586 2382 vult
1615 2320 1795 2382 illum
1826 2320 2082 2404 sepelire
2110 2334 2319 2405 putem
2341 2337 2542 2385 mater

514 2421 830 2507 prohibet.

899 2608 1047 2655 PRO
1095 2608 1329 2654 PATRI-2
1376 2605 1687 2654 CONTRA
1733 2601 2080 2654 MATREM.

533 2785 703 2856 CAP.
725 2787 781 2857 Ι.
802 2784 1122 2874 Etiamsi,
1139 2783 1442 2886 judices,
1469 2783 1543 2854 in
1571 2781 1701 2854 hac
1729 2781 2106 2881 asperrima
2133 2781 2533 2856 conditione

431 2898 832 2999 fragilitatis
870 2899 1240 2990 humanae,
1286 2899 1364 2970 in
1416 2924 1556 2997 qua
1600 2923 1813 2969 nemo
1858 2922 2076 2996 prope
2123 2895 2532 2970 mortalium

432 3014 725 3114 impune
756 3016 956 3106 vivit,
991 3015 1138 3089 haec
1166 3013 1546 3090 omnibus³
1583 3036 1832 3087 natura
1854 3033 1984 3104 est,
2012 3035 2093 3086 ut
2120 3042 2244 3087 sua
2277 3016 2532 3113 cuique

432 3129 785 3203 calamitas
817 3130 1165 3231 praecipue
1194 3131 1447 3204 misera
1477 3150 1687 3230 atque
1715 3127 2156 3202 intoleranda
2183 3130 2499 3202 videatur
2513 3160 2533 3220 ;

434 3245 617 3319 inter
655 3273 901 3320 omnes
936 3267 1175 3321 tamen
1208 3248 1344 3319 hoc
1383 3265 1647 3321 constet
1683 3269 1960 3319 necesse
2001 3265 2131 3336 est,
2162 3244 2533 3317 infelicita-
2579 3253 2580 3256 ’

511 3484 554 3519 ι.
585 3469 836 3541 Corporis.
862 3471 983 3521 Haec
1008 3471 1284 3542 inscriptio
1313 3469 1442 3522 dee·
1522 3482 1575 3522 et
1596 3469 1768 3542 possit
1790 3466 2032 3534 defendi,
2057 3466 2205 3541 quod
2230 3469 2374 3542 apud
2397 3468 2532 3524 alios

432 3561 516 3602 rat
533 3551 624 3601 W.
646 3564 697 3603 et
717 3550 1042 3604 Declamatio
1062 3550 1173 3603 haec
1193 3551 1306 3605 aliis
1322 3570 1442 3603 sex·
1519 3550 1759 3604 rhetores
1787 3561 1957 3602 mater
1983 3549 2111 3602 dicit
2125 3588 2143 3618 ,
2168 3550 2261 3603 nbi
2286 3551 2531 3605 inscribi-

428 3642 518 3696 ια,
541 3630 617 3682 illi
640 3630 812 3684 codici
837 3645 950 3684 erat
971 3632 1134 3684 xvu.
1520 3647 1610 3686 tur
1631 3643 1802 3686 mater
1824 3648 1958 3685 coeca
1970 3625 2158 3706 filium
2188 3632 2440 3702 retinens,
2471 3649 2533 3687 ut

506 3727 555 3762 2.
577 3710 700 3782 Ipsa
717 3721 791 3763 est
811 3729 945 3764 anus
965 3728 1127 3763 coecoe.
1152 3712 1245 3763 nis
1264 3709 1437 3764 verbis
1520 3714 1706 3768 Senec.
1727 3711 1915 3764 Contr.
1936 3712 2086 3780 XIX,
2106 3711 2198 3765 ubi
2221 3715 2337 3787 ipsa
2355 3716 2530 3788 primo

433 3787 715 3859 significari
746 3788 954 3842 videtur
989 3788 1130 3842 hanc
1164 3791 1324 3843 etiam
1358 3790 1444 3842 in-
1524 3791 1648 3845 loco
1673 3790 1819 3843 dicit.
1846 3792 2065 3845 Senum.

431 3870 779 3941 scriptionem
810 3869 936 3923 hnic
972 3871 1264 3924 Declamat.
1298 3891 1411 3924 esse
1426 3908 1443 3939 ,
1595 3875 1647 3929 3.
1684 3874 1816 3926 Hoec
1851 3875 2101 3928 omnibus.
2137 3875 2428 3928 Declamat.
2466 3880 2534 3944 V,

431 3945 832 4014 Anuscoeca,nt
855 3954 1021 4004 Coecus
1040 3950 1094 4002 ἰη
1116 3949 1318 4015 limine,
1342 3949 1445 4002 Pa·
1524 3973 1646 4027 cap.
1673 3952 1767 4007 152
1804 3975 1828 4000 ιι
1847 3953 1941 4006 Est
1965 3951 2183 4026 quidem
2198 3953 2406 4025 judices
2430 3955 2536 4008 hu-

431 4028 528 4081 ries
541 4027 837 4101 palmatus,
856 4045 955 4082 etc.
974 4031 1090 4082 Nisi
1109 4029 1315 4101 legatur
1332 4048 1448 4081 ma·
1531 4055 1555 4080 οι
1574 4051 1741 4085 manae
1764 4031 2081 4085 infirmitatis
2104 4035 2201 4085 ista
2225 4047 2414 4086 natura
2431 4072 2448 4101 ,
2478 4046 2537 4087 ut

433 4108 524 4160 tris
545 4124 719 4175 coecoe‚
743 4108 827 4161 vel
849 4110 1075 4162 Maritus
1096 4126 1272 4174 coecoe‚
1299 4107 1445 4180 quod
1532 4134 1556 4159 ιι
1574 4130 1639 4165 ex
1668 4111 1915 4163 omnibus
1943 4109 2305 4164 accidentibus
2333 4114 2537 4183 gravis-

429 4203 676 4261 praestat,
711 4209 877 4262 quum
913 4209 1047 4243 anns
1078 4208 1190 4242 non
1224 4189 1445 4258 dixerit,
1532 4214 1554 4238 α
1576 4192 1767 4243 simum
1786 4203 1938 4263 putet
1958 4191 2213 4265 quisque,
2229 4191 2378 4263 quod
2401 4191 2539 4265 pati·-

432 4271 529 4326 sed
554 4275 792 4326 maritus.
818 4273 933 4326 Nisi
957 4271 1105 4345 quod
1127 4274 1276 4326 Anus
1301 4288 1447 4325 coecoe
1532 4291 1556 4316 οι
1574 4282 1680 4321 tur.
1703 4292 1725 4317 υ

614 4360 647 4412 5
2254 4374 2289 4422 9
