3200 5117
832 584 1100 648 DECL.
1148 585 1342 648 XVI.
1387 587 1674 655 AMICI
1722 593 2042 662 VADE‘S.
2354 605 2479 670 355

398 728 466 779 et
486 707 786 780 subinde
816 708 1079 780 dictum
1102 731 1205 782 ωε
1226 769 1245 801 ,
1269 712 1425 784 vide
1455 734 1689 787 tamen
1708 774 1727 805 ‚
1759 722 2023 795 amicus
2055 725 2112 796 si
2144 729 2315 801 tanti
2356 754 2480 807 est.

397 828 553 896 Una
579 852 707 897 vox
727 880 746 913 ,
777 851 961 896 unus
990 827 1221 898 miseri
1254 830 1597 926 gemitus:
1633 833 1843 925 urite,
1878 835 2162 914 lacerate
2182 902 2200 934 ‚
2237 844 2484 920 distra-

396 941 569 1026 hite;
598 943 716 1014 ille
743 964 980 1014 tamen
1017 965 1409 1017 revertetur.
1436 948 1800 1040 Miserere,
1827 976 2075 1048 maner,
2104 985 2361 1060 magna
2388 991 2488 1037 res

396 1058 659 1156 agitur:
698 1059 1008 1129 amicum
1049 1085 1288 1130 meum
1325 1061 1575 1160 reliqui
1612 1067 2148 1145 contendentem
2180 1103 2342 1148 cum
2372 1100 2485 1178 ty-

397 1201 653 1247 ranno:
700 1200 944 1246 excuso
987 1201 1108 1244 me
1150 1174 1381 1264 vobis,
1423 1177 1720 1252 humani
1758 1189 2029 1281 generis
2060 1192 2382 1286 affectuS,
2422 1218 2490 1270 et

395 1288 520 1358 tibi
554 1308 712 1360 ante
746 1287 984 1360 omnia
1006 1344 1024 1376 ‚
1060 1308 1300 1378 mater,
1331 1315 1613 1384 excuso,
1641 1297 1866 1391 quod,
1902 1300 2033 1373 hoc
2064 1305 2211 1377 fieri
2239 1335 2485 1407 passus

396 1429 554 1473 sum
581 1431 596 1473 :
635 1403 779 1475 ulla
811 1429 973 1500 ergo
1008 1403 1082 1473 in
1117 1404 1323 1476 rebus
1356 1406 1688 1480 humanis
1720 1418 2084 1490 necessitas
2114 1425 2282 1494 tanti
2318 1427 2483 1516 fuit,

397 1539 478 1589 ut
510 1519 710 1590 illum
743 1519 1056 1590 amicum
1091 1546 1333 1592 meum
1371 1521 1443 1593 in
1477 1550 1819 1599 carcerem
1857 1532 2001 1630 ipse
2030 1535 2488 1616 deducerem?

397 1650 475 1702 ut
513 1632 905 1730 squalorem
945 1657 1226 1722 meum,
1270 1661 1457 1707 meas
1498 1660 1775 1713 catenas
1817 1644 1891 1715 in
1933 1651 2248 1724 membra
2284 1656 2482 1730 festi-

398 1749 630 1819 nantis
648 1749 1013 1820 exuerem?
1032 1770 1110 1821 ut
1129 1771 1270 1821 tam
1296 1751 1576 1852 abrupti
1597 1782 2023 1835 commeatus
2043 1764 2227 1838 diem
2253 1793 2487 1844 contra

399 1884 496 1934 tot
520 1864 778 1935 incerta
800 1864 1323 1963 promitterem?
1351 1868 1594 1939 Testor
1623 1891 1688 1941 te
1710 1928 1730 1960 ,
1761 1874 2012 1948 misera
2034 1883 2485 1980 conscientia,

396 2000 465 2051 et
483 1979 538 2050 si
565 1979 754 2077 quod
773 1969 910 2051 'nos
935 1978 1008 2050 in
1036 1978 1158 2050 illa
1182 1982 1578 2055 necessitate
1609 2011 1878 2061 numen
1903 1992 2243 2093 adspexit,
2269 2026 2490 2099 quan-

396 2114 548 2165 tum
583 2094 800 2166 simus
835 2095 1029 2165 rixati
1070 2096 1247 2166 circa
1285 2118 1590 2189 catenae,
1628 2127 1843 2197 quam
1886 2109 2125 2181 omnia
2158 2113 2482 2207 fecerim,

395 2230 471 2280 ut
503 2205 620 2280 ille
648 2210 880 2309 potius
912 2209 1179 2281 veniret
1208 2211 1296 2282 ad
1332 2233 1645 2286 matrem.

491 2329 882 2415 X.·Fateor‚
901 2326 1169 2426 judices
1188 2385 1210 2417 ‚
1229 2330 1443 2402 unitis
1467 2332 1898 2429 cogitationis
1926 2340 2193 2437 pudore
2226 2359 2245 2390 ¹
2263 2346 2480 2422 victus

395 2471 550 2514 sum
570 2497 588 2533 ‚
619 2445 806 2541 quod
839 2464 983 2515 tam
1010 2445 1252 2541 magni
1279 2446 1601 2520 beneficii
1632 2449 2117 2529 difficultatem
2141 2461 2233 2532 ab
2258 2466 2482 2538 amico

397 2584 539 2629 non
574 2560 882 2657 accipere
916 2562 1206 2631 affectus
1237 2562 1599 2635 videbatur
1628 2565 1967 2662 homini5‚
2004 2577 2124 2673 qui
2161 2603 2304 2651 non
2338 2607 2486 2654 cre-

398 2671 698 2745 didisset.
717 2675 1072 2762 Miserere,
1090 2675 1341 2764 mater3
1367 2703 1456 2747 ne
1477 2705 1594 2748 me
1613 2680 1916 2755 solutum
1938 2710 2159 2783 putes,
2176 2694 2483 2767 amicum

397 2787 714 2885 alligavi:
755 2787 862 2857 hae
903 2806 1064 2858 sunt
1106 2809 1395 2878 catenas,
1444 2818 1599 2888 quae
1640 2814 1891 2892 tegunt
1934 2805 2282 2898 membra,
2326 2838 2482 2909 quae

396 2930 519 3001 per
546 2895 800 2994 maria,
833 2929 957 3001 per
980 2902 1251 2974 infinita
1273 2924 1615 2977 terrarum
1641 2912 1855 3007 spatia
1889 2918 2349 3017 restringunt:
2386 2928 2482 2998 sic

395 3046 537 3089 non
564 3038 786 3117 potest
803 3045 1032 3089 carcer
1054 3018 1357 3117 effringi.
1385 3020 1669 3093 Invideo
1694 3045 1986 3121 tyranno
2006 3060 2023 3119 ;
2045 3031 2475 3135 scit‘alligare

396 3135 687 3223 amicoS,
723 3135 845 3207 scit
877 3155 1108 3207 tenere
1140 3135 1509 3206 dimissum
1537 3163 1552 3207 ε
1589 3138 1844 3211 iterum
1876 3169 1953 3213 ac
1983 3147 2278 3222 subinde
2314 3180 2478 3251 pro-

398 3249 695 3321 clamem
733 3276 1008 3322 necesse
1039 3272 1171 3340 est;
1205 3277 1330 3349 ego
1355 3253 1662 3324 amicum
1691 3282 1932 3328 meum
1964 3260 2270 3359 alligavi;
2303 3290 2373 3339 et
2405 3291 2482 3342 ut

400 3385 465 3434 te
488 3365 795 3436 viderem
816 3424 834 3456 ,
866 3394 1139 3465 poenam
1167 3396 1403 3440 meam
1432 3371 1645 3443 altero
1674 3372 1961 3448 homine
1996 3378 2313 3479 implevi:
2346 3389 2481 3459 scio

398 3506 535 3575 quo
559 3479 691 3550 boc
719 3481 984 3552 amicus
1015 3484 1393 3580 praestiterit
1409 3487 1646 3559 animo
1664 3545 1682 3576 ,
1711 3490 1829 3561 sed
1855 3519 1980 3590 ego
2015 3521 2162 3567 rem
2190 3499 2324 3571 feci
2353 3500 2481 3573 ho-

399 3592 606 3663 minis
648 3620 791 3665 non
827 3598 1179 3667 reversuri.
1222 3600 1574 3700 Interrogo
1612 3601 1743 3675 hoc
1785 3605 1935 3678 loco
1968 3609 2477 3709 impatientiam

400 3728 628 3797 tuam,
666 3730 908 3800 mater,
941 3711 1322 3810 interrog0‚
1363 3716 1533 3811 quid
1569 3718 1866 3811 facereS‚
1902 3722 1956 3793 si
2001 3751 2124 3797 nos
2166 3729 2256 3799 ad
2294 3751 2357 3801 te
2391 3734 2482 3805 vi-

477 3927 519 3960 1.
558 3910 764 3963 Pudore
802 3910 977 3965 victus.
1015 3916 1151 3984 Lege
1193 3918 1400 3968 evictus.
1481 3920 1583 3984 IX,
1606 3920 1739 3987 840:
1769 3944 1790 3968 α
1809 3923 1935 3976 Abit
1953 3926 2068 3977 solo
2089 3944 2209 3998 post
2228 3929 2339 3984 haec
2356 3937 2487 3987 evic-

399 3990 514 4039 Hoc
532 3990 669 4039 enim
685 3991 960 4060 proprium
973 3992 1217 4059 verbum,
1233 3994 1297 4045 de
1312 3997 1401 4060 iis,
1490 4020 1511 4044 α
1530 4012 1581 4049 ta
1605 3999 1839 4069 pudore,
1856 4026 1877 4049 n
1910 4004 2008 4054 Pro
2032 4005 2231 4058 devicta
2252 4012 2489 4065 scriben-

402 4071 493 4140 qui
526 4068 762 4140 pudore,
795 4071 1022 4124 lacrimis
1039 4111 1055 4136 ‚
1087 4075 1333 4144 precibus
1357 4089 1409 4128 et
1490 4071 1619 4127 dum
1638 4097 1699 4128 ex
1719 4080 1862 4132 MSS.
1884 4079 2180 4138 docuerunt
2193 4088 2491 4142 Gronovius

405 4147 661 4199 similibus
672 4150 1033 4202 incitanturad
1045 4151 1242 4222 aliquid
1259 4171 1411 4223 agen·
1491 4170 1542 4208 et
1567 4157 1839 4210 Bai-thius:
1872 4161 2088 4216 abstulit
2114 4188 2239 4221 vero
2270 4170 2356 4223 hic
2382 4175 2495 4243 pri-

402 4227 561 4295 dum,
578 4249 692 4283 esse
706 4230 889 4283 docuit
905 4250 1141 4284 summus
1155 4234 1319 4286 Graev.
1342 4234 1410 4285 ad
1489 4255 1629 4288 mam
1654 4237 1879 4291 litteram
1902 4245 2045 4296 vocis
2070 4248 2286 4316 evictus,
2312 4251 2494 4304 ultima

403 4312 666 4367 cic.verr.
693 4315 743 4380 1,
771 4329 814 4367 1.
841 4314 925 4368 Sic
950 4328 1002 4368 et
1021 4315 1166 4387 apud
1188 4317 1410 4371 Statium
1487 4315 1577 4368 τοῦ
1590 4320 1806 4389 pudore.

2164 4418 2243 4467 23.
