3200 5117
694 553 776 632 ⁴8
1194 551 1285 613 M.
1334 551 1583 614 FAssu
1630 549 2273 631 QUINTILIAM

693 702 1038 747 securum.
1066 677 1204 745 Aut
1230 675 1418 744 enim
1450 674 1753 744 absolves
1783 697 2117 771 tanquam
2153 673 2626 760 innocentem3
2657 691 2780 744 aut

694 793 940 891 punies
976 813 1305 888 tanquam
1339 790 1589 859 virum.
1628 792 1755 859 Fas
1785 809 1884 859 est
1915 789 2044 859 vita
2082 787 2470 886 periclitari,
2501 788 2621 886 qui
2657 815 2782 857 na—

697 930 847 977 tum
878 933 945 975 se
974 904 1289 975 meminit
1319 906 1467 1001 lege
1504 905 1878 1003 pereundi:
1917 931 2145 1002 neque
2175 903 2243 974 in
2273 903 2605 974 militiam
2637 929 2781 999 gra·

694 1023 972 1093 vissimo
1014 1021 1527 1119 asperrimoque
1572 1020 1757 1090 belio
1801 1019 1894 1091 ita
1931 1020 2152 1106 venit,
2204 1041 2280 1089 ut
2325 1019 2606 1088 nesciret
2651 1016 2780 1087 sibi

699 1160 991 1210 mortem
1031 1139 1099 1207 in
1129 1139 1484 1236 procinctu
1516 1136 1911 1206 habendam
1940 1164 1953 1206 :
1987 1163 2212 1233 neque
2238 1157 2340 1206 est
2367 1157 2506 1205 tam
2537 1133 2782 1205 imbel-

699 1253 811 1333 lis,
856 1275 931 1325 ut
966 1280 1108 1323 non
1143 1251 1295 1322 forti
1336 1272 1600 1349 pectore
1632 1250 1943 1339 adversa,
1991 1250 2164 1321 dum
2209 1276 2352 1322 non
2388 1249 2781 1334 inhonesta,

700 1366 962 1438 toleret.

800 1484 884 1552 11.
917 1482 1213 1553 Affirmo
1236 1481 1413 1569 tibi¹,
1432 1482 1737 1568 C.Mari;
1769 1509 1909 1552 non
1933 1482 2028 1553 sic
2055 1507 2278 1579 nuper
2307 1501 2779 1578 repugnasset,

703 1597 756 1667 si
805 1597 1005 1666 illum
1054 1596 1373 1666 tribunus
1417 1595 1741 1667 voluisset
1786 1596 2125 1667 occidere:
2174 1620 2401 1693 neque
2448 1593 2785 1691 ignoravit

704 1738 856 1808 quae
872 1733 1238 1782 manerent
1256 1739 1417 1782 eum
1443 1708 2628 1810 pericula,quumobscoenosfuriosi
2650 1735 2785 1779 cor·

705 1825 997 1923 ruptoris
1018 1825 1370 1923 amplexus
1393 1825 1619 1923 gladio
1642 1825 2008 1897 divelleret.
2033 1828 2173 1896 Nec
2195 1825 2414 1896 habeo
2435 1849 2595 1895 sane
2614 1823 2782 1921 quid

704 1939 775 2009 in
807 1939 1019 2010 milite
1050 1941 1417 2039 praesertim
1447 1962 1563 2011 tuo
1598 1940 1911 2031 laudem,
1947 1942 2002 2011 si
2035 1939 2324 2040 pudicus
2353 1962 2451 2010 est
2481 1960 2783 2024 tantum,

703 2055 865 2153 quia
885 2055 1187 2153 expedit:
1218 2083 1365 2144 nee,
1392 2054 1446 2126 si
1469 2057 1551 2126 sit
1574 2058 1725 2127 vitae
1746 2056 2253 2154 cupidissimus,
2273 2055 2593 2155 poenitere
2619 2081 2782 2124 eum

706 2170 861 2240 facti
892 2170 995 2240 sui
1031 2191 1266 2268 potest.
1319 2172 1421 2241 De
1450 2171 1878 2243 interfectore
1908 2172 2320 2270 corruptoris
2344 2173 2619 2241 fortasse
2650 2170 2786 2239 du-

706 2285 913 2355 bites:
962 2284 1135 2354 illud
1176 2286 1411 2383 utique
1445 2288 1617 2376 scin,
1656 2288 1741 2357 de
1781 2288 2137 2385 impudico
2181 2286 2397 2359 milite
2436 2313 2578 2356 non
2619 2284 2788 2355 deli-

708 2400 1029 2469 berasses
1062 2402 1271 2471 Hunc
1296 2428 1477 2488 vero,
1506 2404 1584 2472 C.
1606 2402 1783 2472 Mari
1811 2403 2247 2497 (defendatur
2272 2401 2460 2472 enim
2490 2421 2631 2471 tam
2656 2401 2788 2470 for-

707 2514 861 2585 titer
881 2514 1081 2585 Miles
1102 2536 1285 2605 tuus,
1307 2543 1517 2613 quarn
1533 2518 1919 2589 vindicatus
1936 2520 2081 2612 est),
2106 2545 2233 2588 nec
2253 2516 2306 2587 si
2329 2514 2784 2600 damnaveris,

710 2630 1083 2727 poenitebit.
1111 2631 1177 2701 Si
1202 2632 1338 2703 fors
1365 2633 1455 2703 ita
1486 2633 1740 2722 tulerit,
1768 2634 1897 2704 ibit
1919 2634 2005 2704 ad
2031 2659 2298 2732 poenam
2333 2633 2539 2731 pleno
2568 2630 2785 2726 gradu

708 2766 852 2815 tam
894 2766 1162 2841 paratus
1198 2747 1372 2817 mori
1413 2775 1534 2845 pro
1577 2748 1942 2846 pudicitia,
1985 2775 2197 2845 quam
2233 2745 2583 2830 occidere;
2631 2743 2788 2813 lau-

709 2860 1011 2958 demque
1038 2882 1439 2959 perpetuam
1461 2862 1810 2932 fortissimi
1833 2860 2116 2960 pudoris
2141 2887 2377 2931 secum
2402 2860 2591 2929 feret.
2616 2860 2789 2930 Om-

711 2974 816 3045 nis
851 2974 1004 3046 licet
1038 2976 1419 3047 delatorum
1452 2977 1546 3047 vis
1589 2978 1892 3073 ingruat,
1938 3003 2302 3074 nunquam
2339 2996 2575 3047 tamen
2610 2974 2790 3044 effici

713 3088 976 3185 poterit,
998 3110 1069 3157 ut
1090 3089 1286 3159 miles
1306 3110 1462 3160 tuus
1485 3089 1703 3183 magis
1724 3089 1968 3177 doleat,
1987 3089 2172 3186 quod
2190 3109 2788 3185 accusatus,quam

712 3202 899 3298 quod
936 3202 1318 3300 appellatus
1351 3223 1467 3274 est.
1501 3204 1635 3274 Sed
1671 3231 1897 3300 neque
1929 3203 2057 3274 hoc
2094 3208 2312 3274 Roma
2349 3229 2627 3301 parenS,
2664 3228 2790 3273 nee

715 3317 906 3412 signa
950 3317 1303 3406 miiitaria,
1350 3319 1735 3416 aquilaeque
1773 3320 2104 3409 victriceS,
2153 3347 2279 3390 nec
2320 3341 2468 3406 tua,
2517 3344 2792 3389 summe

714 3431 1118 3529 imperator,
1154 3434 1381 3503 divina
1413 3435 1622 3505 virtus
1657 3435 1861 3524 sinat,
1894 3455 1970 3507 ut
1999 3456 2118 3507 tua
2150 3462 2428 3534 quoque
2462 3434 2794 3506 sententia

717 3548 1081 3645 quisquam
1115 3549 1237 3638 vir,
1275 3571 1340 3620 et
1367 3553 1763 3641 Romanus,
1799 3572 1864 3622 et
1897 3552 2134 3640 miles,
2167 3552 2466 3622 nimium
2499 3550 2794 3650 pudicus

715 3661 829 3750 sit,
855 3663 1040 3758 apud
1072 3690 1283 3758 quem
1318 3686 1478 3736 ante
1509 3665 1843 3763 principia
1878 3667 2228 3763 agendum
2263 3687 2381 3736 est.

814 3777 935 3847 111.
966 3779 1138 3847 Ecce
1168 3805 1390 3877 quum
1422 3780 1722 3853 maxime
1744 3782 1872 3852 hoc
1894 3782 2138 3879 agitur,
2160 3803 2236 3851 ut
2255 3781 2428 3851 inter
2449 3784 2797 3852 Romana·

718 3997 913 4049 Lucan.
958 3997 1224 4065 PharsaL,
1261 4000 1351 4051 lib.
1382 4005 1445 4067 V,
1477 4021 1525 4054 v.
1573 4020 1709 4071 729:
1872 4021 1915 4055 ι.
1951 4000 2179 4075 Affinno
2202 4004 2310 4055 tibi.
2335 4001 2570 4056 Notabili
2590 4002 2797 4052 ratione

724 4102 747 4124 ιι
771 4116 865 4129 .....
915 4080 1057 4149 quod
1080 4080 1246 4132 nolles
1284 4098 1421 4133 stare
1458 4083 1557 4134 sub
1606 4087 1715 4135 ictu
1795 4083 1901 4135 hoc
1945 4083 2108 4135 verbo
2154 4103 2290 4154 saepe
2332 4102 2484 4134 usum
2527 4095 2799 4133 auctorem

726 4182 748 4204 ι
769 4162 1024 4211 Fortunae.
1044 4183 1065 4206 ιι
1089 4162 1162 4212 lta
1174 4163 1354 4214 Senec.
1371 4163 1593 4217 Phaens.
1615 4165 1718 4233 5²9
1797 4162 1956 4231 hujus
1974 4161 2195 4213 declam.
2218 4174 2366 4213 notat
2384 4161 2462 4213 Cl.
2493 4158 2695 4214 Schult.
2729 4162 2799 4211 ad

714 4235 880 4291 habet
901 4251 1031 4293 stare
1051 4241 1144 4294 sub
1165 4241 1267 4295 ictu
1289 4243 1506 4295 sceleris.
1800 4242 1979 4292 Senec.
2005 4242 2258 4293 Controv.
2277 4241 2452 4320 xxviij.
