3200 5117
701 519 784 583 60
1204 517 2291 600 M.FABHQL'INT1L1AN1

702 644 861 712 dam
901 641 1351 739 imperatoriae
1385 642 1735 740 potestatis
1773 642 2059 713 obtinet.
2091 646 2223 731 Ita,
2249 642 2529 739 opinor,
2563 666 2798 712 contra

690 758 852 857 jura
890 780 1265 827 castrorum
1302 759 1553 828 fecerat
1586 758 1781 827 miles
1804 816 1821 845 ‚
1846 759 2051 828 etiam
2085 759 2137 828 si
2160 780 2429 829 tantum
2459 779 2791 855 negasset:

700 874 914 943 nescit
948 875 1134 972 quod
1187 875 1379 944 istius
1429 875 1712 944 honoris
1755 875 2107 972 fastigium
2131 932 2149 962 ,
2182 903 2334 971 quae
2367 897 2661 973 potestas
2691 902 2801 944 or-

699 990 911 1058 dinis:
941 990 1064 1058 tiro
1089 1011 1203 1059 est.
1235 994 1402 1084 Age,
1436 989 1487 1058 si
1521 988 1606 1058 ad
1640 1011 1726 1076 te,
1752 993 1830 1060 C.
1853 990 2053 1077 Mari,
2085 990 2334 1089 aliquis
2360 989 2797 1087 impudicum

699 1103 991 1174 militem
1038 1104 1423 1186 detulisset,
1461 1106 1671 1175 ferres
1716 1105 2105 1190 dicentem3
2143 1104 2465 1175 tribunus
2510 1132 2625 1174 me
2651 1105 2800 1205 jus-

699 1220 782 1289 sit
810 1234 863 1289 ¹:
899 1221 1085 1317 quod
1124 1221 1176 1290 si
1210 1247 1337 1317 par
1364 1221 1435 1290 in
1472 1242 1765 1317 utraque
1792 1243 1979 1316 parte
2011 1221 2345 1292 delictum
2382 1243 2515 1308 est,
2553 1220 2682 1292 hoc
2707 1242 2798 1292 ta-

701 1361 863 1406 men
892 1335 1151 1406 crimen
1183 1335 1477 1406 militem
1514 1336 1759 1407 saltem
1794 1335 2006 1406 decet.
2036 1336 2393 1406 Tribunus
2418 1336 2569 1407 fuit.

797 1452 985 1522 XVI.
1016 1452 1276 1523 Videor
1310 1479 1423 1522 me
1464 1451 1729 1540 hercle,
1784 1454 2189 1550 imperator,
2234 1453 2485 1523 oblitus
2532 1452 2798 1523 medio-

700 1566 950 1637 critatis
979 1594 1174 1655 meae,
1197 1595 1420 1665 quum
1447 1568 1553 1638 vix
1586 1569 1790 1640 unius
1814 1568 2197 1639 defensioni
2228 1569 2599 1655 sufficiam,
2623 1595 2801 1665 quae-

701 1681 864 1750 dam
902 1708 1024 1779 pro
1073 1681 1389 1752 universo
1440 1684 1746 1759 dicturus
1791 1683 2106 1753 exercitu.
2152 1684 2421 1760 Omnes
2457 1683 2612 1771 haS,
2645 1708 2797 1779 quae

700 1793 1211 1866 circumstetere
1266 1797 1612 1894 legiones:
1670 1796 1912 1868 florem
1965 1796 2211 1884 Italiae,
2266 1796 2519 1867 civium
2582 1797 2799 1867 socio-

701 1937 1003 2009 rumque
1057 1914 1334 2002 robora,
1383 1942 1522 1984 una
1561 1940 1726 1983 voce
1779 1912 2208 2012 proclamare
2256 1913 2442 2009 apud
2496 1912 2796 1982 tribunal

701 2025 1008 2096 existima
1042 2055 1058 2097 :
1124 2055 1266 2099 non
1325 2027 1726 2123 ignominiae·
1776 2027 2037 2097 tribuni
2096 2054 2334 2124 parere
2391 2052 2799 2123 possumus;

701 2170 913 2214 nemo
941 2166 1252 2215 nostrum
1292 2166 1554 2215 recusat
1588 2144 1917 2214 itinerum
1954 2144 2260 2214 laborem
2286 2200 2302 2231 ‚
2334 2170 2461 2212 nec
2497 2142 2797 2211 invisum

701 2285 910 2355 super
938 2274 1174 2329 arma²
1212 2261 1468 2331 fascem
1489 2318 1507 2347 ‚
1540 2286 1682 2331 non
1721 2259 1925 2330 aestivi
1958 2259 2117 2329 solis
2138 2258 2455 2329 ardorem
2477 2316 2494 2345 ,
2524 2284 2649 2327 nec
2671 2258 2800 2327 sub

702 2373 1000 2471 pellibus
1048 2397 1269 2446 actam
1312 2377 1686 2472 hyemem:
1725 2374 2077 2446 ferienda3
2132 2376 2215 2446 sit
2259 2375 2539 2467 fatigato
2583 2375 2798 2460 fossa;

704 2516 831 2587 pro
863 2490 1038 2561 vallo
1087 2490 1437 2588 portisque
1467 2490 1934 2589 vigilandum3
1983 2491 2248 2561 fortiter
2297 2489 2625 2587 ancipites
2660 2488 2799 2558 ini-

703 2604 937 2676 bimus
980 2635 1279 2704 pugna53
1324 2607 1613 2684 vulnera
1651 2607 1855 2679 laude
1907 2607 2387 2706 pensabimuS,
2435 2633 2617 2678 mors
2670 2603 2797 2675 erit

703 2717 1088 2817 ignominia
1121 2722 1378 2818 potior:
1413 2721 1844 2820 quidquidin
1878 2748 2114 2819 pugna
2139 2721 2469 2818 patimur,
2495 2718 2797 2789 virorum

707 2951 904 3005 eredat.
933 2955 1030 3007 Sed
1052 2958 1219 3009 Tacit.
1247 2959 1387 3010 Suet.
1415 2972 1465 3009 et
1492 2961 1602 3026 ejus
1622 2959 1713 3008 aevi
1792 2953 2078 3024 depressior
2093 2955 2179 3005 sub
2200 2956 2389 3024 injusto
2408 2953 2715 3021 ineptiarum
2732 2948 2803 2998 ad

710 3037 1023 3105 scriptores,
1054 3041 1213 3090 immo
1246 3040 1550 3109 simpliciter
1576 3057 1712 3109 prae-

703 3115 899 3185 positus
937 3135 1033 3187 pro
1074 3118 1350 3189 praefectus
1390 3120 1499 3169 sine
1534 3117 1712 3168 dativo

711 3215 956 3267 posuere.
1272 3263 1278 3269 ·

789 3294 830 3325 ι.
873 3276 962 3323 Me
983 3277 1154 3346 jussit.
1185 3276 1323 3326 Male
1358 3296 1420 3328 ex
1452 3277 1558 3329 hoc
1591 3277 1713 3329 loco

709 3353 922 3421 colligi,
949 3354 1133 3422 jubere
1174 3374 1412 3423 personae
1454 3357 1715 3406 accusati-

709 3451 832 3482 vum
876 3451 1052 3500 regere
1095 3431 1276 3484 docuit
1320 3436 1605 3485 Burmann.
1646 3432 1715 3485 ad

710 3512 920 3560 Petron.
950 3530 995 3561 c.
1025 3527 1107 3578 71.

785 3605 831 3637 2.
854 3591 963 3639 Nec
986 3589 1203 3639 invisum
1224 3606 1376 3660 super
1392 3606 1554 3639 arma.
1578 3590 1715 3642 Scri-

710 3670 808 3733 be,
836 3689 927 3720 nec
961 3672 1209 3740 injustum
1243 3688 1396 3738 super
1424 3689 1572 3721 arma
1595 3671 1715 3740 fas-

708 3767 837 3799 cem.
856 3749 1072 3819 Accepit
1090 3767 1117 3798 e
1133 3749 1289 3799 tertio
1305 3749 1711 3817 Georgicorum:

708 3828 894 3898 patriis
916 3846 1035 3877 acer
1059 3828 1322 3879 Romanus
1350 3829 1403 3877 in
1436 3829 1593 3878 arm1‘s
1621 3828 1716 3877 In-

690 3912 844 3985 J'usto
884 3910 974 3961 sub
1001 3908 1150 3978 fasce
1190 3911 1325 3960 viam
1370 3908 1491 3959 dum
1530 3910 1713 3979 carpit.

711 3990 894 4041 Cicero
934 3989 985 4039 in
1023 3990 1279 4041 Oratore:
1320 3989 1508 4059 lnjusti
1550 3990 1718 4040 oneris

708 4069 943 4139 impositi
966 4078 1054 4118 tua
1078 4066 1233 4140 eulpa
1256 4071 1340 4122 sie.
1367 4070 1560 4121 Statius
1577 4068 1716 4121 The-

710 4146 856 4201 haid.
877 4150 977 4198 vl:
1011 4148 1221 4218 Injustis
1252 4146 1501 4199 collatum
1533 4150 1717 4202 viribus

713 4229 924 4281 hostem.
955 4228 1235 4296 Paulinus,
1261 4230 1479 4303 epistola
1510 4248 1536 4283 2
1563 4252 1574 4282 ε
1611 4249 1715 4305 quo

1798 3047 2142 3087 senostrarum
2159 3053 2309 3085 onere
2326 3035 2618 3083 revertisset.
2635 3031 2799 3082 Gnos.

1795 3117 2052 3184 Injustum
2079 3118 2167 3166 W.
2195 3114 2338 3166 Leid.
2368 3134 2448 3183 pr.
2477 3133 2583 3165 sec.

1866 3193 1915 3244 3.
1944 3192 2208 3242 Ferienda.
2237 3196 2319 3242 An
2337 3190 2637 3260 fodienda?
2660 3190 2800 3239 Pas&

1794 3273 1906 3322 Nec
1916 3272 2173 3341 fodienda
2195 3271 2397 3343 placet,
2420 3260 2807 3339 necferirefos-

1793 3368 1900 3401 sam
1915 3350 2129 3400 obvium
2140 3366 2218 3402 est
2233 3371 2244 3400 ε
2259 3368 2491 3421 premere
2506 3348 2629 3397 dixit
2645 3350 2807 3399 Fron-

1794 3429 1888 3477 tin.
1916 3429 2074 3480 Str-at.
2103 3430 2149 3491 1,
2177 3429 2235 3494 5,
2265 3429 2324 3478 8:
2358 3449 2377 3470 u
2401 3428 2619 3477 Fossam
2639 3439 2807 3478 trans-

1802 3530 1823 3550 ιι
1846 3526 2046 3559 versam
2089 3508 2226 3558 inter
2269 3522 2474 3558 montes
2519 3508 2746 3575 pressit:
2776 3530 2799 3554 ιο

1796 3586 2080 3658 deprimere
2117 3586 2243 3638 dixit
2282 3589 2447 3638 Tacit.
2485 3586 2675 3637 Aunal.
2715 3588 2804 3649 IV,

1796 3669 1892 3737 49:
1922 3672 1989 3720 ita
2010 3686 2244 3738 premere
2257 3680 2472 3737 puteum
2494 3668 2692 3719 Lucan.
2716 3670 2803 3733 lv,

1799 3750 1917 3818 296.
1949 3750 2026 3801 cl.
2061 3748 2352 3819 Schulting.
2390 3764 2568 3801 tamen
2598 3770 2654 3802 se
2679 3750 2806 3800 alic-

1796 3830 1889 3881 ubi
1913 3830 2102 3901 legisse
2128 3842 2390 3901 pereutere
2411 3831 2613 3901 fossam
2643 3849 2804 3882 anno—

1797 3924 2030 3963 taverat:
2062 3914 2133 3963 ita
2172 3925 2313 3962 certe
2353 3911 2593 3981 loquitur
2620 3913 2808 3970 From,

1797 3995 1953 4046 Strat.
1978 3995 2074 4059 HI,
2112 4009 2191 4061 ¹7,
2218 3992 2279 4046 5:
2320 4016 2340 4039 α
2361 3994 2524 4044 Fossa
2550 3994 2601 4043 in
2627 3992 2802 4042 fronte

1800 4090 2095 4143 «percussa
2120 4092 2133 4134 ;
2160 4095 2181 4117 n
2242 4071 2333 4122 ubi
2393 4068 2514 4121 vide
2571 4066 2799 4120 Tennul.

1796 4155 1890 4225 qui
1938 4151 2083 4206 hunc
2131 4170 2344 4225 quoque
2392 4152 2576 4207 Nostri
2627 4150 2803 4202 locum

1795 4232 2035 4287 advocat.
