3200 5117
674 579 1089 648 DECLAM.
1136 578 1216 639 V.
1266 572 1542 640 AEGER
1588 564 2201 642 REDEMPTUS.
2357 573 2472 642 105

401 728 613 805 quem
630 703 903 802 reliqui.
922 699 1268 774 Invenisse
1284 719 1348 770 te
1368 719 1595 799 putas,
1600 699 1907 800 juvenis,
1924 722 2188 799 patrem
2207 698 2397 771 cibos
2413 718 2480 770 et

401 821 732 896 alimenta
765 815 1204 917 poscentem?
1231 814 1626 913 quaerebam
1657 815 1957 913 pretium
2000 837 2240 906 tuum,
2277 833 2479 885 testor

402 935 841 1008 elementiam
865 931 1235 1004 mitissimae
1260 930 1584 1003 civitatis:
1621 929 1725 1001 hae
1749 956 1980 1029 preces
1996 987 2015 1020 ‚
2038 929 2153 1001 hic
2178 927 2479 1028 rogantis

403 1047 703 1122 ambitus
730 1048 895 1119 fuit:
926 1044 1389 1133 miseremini,
1424 1043 1576 1115 date
1608 1044 1849 1141 stipeS‚
1880 1042 2270 1141 indulgete,
2306 1069 2479 1113 con·

401 1161 641 1251 ferte¹,
674 1157 1085 1257 repetendus
1128 1178 1228 1229 est
1259 1156 1378 1227 ille
1421 1157 1546 1253 qui
1592 1157 1841 1230 redimi
1881 1157 2135 1229 maluit
2176 1158 2476 1228 fratrem.

403 1274 536 1345 Sed
567 1292 634 1343 et
661 1271 790 1342 hac
811 1292 876 1342 te
906 1269 1193 1342 decebat
1221 1296 1567 1341 reversum
1593 1269 2014 1369 proclamare
2040 1297 2205 1344 voce
2229 1300 2247 1358 ;
2276 1270 2480 1370 Erige

401 1386 629 1458 vultus
675 1404 892 1483 pater,
934 1381 1161 1454 attolle
1205 1382 1659 1457 tristissimam
1702 1386 1989 1474 faciem3
2024 1384 2346 1458 vindicati
2395 1385 2480 1456 de

404 1500 785 1575 saevissimis
829 1498 1268 1599 praedonibus
1317 1512 1641 1589 sumus²‚
1688 1500 1862 1574 duos
1919 1501 2290 1591 redemisti.
2337 1502 2484 1574 Ali-

407 1636 641 1687 menta
674 1640 916 1712 posco‚
951 1634 1262 1713 poteram
1299 1640 1442 1684 non
1486 1613 1822 1713 adjicere,
1858 1615 2086 1688 filium
2118 1636 2327 1714 pater,
2361 1614 2481 1687 sed

403 1731 769 1802 mendicus
804 1729 1206 1818 hominem,
1254 1729 1377 1800 sed
1409 1727 1748 1828 juvenem
1781 1755 2008 1801 senex.
2058 1729 2240 1821 Quis
2291 1731 2482 1803 enim

404 1845 624 1945 magis
658 1871 737 1917 ex
767 1843 931 1944 ipsis
958 1869 1190 1916 rerum
1227 1864 1484 1916 naturae
1514 1844 1721 1917 sacris
1754 1839 2306 1942 venerandisque
2334 1845 2488 1943 pri«

405 1961 695 2035 mordiis
725 1960 1080 2033 descendit
1111 1959 1442 2032 affectus?
1475 1961 1652 2058 quid
1677 1962 1885 2035 etiam
1921 1962 2098 2036 inter
2124 1961 2374 2034 liberos
2406 1986 2484 2032 ac

407 2097 727 2177 parentes
754 2096 896 2148 tam
929 2102 1302 2148 commune
1321 2132 1342 2167 ,
1371 2095 1514 2147 tam
1555 2075 1957 2174 publicum,
1992 2101 2209 2173 quam
2241 2095 2320 2146 ut
2350 2073 2485 2146 ali-

408 2194 603 2292 cujus
626 2194 885 2266 famem
912 2192 1265 2291 proximus
1293 2191 1587 2290 quisque
1615 2190 1960 2291 depellat?
1985 2191 2349 2264 voluit-nos
2369 2188 2484 2262 ille

406 2308 839 2380 mortalitatis
858 2307 1094 2379 artifex
1110 2307 1281 2379 deus
1300 2307 1375 2378 in
1402 2330 1775 2380 commune
1790 2332 2183 2404 succurrere
2206 2305 2259 2397 3,
2281 2325 2347 2377 et
2364 2330 2486 2405 per

406 2446 682 2496 mutuas
713 2423 1128 2497 auxiliorum
1157 2423 1334 2495 vices
1361 2423 1434 2494 in
1466 2422 1677 2522 altero
1704 2448 2097 2522 quemque,
2130 2420 2320 2520 quod
2359 2446 2486 2521 pro

410 2566 480 2612 se
503 2541 804 2631 timeret,
834 2565 1150 2612 asserere.
1170 2539 1508 2612 Nondum
1536 2538 1667 2612 boc
1696 2540 1943 2614 caritas
1971 2536 2143 2624 esd,
2171 2564 2298 2636 nec
2324 2563 2485 2636 per-

411 2655 595 2726 sonis
640 2656 954 2753 impensa
1010 2654 1422 2743 reverentia3
1471 2653 1591 2725 sed
1633 2655 1972 2726 similium
2020 2652 2486 2731 accidentium

410 2767 678 2867 providi
719 2789 942 2840 metus
963 2826 982 2859 ,
1026 2790 1093 2839 et
1124 2767 1609 2840 communium
1646 2768 2090 2840 fortuitorum
2129 2767 2487 2865 religiosus

410 2882 673 2955 horror.
707 2886 790 2954 ln
818 2883 1050 2956 aliena
1078 2883 1263 2954 fame
1288 2882 1396 2954 sui
1426 2882 1723 2980 quisque
1750 2883 2144 2955 miseretur:
2175 2882 2276 2954 sic
2300 2881 2486 2953 cibos

410 2995 681 3070 obsidio
740 2998 1034 3097 partitur
1062 3028 1080 3088 3
1144 2997 1241 3069 sic
1294 2997 1610 3096 inopiam
1679 2997 1936 3096 pariter
2002 2994 2483 3093 navigantium

407 3113 803 3212 frequenter
843 3114 1054 3185 unius
1108 3111 1436 3184 alimenta
1484 3131 1845 3210 paverunts-
1871 3110 2057 3184 Hinc
2120 3129 2188 3181 et
2219 3106 2335 3178 ille
2378 3132 2485 3178 ve·

411 3227 517 3299 nit
547 3229 870 3319 affectuS,
905 3229 1095 3328 quod
1129 3228 1381 3327 ignotis
1414 3225 1861 3301 cadaveribus
1893 3227 2194 3299 humum
2232 3249 2487 3321 conge-

410 3342 628 3416 rimus
646 3401 666 3436 ,
696 3365 767 3417 et
794 3344 1227 3442 insepultum
1253 3342 1617 3444 quodlibet
1643 3369 1890 3443 corpus
1918 3341 2116 3415 nulla
2138 3338 2485 3412 festinatio

487 3594 530 3629 r.
554 3577 715 3645 Date,
742 3579 1025 3655 indulgete,
1050 3580 1295 3653 conferte.
1312 3580 1409 3638 Mi·
1486 3579 1814 3645 libertatem,
1828 3575 2089 3632 vocabulo
2104 3574 2329 3630 solemni
2347 3584 2400 3626 et
2415 3571 2485 3624 ad

409 3673 658 3736 rauexstat
669 3659 873 3731 judicio
892 3676 1074 3714 nostro
1093 3680 1280 3716 sensus
1295 3679 1411 3733 gra-
1488 3678 1601 3712 rem
1626 3660 1864 3731 proprio.
1889 3657 1982 3710 En.
2097 3679 2107 3689 ·

412 3737 559 3792 <latio
576 3742 712 3794 inter
731 3743 827 3795 tria
846 3742 958 3796 hoec
974 3743 1251 3797 vocabula.
1276 3744 1411 3796 Date
1559 3741 1610 3793 3.
1646 3741 1714 3792 In
1744 3756 2022 3792 commune
2049 3750 2349 3796 succan-ere.
2378 3732 2487 3785 Ad-

410 3823 551 3874 onim
575 3824 811 3893 generali
838 3822 1218 3897 significatione
1248 3826 1408 3898 poni·
1487 3816 1706 3871 modum
1722 3817 1877 3870 simili
1891 3833 2050 3868 sensu
2061 3809 2489 3881 NostrasLafon-

411 3912 514 3965 tur,
544 3901 806 3974 indulqete
831 3903 1065 3956 studium
1095 3919 1149 3956 et
1177 3903 1411 3956 benevo-
1486 3900 1656 3965 taine,
1685 3897 1867 3951 Fabul.
1889 3899 2004 3948 vul
2018 3934 2036 3963 ‚
2061 3911 2121 3963 17
2139 3917 2154 3946 ι
2186 3916 2208 3939 ι
2227 3893 2282 3945 11
2297 3913 2348 3946 se
2362 3891 2492 3963 faut

410 3978 626 4034 lentiam
650 3984 888 4053 exprimit
908 4003 1032 4056 erga
1052 3988 1303 4040 miserum
1318 4003 1409 4057 pa-
1493 4005 1517 4029 a
1534 3978 1826 4044 entr’aider‚
1852 3978 1967 4031 c’est
1988 3977 2041 4030 la
2064 3976 2137 4028 Ιοί
2158 3977 2221 4028 de
2240 3988 2438 4028 nature.
2460 3999 2483 4022 ι.

410 4072 572 4126 trem,
592 4061 823 4132 conferte
841 4077 1017 4114 autem
1031 4062 1099 4115 ad
1113 4061 1409 4115 studiorum
1562 4063 1616 4129 4.
1643 4062 1760 4113 Hoc
1785 4062 1971 4112 can'tas
1997 4071 2083 4112 est.
2113 4057 2196 4110 Sic
2223 4075 2343 4109 mox
2367 4074 2487 4127 cap.

410 4150 464 4190 et
484 4137 816 4192 voluntatum
835 4142 1281 4213 conspirationem
1304 4158 1410 4193 res·
1489 4161 1601 4214 seq.
1635 4164 1658 4189 ι
1673 4144 1788 4194 Hoc
1809 4159 1938 4210 ergo
1960 4140 2045 4192 lex
2067 4142 2181 4194 erit.
2201 4163 2224 4186 ι·
2250 4139 2336 4192 Sic
2355 4155 2492 4208 quo-

408 4220 555 4291 ricit·
581 4223 676 4273 En·
1493 4242 1597 4295 qne
1622 4222 1765 4294 apud
1790 4215 2493 4292 Ovid.Epist.Heroid.111,

485 4309 535 4354 2.
579 4299 643 4353 V
638 4300 853 4354 iudicati
885 4321 1076 4356 sumus.
1114 4302 1318 4373 Nempe
1353 4305 1410 4356 in
1491 4304 1554 4357 8:
1586 4325 1610 4348 ιι
1629 4303 1744 4353 Hoc
1770 4318 1985 4371 quoque
2009 4298 2167 4369 culpa
2189 4310 2280 4348 tua
2303 4308 2398 4348 est.
2417 4317 2439 4341 ι
