3200 5117
637 591 909 654 DECL.
950 588 1159 657 vnl.
1207 591 1567 657 GEMINI
1617 588 2288 657 LANGUENTES.
2393 590 2505 678 187

418 738 740 787 occursus
758 773 777 806 ,
808 724 1091 815 stupent
1114 716 1398 790 civitatis
1416 716 1610 788 oculi
1636 774 1654 806 ,
1685 734 2050 815 parentum
2073 738 2308 788 tamen
2330 715 2512 813 agni·

418 831 509 903 tio
546 830 927 930 dignoscit,;
963 854 1232 932 separat
1272 833 1517 904 notitia
1564 832 1955 921 nutricum3
1999 854 2064 904 et
2109 831 2511 904 fallentibus

418 948 638 1037 notis,
688 970 789 1019 est
829 972 1064 1020 rursus
1094 942 1283 1047 quod
1310 949 1515 1020 faciat
1548 948 1697 1047 ipsa
1733 948 2115 1021 similitudo
2154 946 2508 1023 dissimile.

418 1065 498 1134 ln
529 1063 872 1162 plerisque
905 1065 1218 1162 quamvis
1246 1065 1335 1135 sit
1361 1063 1728 1134 indiscreta
1753 1063 1965 1135 facies
1983 1122 2001 1153 ‚
2030 1064 2379 1134 invenitur
2404 1082 2510 1132 ta-

417 1204 583 1248 men
613 1178 788 1249 alius
822 1180 956 1250 oris
984 1204 1194 1251 sonus
1213 1236 1231 1267 ,
1263 1178 1577 1266 habitus,
1610 1178 1946 1262 incessus;
1983 1200 2050 1249 et
2076 1199 2155 1249 ut
2180 1179 2324 1276 ipsa
2353 1202 2511 1248 con-

419 1293 747 1382 sentiant,
779 1292 1043 1363 diversa
1064 1316 1308 1381 mens,
1341 1293 1665 1364 contrarii
1691 1318 1953 1384 mores,
1990 1315 2055 1366 et
2079 1294 2228 1365 vitae
2259 1317 2514 1390 genera

419 1408 727 1481 rixantia.
746 1408 943 1498 Qu'id
959 1409 1148 1507 quod
1170 1422 1312 1480 mm
1335 1409 1660 1481 eamdem
1682 1432 1824 1482 esse
1847 1432 2173 1482 naturam
2201 1408 2513 1507 gemino-

420 1548 580 1592 rum
607 1523 1084 1621 probat‘etiam
1102 1525 1383 1596 fortuna
1400 1522 1808 1603 dissimilis?
1839 1526 2029 1597 hunc
2059 1525 2305 1624 pressit
2331 1546 2512 1621 pau-

418 1658 674 1751 pertate
696 1660 1027 1739 perpetua
1048 1671 1068 1728 3
1094 1639 1295 1712 illum
1312 1641 1676 1740 insperatis
1702 1642 1951 1739 opibus
1971 1641 2299 1713 excoluit:
2323 1638 2512 1709 illius

418 1770 548 1851 per
577 1752 808 1825 titulos
839 1775 903 1825 et
922 1754 1259 1846 honores,
1299 1755 1510 1855 hujus
1536 1780 1664 1854 per
1689 1755 2031 1853 ignobiles
2054 1756 2512 1851 obscurasque

420 1867 654 1938 sordes
692 1888 903 1939 totam
959 1869 1149 1941 duxit
1188 1890 1484 1942 aetatem.
1526 1870 1779 1942 Simile
1811 1890 1913 1942 est
1950 1867 2292 1968 quidquid
2340 1867 2516 1937 acci-

418 1980 626 2079 piunt
665 2007 745 2052 ex
777 1983 1066 2054 homine
1102 1983 1402 2082 gemini,
1444 1984 1780 2056 dissimile
1815 1980 2160 2083 quidquid
2199 2008 2278 2054 ex
2320 1983 2461 2052 fato
2495 2009 2509 2051 :

422 2123 551 2168 nec
588 2097 777 2168 enim
825 2119 967 2170 tam
1008 2101 1264 2198 pariter
1290 2101 1375 2171 -in
1412 2102 1648 2172 lucem
1696 2096 1781 2175 ae
1815 2100 2143 2172 maternis
2185 2099 2513 2170 exsiluere

422 2213 794 2285 visceribus
812 2270 829 2303 ,
857 2234 937 2286 ut
958 2215 1111 2287 illos
1136 2215 1378 2286 eadem
1410 2214 1604 2314 origo
1620 2215 2024 2315 signaverit.

536 2328 722 2398 Xlll.
778 2327 1146 2417 Quantum
1204 2348 1402 2428 putas
1446 2330 1854 2402 interfuisse
1897 2327 2226 2428 temporis
2262 2382 2281 2415 ‚
2338 2326 2513 2396 dum

425 2440 738 2539 primum
770 2441 942 2513 uteri
975 2442 1253 2542 pondus
1287 2443 1591 2542 egeritur
1609 2444 1693 2520 ⁴¹?
1730 2444 1901 2519 dum
1942 2468 2318 2544 parumper
2339 2464 2513 2511 *exo-

426 2576 661 2627 nerata
695 2557 926 2628 vitalia
953 2613 972 2640 .,
1012 2558 1230 2630 altero
1272 2582 1506 2630 rursus
1546 2560 1840 2632 homine
1883 2556 2247 2632 laxantur?
2301 2558 2513 2625 Breve

423 2671 729 2743 fortassis
778 2672 1250 2772 exiguumque
1281 2673 1592 2745 videatur
1619 2677 2042 2748 'mm-talibus
2085 2673 2303 2745 oculis
2333 2702 2351 2759 ;
2385 2670 2515 2742 sed

426 2785 484 2855 si
532 2800 844 2857 terrena²
885 2807 1118 2858 mente
1162 2787 1543 2887 perspicere
1575 2788 1741 2860 velis
1781 2788 1966 2860 ‘orbis
2004 2788 2214 2889 hujus
2245 2786 2517 2857 vastita-

431 2920 612 2988 tem,
655 2901 824 2971 scies
857 2901 1167 2973 multum
1209 2928 1386 2992 esse,
1432 2902 1624 3000 quod
1663 2902 1847 2974 inter
1881 2902 2053 2972 duas
2098 2916 2516 2973 transcurrat

430 3015 720 3087 animas.
764 3016 1083 3090 Volvitur
1106 3043 1315 3117 super
1340 3045 1466 3090 nos
1499 3019 1645 3090 haec
1672 3017 1818 3089 caeli
1849 3017 2302 3111 siderumque
2331 3038 2516 3084 com-

431 3154 609 3229 pago
629 3187 647 3220 ,
696 3152 766 3202 et
806 3131 1137 3233 praecipiti
1188 3160 1312 3233 per
1363 3133 1665 3232 proclive
1717 3131 2010 3203 decursu
2036 3185 2054 3216 ‚
2114 3128 2323 3200 totius
2379 3124 2515 3197 diei

431 3246 791 3345 noctisque
817 3247 1142 3320 brevitate
1169 3247 1797 3321 emensus-orientis
1826 3243 2333 3339 occidentisque
2362 3266 2519 3312 cur·-

432 3386 585 3450 suS,
616 3360 1041 3434 diversorum
1081 3363 1386 3435 siderum
1425 3365 1501 3436 in
1540 3364 1772 3462 primo
1813 3361 2037 3433 statim
2082 3378 2271 3447 ortu,
2304 3376 2516 3428 rotato

434 3500 506 3546 se
545 3494 779 3548 rursus
812 3500 933 3550 axe
962 3479 1433 3577 consequitur.
1475 3483 1632 3551 Hoc
1669 3499 1746 3550 tu
1783 3502 2075 3577 parvum
2117 3473 2334 3547 credis
2376 3496 2518 3543 esse

432 3591 771 3687 spatium,
816 3592 1008 3691 quod
1049 3593 1329 3667 diversis
1366 3595 1623 3693 pariter
1654 3588 2261 3690 rebus-impletur?
2297 3612 2520 3687 quan-

432 3722 586 3777 tum
624 3706 803 3781 inter
827 3710 952 3781 illa
978 3712 1503 3783 transcurrentis
1534 3712 1719 3782 horae
1750 3726 2111 3782 momenta
2148 3704 2517 3790 ³nascitur‚

514 3937 556 3972 1.
585 3921 847 3996 quritur.
878 3926 1158 3998 Coget-itur.
1182 3924 1327 3978 Leid.
1356 3945 1436 3996 pr.
1520 3925 1710 3997 legisse
1733 3938 2018 3985 terrenam,·
2048 3924 2139 3994 qui
2161 3940 2280 3973 cum
2311 3919 2520 3969 vastita-

437 3998 530 4049 sed
554 4014 694 4050 recte
717 4000 929 4071 vulgata
962 4022 1018 4054 se
1057 4003 1217 4055 habet
1251 4004 1440 4065 lec'tio;
1522 4016 1622 4055 tem
1667 4005 1971 4074 conjungit:
2018 4016 2071 4054 et
2110 4013 2252 4052 certe
2289 3995 2417 4069 quid
2455 3996 2524 4048 sit

435 4096 558 4131 nam
605 4080 729 4149 hinc
767 4081 1010 4151 Egeriam
1046 4082 1267 4148 dictam,
1307 4085 1446 4154 quod
1522 4101 1666 4133 mens
1713 4093 1943 4145 terrena,
1998 4098 2096 4150 ego
2136 4080 2220 4129 vix
2265 4073 2519 4143 intelligo.

435 4180 550 4212 eam
569 4162 826 4234 putabant
842 4162 1013 4231 facile
1036 4176 1331 4235 conceptam
1360 4163 1443 4215 al·
1518 4163 1772 4214 Francius
1788 4159 2320 4232 conjiciebat,aeterna
2332 4164 2519 4204 mente.

440 4261 560 4294 vum
581 4261 806 4313 eqerere,
838 4244 1023 4293 Festus
1049 4241 1222 4294 ducet.
1253 4246 1419 4294 Bmm.
1595 4245 1644 4295 3,
1672 4245 1934 4312 Quantum
1961 4243 2202 4293 nascitur,
2223 4236 2362 4289 Malo
2383 4236 2524 4307 caph

512 4338 559 4378 2.
602 4320 846 4375 Terrena.
894 4320 1118 4375 Videtur
1159 4323 1443 4376 Ascensius
1523 4322 1636 4375 hae'c
1681 4322 2004 4374 Ascensius:
2054 4318 2254 4373 dietum
2300 4329 2380 4369 est
2420 4334 2522 4391 pro
