3200 5117
727 554 1366 622 DECLAMATIO
1414 555 1548 619 111.
1600 554 1786 619 PRO
1830 555 2205 620 MILITE.
2432 555 2516 644 59

420 679 699 754 tissimis
742 679 1011 777 regnis,
1044 699 1168 750 aut
1186 677 1438 750 mortis
1466 696 1907 775 contemptus
1941 675 2249 766 faciiior,
2301 703 2517 774 quam

421 785 769 896 plerisque
801 795 1111 867 barbaris
1149 820 1432 867 causam
1456 793 1615 864 vitae
1637 817 1790 865 non
1827 792 2264 865 habentibus.
2308 791 2519 863 Prin-

421 912 480 984 ci
486 935 615 1011 pes>
628 938 752 984 nos
770 912 937 984 facit
958 910 1276 984 severitas
1298 909 1803 995 institutorum,
1821 908 1991 980 ordo
2013 907 2297 997 militiae,
2323 933 2522 978 amor

422 1028 712 1128 quidam
736 1027 1012 1117 laboris,
1029 1048 1096 1099 et
1118 1024 1525 1126 quotidiana
1548 1023 2028 1097 exercitatione
2047 1023 2322 1095 assidua
2349 1021 2520 1095 belli

406 1143 780 1217 ‘meditatio
801 1169 817 1214 τ
845 1144 1077 1239 itaque
1106 1141 1309 1240 plura
1330 1165 1529 1240 poene
1558 1141 1873 1212 moribus
1891 1165 2106 1239 quam
2133 1140 2396 1214 viribus
2417 1139 2524 1213 vi-

423 1261 674 1349 cimus,
698 1286 921 1357 quum
939 1258 1219 1357 captivae
1241 1270 1520 1356 qu'oque
1546 1279 1776 1330 sancte
1795 1257 2251 1349 habebantur,
2277 1277 2343 1329 et
2357 1283 2524 1327 con-

421 1375 710 1448 tumelia
745 1374 960 1448 etiam
994 1373 1173 1445 hosti
1196 1374 1469 1445 aberat:
1504 1371 1931 1472 quae'omnia
1963 1374 2173 1474 longa
2208 1374 2523 1473 superbae

422 1492 809 1577 nobilitatis
830 1506 848 1536 ¹
887 1490 1277 1563 intermissa
1316 1491 1625 1582 luxuria,
1649 1492 1751 1563 tui
1784 1491 1989 1563 nobis
2019 1488 2246 1565 mores
2274 1489 2525 1569 retule-

425 1628 610 1679 runt.
1705 1691 1713 1698 Ι

519 1725 681 1794 XV.
696 1722 814 1794 Dii
845 1724 1151 1821 profecto
1172 1724 1745 1822 magnitudinem
1770 1745 1967 1796 tuam
1999 1744 2264 1812 curant,
2300 1715 2529 1822 irnpe-

423 1859 634 1929 rator,
675 1865 752 1911 ac
781 1838 1123 1936 dirigunt,
1168 1839 1290 1936 q.ui
1333 1839 1461 1910 tibi
1500 1865 1710 1938 super
1750 1860 2017 1912 caeteras
2050 1839 2290 1911 laudes
2323 1838 2528 1910 obtu-

422 1954 657 2028 lerunt
692 1977 835 2028 tam
866 1957 1173 2028 honestae
1202 1956 1563 2028 sententiae
1596 1955 2053 2029 occasionem.
2079 1955 2293 2045 Quod
2323 1954 2526 2026 miles

421 2071 688 2145 fortiter
707 2073 907 2163 fecit,
925 2073 980 2145 si
1009 2071 1303 2144 absolvis
1321 2129 1340 2162 ‚
1367 2093 1571 2144 tuum
1599 2072 1999 2171 exemplum
2022 2091 2153 2143 est:
2187 2069 2320 2141 nisi
2348 2071 2526 2141 forte

310 2253 313 2258 .
423 2187 556 2261 hoc
603 2215 721 2260 me
770 2188 1156 2288 perturbari
1194 2189 1480 2288 putatis,
1530 2187 1722 2287 quod
1768 2188 2095 2260 tribunus
2135 2187 2312 2259 fuit:
2364 2186 2526 2258 ideo

423 2303 656 2376 hercle
710 2304 1012 2403 turpior,
1065 2304 1223 2376 ideo
1279 2325 1500 2375 morte
1538 2304 1737 2375 omni
1783 2302 2080 2402 dignior.
2130 2304 2298 2374 Haec
2333 2300 2525 2374 enim

420 2418 733 2492 conditio
747 2419 1187 2517 superiorum
1214 2439 1315 2490 est
1335 2477 1354 2508 ,
1379 2440 1453 2490 ut
1473 2419 1817 2520 quidquid
1833 2420 2098 2491 faciunt
2115 2475 2133 2509 ,
2152 2417 2526 2517 praecipere

421 2533 840 2605 videantur:
887 2554 954 2605 et
999 2534 1624 2632 perniciosissimus
1663 2556 1761 2607 est
1801 2535 2000 2605 malae
2035 2533 2132 2605 rei
2179 2531 2526 2603 maximus

420 2648 721 2748 quisque
751 2670 1030 2721 auctor:
1067 2649 1225 2747 quis
1250 2650 1637 2722 continebit
1664 2649 2033 2721 militiam?
2052 2647 2208 2746 quis
2232 2667 2528 2720 castren-

418 2764 514 2836 sis
536 2763 921 2863 disciplinae
946 2765 1296 2863 praecipiet
1321 2765 1789 2838 severitatem?
1817 2766 1970 2864 quis
1997 2786 2096 2853 te,
2118 2765 2522 2863 imperator,

424 2879 808 2980 majoribus
864 2881 1045 2952 curis
1098 2879 1439 2971 district0‚
1495 2881 1744 2952 delicta
1796 2880 2098 2950 militum
2146 2876 2525 2950 coercebit?

422 2989 692 3066 tribuni
722 3021 973 3094 corpus
1013 3015 1080 3066 et
1121 3015 1483 3092 peccatum
1528 2995 1866 3094 corriget?
1900 2993 1989 3065 ad
2026 3021 2237 3090 quem
2281 2993 2526 3064 confu-

422 3110 658 3209 giam?
682 3111 796 3183 cui
828 3112 1118 3210 querar?
1143 3112 1259 3184 Sic
1286 3114 1392 3203 fit,
1421 3134 1500 3185 ut
1527 3121 1801 3185 necesse
1828 3110 2216 3183 habeamus
2244 3107 2374 3207 ipsi
2399 3134 2525 3179 nos

423 3225 798 3298 vindicare.
815 3227 1176 3298 Tribunus
1200 3228 1357 3316 fuit,
1390 3248 1456 3298 et
1470 3228 1582 3300 hic
1598 3228 1795 3299 miles
1814 3225 1981 3298 fuit:
2006 3215 2326 3296 tribunus
2347 3249 2362 3293 ε
2390 3220 2523 3293 hoc

425 3341 630 3432 dicis,
667 3343 778 3416 cui
812 3337 1048 3442 'parere
1084 3344 1495 3442 caligatum²
1533 3344 1638 3416 lex
1658 3345 1896 3445 jubet,
1937 3342 2058 3442 qui
2095 3367 2239 3412 non
2292 3340 2521 3413 solum
2585 3400 2591 3406 .

426 3459 931 3550 militibus‚sed
960 3461 1481 3533 centurionibus
1510 3458 1985 3561 praepositus³‚
2021 3479 2284 3558 partem
2297 3482 2527 3556 quan·
2564 3513 2571 3520 .

430 3667 458 3693 ι
476 3664 619 3698 nunc
639 3650 780 3700 circa
796 3647 1077 3721 Thyestem
1098 3648 1383 3700 consumis.
1408 3674 1430 3694 n
1519 3667 1636 3719 qua:
1659 3661 1739 3700 est
1765 3661 2128 3717 tegumentum
2156 3643 2399 3695 tibiarum
2428 3644 2528 3693 mi-

504 3744 549 3777 ι.
574 3727 812 3800 Superboe
835 3727 1141 3781 nobilitatis.
1170 3731 1271 3780 Hie
1296 3730 1437 3780 Nos-
1516 3727 1686 3779 litare.
1719 3726 2041 3788 Venuleius,
2078 3725 2130 3775 in
2171 3723 2203 3774 1.
2241 3720 2309 3772 de
2341 3721 2524 3774 Militi-

424 3822 510 3862 τοι·
529 3808 778 3861 adulatur
794 3811 994 3875 Mario,
1021 3822 1207 3882 utpote
1232 3810 1434 3862 homini
1513 3806 1649 3870 hm,
1673 3809 1738 3858 D.
1770 3805 1835 3856 de
1864 3802 2075 3855 custod.
2109 3816 2160 3854 et
2189 3800 2362 3853 exhib.
2392 3818 2485 3851 reo
2507 3823 2520 3852 ε

425 3908 598 3955 novo,
624 3904 676 3942 et
697 3892 809 3959 jam
832 3889 957 3942 inde
982 3890 1050 3942 ad
1074 3909 1307 3943 summos
1326 3891 1435 3942 bo·
1519 3910 1540 3933 ι
1565 3888 1611 3938 ls
1646 3900 1823 3939 autem
1852 3887 1945 3956 qui
1978 3885 2262 3936 exercitum
2297 3883 2522 3954 accipit,

426 3985 587 4020 nores
614 3981 828 4034 evecto,
850 3971 1009 4040 etqui
1026 3969 1300 4021 Metellum
1324 3971 1437 4020 Nu·
1520 3987 1542 4012 ι
1564 3966 1718 4017 etiam
1748 3968 1836 4035 jus
1865 3960 2314 4016 animadvertendi
2343 3962 2395 4012 in
2424 3963 2523 4012 mi-

426 4049 678 4101 midicum
706 4069 902 4121 genere
940 4049 1174 4101 nobilem
1206 4069 1434 4122 pra-gra·
1521 4064 1544 4089 ⁸
1564 4043 1680 4096 lites
1705 4043 1959 4113 caligatus
1979 4041 2158 4093 habet.
2182 4065 2204 4088 n
2230 4039 2520 4102 Videsnet.

424 4131 639 4183 voverit.
661 4134 755 4184 En.
1513 4126 1679 4194 Aug„
1704 4143 1751 4176 c.
1781 4123 1875 4189 25,
1900 4136 1952 4176 et
1976 4122 2048 4173 ibi
2070 4124 2246 4193 intpp.
2269 4123 2362 4173 En.

500 4225 548 4259 2.
567 4207 1316 4282 Caliqatum.Caligatusmiies
1332 4228 1431 4280 pro
1587 4207 1636 4256 3.
1671 4205 1996 4275 Proepositus.
2033 4205 2149 4255 Hoc
2175 4220 2292 4255 voc.
2328 4201 2396 4252 ab
2425 4201 2525 4254 As-

424 4288 743 4362 manipulari
775 4303 826 4341 et
856 4290 1131 4360 gregario,
1168 4309 1195 4340 a
1231 4289 1430 4357 caliga,
1513 4291 1692 4339 censio
1722 4300 1963 4351 notatur,
1997 4304 2066 4337 ne
2095 4282 2522 4356 quis.sordidum
