3200 5117
740 485 861 563 224
1237 484 1327 544 M.
1377 480 1630 544 FABII
1677 480 2320 563 QUINTILIAM

737 604 1282 677 transfunderet:
1315 625 1379 673 et
1400 605 1529 674 hoc
1550 630 1691 673 uno
1714 604 1920 673 tristis
1937 603 2299 693 occiditur,
2317 602 2507 700 quod
2522 601 2825 700 amplius

734 720 1043 789 amicum
1071 719 1335 789 visurus
1372 745 1511 787 nou
1544 738 1707 788 erat.
1745 720 1928 787 Eant
1956 744 2146 787 nunc
2181 718 2630 814 antiquarum
2662 745 2828 790 con-

738 834 986 904 ditores
1018 834 1417 903 fabularum
1453 852 1702 929 poetae,
1734 852 1801 901 et
1830 859 1899 901 se
1935 832 2019 902 ad
2053 832 2545 903 exhortandam
2579 834 2827 903 amici-

739 949 843 1018 tiae
877 949 1085 1019 fidem
1121 975 1371 1043 magna
1400 947 1721 1044 quaedam
1751 946 2215 1044 composuisse
2246 947 2676 1019 carminibus
2703 975 2828 1046 pu·

740 1086 918 1150 tent,
949 1065 1003 1133 si
1027 1064 1325 1133 dixerint
1348 1063 1617 1158 aliquos
1642 1089 1763 1159 per
1793 1062 2011 1131 maria
2037 1082 2379 1160 terrasque
2405 1062 2824 1159 asperiorem

738 1182 1092 1251 fortunam
1146 1180 1530 1250 amicorum
1590 1199 1862 1249 tantum
1911 1201 2175 1249 secutos
2198 1237 2217 1268 ,
2268 1201 2387 1250 aut
2435 1181 2824 1277 principem

740 1298 1021 1367 Graeciae
1052 1296 1278 1367 virum
1310 1297 1383 1366 in
1416 1295 1755 1367 ultionem
1791 1296 2125 1366 interfecti
2156 1296 2361 1366 amici
2399 1296 2826 1393 inauspicata

743 1411 924 1483 bella
970 1412 1287 1509 gessisse:
1338 1438 1502 1480 nam
1544 1412 1723 1482 inter
1761 1412 1994 1481 fratres
2037 1439 2315 1509 quoque
2367 1410 2483 1481 illa
2526 1412 2823 1481 maxime

742 1529 1211 1613 admirabiliS‚
1244 1548 1470 1598 tamen
1507 1527 1769 1597 alterna
1803 1553 1984 1597 mors
2014 1550 2133 1596 est.
2165 1530 2323 1597 Una
2358 1528 2642 1623 fingitur
2676 1553 2825 1598 con·

731 1643 855 1742 jux
880 1701 898 1732 ,
935 1669 1084 1740 quae
1115 1642 1263 1742 jam
1302 1643 1589 1740 perituri
1631 1643 1843 1712 vitam
1883 1643 2113 1712 mariti
2154 1642 2399 1712 vicaria
2447 1663 2660 1712 morte
2699 1668 2826 1712 sua

742 1760 1064 1845 redemit3
1087 1758 1542 1857 adjiciturque
1568 1757 1904 1829 miraculo
1925 1756 2173 1829 fabulae
2188 1815 2205 1845 ‚
2231 1759 2465 1828 fecisse
2487 1758 2614 1828 hoc
2634 1784 2785 1828 eam
2802 1815 2821 1846 ‚

742 1875 929 1970 quod
959 1901 1101 1946 non
1137 1874 1555 1972 praestitisset
1588 1894 1798 1971 pater.
1836 1875 1941 1942 En
1978 1873 2438 1945 indubitabile
2471 1873 2683 1944 seculi
2715 1874 2830 1944 de·

742 2016 861 2060 cus
880 2047 897 2078 ,
921 2012 985 2060 et
1010 1990 1183 2060 fictis
1210 1986 1469 2086 majus!
1503 2008 1576 2057 ut
1602 2009 1980 2057 moreretur
2004 2015 2126 2086 pro
2154 2016 2264 2060 me
2290 1990 2554 2060 amicus
2572 2045 2590 2076 ,
2617 2015 2823 2061 suum

742 2105 1022 2203 reliquit
1043 2126 1308 2202 patrem
1331 2161 1348 2189 ,
1368 2130 1606 2173 meum
1628 2103 1809 2172 vicit.
1835 2105 1919 2172 Et
1945 2130 2106 2173 sane
2123 2104 2294 2200 quid
2315 2105 2685 2202 prosuissct
2704 2104 2825 2175 fes·

742 2223 986 2292 tinatio
1022 2221 1509 2319 patriS‚-etiam
1547 2219 1600 2288 si
1638 2219 1724 2289 ad
1760 2218 2249 2290 redimendum
2286 2248 2397 2290 me
2433 2221 2621 2319 prior
2651 2224 2823 2293 forte

744 2337 1067 2408 venisset?
1098 2335 1226 2405 hoc
1264 2361 1372 2404 me
1409 2332 1628 2430 pretio
1665 2360 1871 2405 nemo
1906 2334 2084 2404 alius
2121 2334 2559 2408 redemisset:
2599 2361 2824 2433 neque

744 2477 899 2520 vero
940 2449 1325 2547 plurimum
1358 2448 1491 2518 fuit
1526 2449 1904 2546 praestitisse
1943 2469 2272 2536 mortem3
2310 2478 2616 2549 namque
2654 2451 2824 2521 inte-

746 2567 874 2635 rim
911 2565 1214 2662 specioso
1253 2563 1449 2634 titulo
1479 2564 1658 2634 bene
1695 2564 1826 2633 vita
1859 2584 2220 2661 pensatur:
2257 2564 2431 2636 illud
2463 2591 2622 2637 vero
2662 2566 2826 2637 exis*

743 2680 917 2753 timo
942 2679 1211 2776 gravius
1230 2734 1248 2765 ‚
1276 2705 1531 2749 nomen
1559 2678 1955 2774 gladiatoris
1983 2678 2288 2775 accipere
2308 2733 2327 2766 ‚
2353 2678 2583 2749 subire
2609 2678 2825 2750 domi·

744 2824 917 2866 num
949 2795 1295 2865 lanistam.
1331 2794 1570 2864 Minus
1597 2815 1696 2882 te,
1730 2794 1980 2881 amice,
2007 2783 2367 2865 laudarem
2389 2850 2408 2883 ,
2438 2796 2492 2865 si
2517 2795 2780 2866 vicisses
2806 2822 2819 2864 :

746 2941 832 2985 an
865 2913 976 2983 ille
1005 2912 1279 2983 animus
1310 2911 1552 2982 rediret
1584 2913 1658 2981 in
1687 2910 2044 2999 cellulam,
2076 2910 2280 2984 ferret
2306 2912 2611 3008 saginam
2631 2967 2648 3000 ‚
2682 2936 2822 2981 ma·

741 3031 1074 3128 gistrum,
1112 3056 1471 3127 personam
1512 3028 1816 3124 denique
1863 3027 2176 3099 sceleris?
2216 3054 2372 3098 mea
2415 3026 2820 3125 depugnasti

746 3173 982 3232 causa,
1019 3167 1135 3217 tua
1168 3146 1430 3243 peristi.
1478 3148 1640 3215 Haec
1687 3164 1918 3215 tamen
1956 3146 2196 3216 omnia
2234 3144 2491 3216 ultimae
2533 3144 2825 3215 fortunae

748 3261 1062 3347 nomina,
1082 3280 1157 3328 ut
1174 3259 1345 3328 mihi
1367 3257 2033 3357 detraheretrinduit
2051 3260 2180 3329 sibi
2205 3258 2518 3330 :venitin
2539 3284 2824 3330 arenam

748 3375 960 3447 homo
1000 3401 1125 3445 nee
1165 3372 1563 3462 sceleratus,
1598 3400 1724 3444 nec
1769 3373 2028 3446 infelix.
2071 3372 2490 3471 Ecquando,
2520 3373 2822 3473 judices,

749 3490 877 3561 hoc
909 3488 1241 3559 audistis?
1273 3489 1575 3559 bonitate
1606 3517 1729 3560 sua
1762 3489 2098 3587 gladiator
2124 3490 2349 3562 factus
2384 3512 2504 3562 est.

846 3607 1097 3676 XXIII.
1125 3605 1414 3676 Utinam
1434 3606 1776 3705 ,judice5‚
1807 3608 1981 3697 haec,
2015 3635 2163 3704 quae
2189 3607 2288 3678 illi
2315 3606 2614 3706 speciosa
2637 3625 2826 3695 sunt,

749 3742 888 3792 tam
919 3721 1204 3792 honesta
1239 3743 1461 3793 essent
1493 3743 1559 3793 et
1587 3721 1797 3793 mihi!
1831 3722 2125 3811 Quoties
2157 3724 2246 3794 ad
2278 3721 2829 3795 infelicissimum

750 3834 1005 3933 respexi
1048 3861 1282 3906 senem
1307 3891 1326 3924 ,
1369 3836 1565 3936 cujus
1602 3838 1893 3909 orbitate
1931 3839 2080 3909 vivo
2104 3896 2123 3927 ‚
2171 3865 2391 3936 quum
2435 3840 2829 3909 confectum

751 3948 1057 4021 cladibus
1081 4007 1099 4038 ‚
1139 3971 1205 4022 et
1246 3971 1513 4022 tantum
1560 3980 1771 4052 poenae
1811 3980 1945 4025 suae
1994 3954 2386 4026 residuum¹
2432 3953 2826 4038 considero,

826 4213 868 4246 r.
898 4196 1067 4247 Poenoe
1087 4214 1187 4248 suoe
1206 4197 1610 4251 residuumvid.
1633 4202 1888 4253 Nostrum
1907 4203 2086 4269 Quint.
2110 4200 2177 4253 ad
2197 4200 2361 4253 Instit.
2384 4197 2584 4262 tib.V1‚
2604 4211 2826 4266 prooem·
