3200 5117
753 578 877 655 254
1252 574 1345 638 Μ.
1394 572 1645 635 FAssu
1692 571 2330 650 Qum'rlmAM

751 699 1048 799 perferre
1082 721 1367 794 possum
1391 692 1663 763 sceleris
1690 692 1797 762 sui
1827 693 2351 791 impatientiam.
2389 710 2404 740 ¹
2428 699 2836 771 Brevissima

752 834 851 884 est
871 810 1140 912 justitia
1164 807 1483 879 vindictae
1500 862 1525 894 ‚
1556 831 1782 903 quum
1809 806 2078 878 facinus
2108 834 2433 880 mensura
2457 838 2674 909 poenae
2697 833 2831 884 est:

753 948 823 998 et
839 926 896 998 si
920 946 1241 997 naturam
1271 919 1549 993 ultionis
1573 919 1932 1017 inspicias,
1956 921 2217 1017 optime
2241 922 2633 995 vindicatur
2650 924 2837 1022 qnis-

754 1069 928 1141 que‚
958 1066 1098 1139 quo
1131 1038 1342 1111 modo
1372 1037 1583 1109 miser
1613 1055 1739 1107 est.
1773 1035 2022 1107 Fidem
2061 1057 2386 1128 vestram,
2412 1039 2716 1137 judices,
2747 1067 2833 1112 ne

756 1159 913 1230 ideo
938 1177 1211 1229 tantum
1237 1153 1494 1252 putetis
1513 1152 1821 1252 justum,
1848 1150 2037 1249 quod
2062 1152 2269 1250 exigit
2296 1179 2488 1241 reus,
2517 1155 2681 1253 quia
2705 1182 2835 1252 ego

756 1299 997 1345 recuso
1024 1298 1039 1342 :
1072 1297 1216 1343 non
1249 1267 1511 1341 ferretis
1545 1292 1660 1338 me
1685 1267 2008 1365 pauperis
2034 1287 2328 1339 mortem
2359 1289 2749 1366 petentem,
2779 1270 2836 1339 si

750 1386 1003 1458 liberos
1043 1412 1201 1457 suos
1242 1380 1628 1455 obtulisset:
1674 1406 1752 1450 ex
1790 1379 2120 1452 omnibus
2156 1401 2390 1452 tamen
2437 1382 2836 1480 quicunque

756 1500 1145 1597 incognita,
1186 1495 1494 1568 inaudita
1541 1495 1721 1593 passi
1759 1515 1952 1582 sunt,
1999 1495 2230 1567 nullos
2263 1496 2392 1567 hac
2423 1497 2574 1595 lege
2617 1498 2836 1596 magis

755 1612 1206 1686 vindicandos
1246 1630 1456 1708 puto,
1498 1635 1713 1706 quam
1754 1635 2055 1705 quorum
2096 1608 2345 1681 liberos
2381 1610 2630 1710 aliquis
2663 1612 2839 1683 occi-

759 1731 883 1805 dit.
914 1730 1110 1820 Quid
1134 1727 1306 1801 mihi
1332 1753 1456 1824 pro
1486 1723 1619 1797 hoc
1656 1724 1970 1815 redditis,
1998 1724 2219 1823 leges?
2239 1726 2360 1797 ubi
2396 1725 2688 1826 respiro?
2716 1726 2837 1797 ubi

757 1846 1007 1921 claudo
1024 1842 1357 1943 gemitus?
1377 1840 1569 1913 unde
1589 1867 1794 1913 sumo
1813 1842 2130 1937 solatium
2145 1842 2172 1911 ?
2187 1845 2396 1933 Bene,
2413 1843 2594 1915 bene
2609 1842 2841 1915 admo-

758 1989 915 2054 ne5‚
951 1962 1185 2034 dolor:
1221 1958 1373 2031 illos
1393 2015 1414 2047 ‚
1444 1956 1597 2028 illos
1621 1956 1816 2028 liceat
1849 1956 2206 2047 invadere,
2237 1959 2360 2057 qui
2396 1986 2584 2030 nunc
2617 1959 2839 2055 magis

760 2096 1110 2163 amantur,
1146 2103 1317 2173 quos
1357 2073 1606 2145 orbitas
1640 2093 1870 2143 nostra
1911 2074 2390 2145 commendat:
2427 2075 2520 2145 sic
2559 2099 2839 2172 quoque

761 2189 1394 2266 circumscribimur
1411 2244 1431 2278 ‚
1456 2188 1583 2259 nisi
1613 2186 1904 2260 totidem
1933 2210 2126 2277 sunt,
2157 2190 2288 2261 nisi
2326 2189 2463 2261 illis
2487 2216 2609 2289 par
2636 2211 2737 2261 est
2762 2216 2838 2261 ac

760 2306 1001 2381 similis
1037 2328 1232 2393 aetas,
1276 2326 1343 2377 et
1379 2325 1536 2376 ante
1580 2303 1823 2374 omnia
1867 2305 2169 2402 optimus
2211 2328 2424 2406 pater.
2461 2309 2839 2406 Deceperas

765 2449 903 2511 me,
927 2423 1241 2509 fortuna,
1266 2420 1632 2517 deceperas
1650 2476 1669 2508 ‚
1699 2418 1755 2490 si
1785 2418 1960 2490 mihi
1986 2440 2127 2492 tam
2158 2421 2418 2520 grande
2441 2422 2711 2494 fecisset
2731 2423 2840 2492 fa·-

762 2537 958 2608 cinus
982 2536 1231 2624 homo,
1262 2534 1381 2632 qui
1413 2534 1662 2605 liberos
1690 2560 1837 2606 non
1861 2534 2164 2606 haberet.

859 2654 982 2723 vl.
1019 2650 1256 2741 Quid?
1281 2650 1476 2749 quod
1507 2677 1589 2723 ex
1615 2651 1939 2723 omnium
1967 2651 2302 2724 scelerum
2334 2651 2837 2749 comparatione

766 2765 945 2839 nihil
993 2788 1093 2839 est
1136 2765 1604 2838 detestabilius
1651 2766 2091 2857 hominibus,
2139 2768 2262 2866 qui
2296 2767 2477 2866 leges
2524 2769 2701 2867 ipsas
2734 2769 2840 2837 fa-

763 2883 959 2955 ciunt
989 2882 1349 2955 nocentes?
1380 2905 1597 2955 vestro
1634 2882 1979 2954 mehercle
2017 2884 2308 2956 nomine
2349 2882 2841 2955 calumnianti-

763 2996 893 3071 bus
925 2998 1185 3070 debetis
1226 2998 1451 3089 irasci,
1496 3025 1800 3096 quorum
1844 2999 2036 3069 nefas
2073 3025 2215 3070 non
2250 3018 2493 3096 potest,
2537 2996 2667 3066 'nisi
2715 3020 2838 3094 per

753 3114 1105 3215 judicium
1120 3173 1139 3205 ,
1164 3116 1435 3187 facinus
1463 3116 1846 3213 imponere.
1873 3119 2125 3186 Actum
2151 3136 2248 3188 est
2268 3115 2351 3186 de
2372 3114 2571 3187 rebus
2590 3112 2840 3184 huma·

766 3231 905 3321 nis,
961 3231 1016 3302 si
1070 3232 1155 3303 de
1205 3231 1615 3302 criminibus
1671 3232 1923 3302 nostris
1976 3232 2413 3303 tantumdem
2462 3228 2840 3303 mendaciis

766 3345 953 3432 licet3
998 3371 1125 3417 nec
1159 3344 1346 3416 ullus
1388 3345 1721 3417 innocens
1762 3345 1902 3417 huc
1939 3372 2158 3444 usque
2200 3346 2362 3418 felix
2407 3363 2537 3434 est,
2569 3365 2651 3415 ut
2681 3342 2843 3413 dili·

773 3459 1015 3557 gemine
1042 3459 1457 3555 fingentium
1488 3485 1613 3557 par
1636 3459 1746 3530 sit.
1769 3459 2312 3558 Quemquamne
2341 3458 2742 3531 mortalium
2770 3457 2841 3527 in

768 3599 869 3661 re,
896 3599 1108 3671 quam
1136 3575 1438 3661 finxerit,
1461 3600 1675 3672 quam
1701 3576 2195 3673 composuerit,
2223 3575 2528 3647 invenire
2552 3570 2837 3670 aliquid,

769 3688 956 3785 quod
998 3708 1216 3786 potest
1254 3687 1733 3786 probationem
1780 3717 2053 3780 vocare,
2096 3711 2160 3763 et
2197 3692 2466 3763 facinus
2512 3687 2842 3786 explicare

842 3895 1219 3947 tenuissima,
1235 3894 1768 3971 Bmiqnissima,Gm-
1846 3896 1886 3946 κ’
1919 3895 2025 3946 ἰθεῖα
2048 3894 2237 3963 γίνοιτο.
2263 3897 2412 3949 Grot.
2436 3896 2501 3948 de
2528 3898 2637 3948 Jur.
2663 3892 2769 3946 Bel.
2796 3905 2846 3943 et

767 3995 889 4027 nov.
916 3974 1059 4044 Quid
1079 3977 1121 4027 si
1144 3975 1314 4047 legas:
1348 3999 1370 4022 ιι
1391 3977 1764 4048 Benignissima
1843 3977 1962 4027 Pac.
1990 3978 2046 4041 1,
2088 3991 2140 4026 ιι
2166 4013 2182 4040 ,
2217 3974 2266 4026 5.
2303 3977 2380 4027 lta
2407 3982 2482 4026 est
2512 3972 2771 4043 absorpsit
2792 3967 2848 4021 «τό

775 4079 797 4103 ιι
821 4069 899 4109 est
927 4069 977 4108 et
997 4058 1208 4124 justitiae
1229 4056 1477 4110 vindicta.
1497 4082 1519 4104 ι
1555 4071 1614 4110 ut
1643 4060 1764 4109 «in-
1842 4065 1894 4105 et
1935 4055 2081 4108 Decl.
2116 4057 2228 4108 ΧΠ.
2269 4055 2374 4107 Ubi
2409 4054 2552 4125 lege:
2598 4052 2847 4105 “Festina

772 4158 797 4182 ιι
815 4137 1061 4187 nocentia
1075 4138 1609 4207 necessitatis‚pectus
1622 4136 1769 4188 odio·
1852 4158 1875 4181 ι
1895 4136 2022 4189 dum
2052 4138 2188 4188 mori
2219 4136 2459 4188 ultimum
2501 4148 2607 4200 est,
2649 4148 2698 4186 et
2732 4133 2843 4183 fru-

772 4236 796 4259 c·
815 4231 959 4279 rum,
980 4226 1080 4265 etc.
1102 4238 1123 4262 n
1149 4213 1496 4267 Rhadamanti
1518 4213 1662 4266 istud
1678 4217 1766 4284 jus
1851 4235 1875 4260 α
1895 4228 2075 4267 mento
2102 4214 2248 4284 digni
2276 4232 2471 4267 sumus,
2495 4238 2517 4260 n·
2545 4211 2847 4264 snum-r.—

769 4291 974 4361 dicitur,
998 4290 1098 4344 Εἵιισ
1124 4289 1292 4353 πείθοι,
1322 4289 1390 4344 ταὶ
1421 4290 1461 4342 κ’
1489 4290 1634 4360 ἔραξε,
1663 4294 1765 4346 Ιίκι
1845 4295 2037 4350 Brevis.
2064 4293 2208 4349 Laid.
2235 4312 2338 4349 sec.
2356 4298 2511 4349 Voss.
2534 4295 2684 4367 prim.
