3200 5117
736 539 1009 628 121cht
1055 537 1272 604 x111.
1317 538 1548 604 APES
1595 533 2078 605 PAUPEms.
2336 537 2461 604 313

360 667 721 760 diderunt,
753 668 965 740 etiam
1008 659 1300 739 deorum
1331 667 1687 766 posteritas
1713 681 1729 711 ¹
1764 664 1893 738 has
1924 664 2151 764 regnis
2180 663 2321 736 suis
2350 689 2468 736 ex-

361 782 576 882 cepit:
619 782 815 854 abest
855 782 1144 854 inimica
1174 781 1511 854 virtutum
1544 780 1861 880 voluptas
1895 780 2092 853 castis
2126 780 2272 855 sine
2312 778 2467 852 labe

360 898 768 998 corporibus
790 927 804 971 :
828 898 992 972 solae
1012 898 1337 972 omnium
1360 924 1504 969 non
1526 897 1750 970 edunt
1762 898 1963 969 foetus
1980 954 1999 988 ,
2021 895 2138 969 sed
2160 895 2463 970 faciunt:

360 1014 524 1113 ipsae
557 1013 924 1113 paullatim
957 1014 1131 1086 sicut
1162 1014 1424 1112 stipatae
1457 1033 1659 1101 sunt,
1695 1040 1819 1113 per
1849 1012 2062 1086 mella
2090 1011 2464 1084 viviscunt:

361 1149 469 1218 et,
509 1150 587 1200 ut
622 1149 928 1227 oportet,
969 1127 1232 1200 animal
1275 1126 1701 1200 laboriosum
1747 1155 1825 1200 ex
1868 1154 2074 1227 opere
2112 1126 2464 1200 nascitur:

362 1242 561 1333 inde,
599 1264 677 1315 ut
717 1242 1015 1316 adolevit
1041 1244 1415 1346 juventus,
1452 1262 1519 1315 et
1559 1243 1647 1315 ad
1691 1242 1952 1316 similes
1995 1243 2267 1316 labores
2310 1264 2469 1316 aetas

361 1360 678 1431 roborata
712 1359 1100 1450 convaluit,
1143 1360 1562 1460 relinquitur
1593 1359 1773 1432 liber
1812 1360 2209 1461 parentibus
2247 1360 2464 1432 locus,

362 1479 452 1548 Et
472 1502 561 1546 ne
588 1500 815 1549 coacta
836 1477 910 1548 in
937 1498 1314 1576 angustum
1336 1476 1717 1561 multitudo
1739 1505 1917 1551 nova
1942 1477 2146 1550 turba
2165 1476 2465 1565 laboret,

335 1590 562 1690 ,quasi
583 1591 834 1663 habita
859 1592 1294 1664 verecundiae
1322 1591 1587 1665 ratione
1612 1649 1631 1683 ,
1663 1593 1846 1665 cedit
1866 1592 2169 1694 populus
2193 1593 2463 1665 minor:

364 1732 924 1805 suspensumque
948 1706 1280 1807 proximis
1305 1706 1510 1779 ramis
1536 1734 1825 1780 examen
1851 1707 2196 1779 humanas
2216 1731 2473 1778 manus

364 1840 749 1917 exspectat:
785 1842 1105 1920 acceptas
1139 1827 1301 1893 cum
1342 1822 1479 1894 fide
1513 1821 1679 1895 colit
1710 1821 1943 1895 sedes:
1992 1843 2061 1895 et
2093 1848 2318 1920 quum
2353 1819 2470 1892 in-

363 1931 570 2031 genia
597 1955 830 2007 nostra
850 1992 869 2024 ,
896 1963 1048 2035 quae
1076 1963 1202 2009 nos
1223 1994 1243 2027 ,
1269 1935 1528 2009 scilicet
1551 1937 1903 2009 ambitiosi
1934 1936 2150 2009 nostri
2176 1935 2473 2007 aestima-

364 2067 579 2139 toreS,
616 2050 935 2150 proxima
970 2051 1223 2124 divinis
1267 2052 1654 2143 credimus,
1689 2054 1776 2125 ad
1813 2051 2291 2153 percipiendas
2328 2051 2471 2122 dis-

365 2164 661 2265 ciplinas
694 2168 915 2240 multo
951 2168 1184 2241 labore
1229 2169 1610 2259 desudent,
1645 2168 1841 2242 nulla
1875 2169 2021 2268 apis
2057 2168 2192 2241 nisi
2230 2166 2475 2239 artifex

367 2283 703 2356 nascitur:
736 2285 910 2383 quid
941 2286 1178 2359 credas
1203 2285 1394 2357 aliud
1414 2343 1433 2377 ,
1462 2313 1679 2385 quam
1704 2286 1956 2358 divinae
1982 2306 2248 2385 partem
2273 2310 2473 2356 men-

361 2396 449 2468 tis
485 2396 591 2469 his
624 2398 879 2471 animis
910 2400 1175 2473 inesse?
1208 2400 1383 2499 quid
1413 2399 1853 2500 praecipuum
1887 2402 2164 2472 referas,

464 2512 689 2583 XVII.
724 2515 881 2585 Non
921 2534 1000 2586 ut
1032 2536 1277 2586 caetera
1314 2513 1654 2586 animalia
1689 2542 1813 2614 per
1845 2535 2079 2613 pastus
2113 2538 2282 2612 vaga
2306 2570 2325 2605 ,
2370 2511 2477 2584 in-

364 2645 636 2696 certum
663 2626 878 2724 quieti
904 2628 1191 2727 capiunt
1214 2627 1469 2717 cubile,
1495 2628 1716 2701 noctis
1741 2628 2027 2702 arbitrio
2052 2653 2329 2727 semper
2353 2625 2477 2698 ha-

365 2741 668 2813 bitatura
689 2800 709 2831 ,
746 2744 865 2815 sed
898 2764 1075 2816 tutas
1107 2744 1302 2817 sedes
1334 2744 1731 2832 continent;
1770 2746 1978 2818 urbes
2010 2744 2242 2835 tectis,
2272 2744 2478 2817 turba

364 2856 669 2955 populos
700 2858 1097 2930 imitantur:
1137 2886 1280 2932 non
1313 2879 1390 2931 ut
1416 2859 1579 2946 fetae
1608 2858 1919 2932 volucres
1942 2917 1961 2951 ,
1991 2887 2137 2932 non
2168 2886 2476 2958 praesen-

364 2972 449 3044 tis
475 2973 686 3046 modo
708 2973 844 3045 cibi
862 3001 1242 3066 memoreS,
1261 2975 1335 3046 in
1352 2974 1544 3047 diem
1561 2974 1840 3047 vivunt:
1864 2975 2235 3048 duraturus
2254 2974 2474 3046 hiemi

368 3089 733 3189 reponitur
766 3090 1023 3182 victuS,
1056 3112 1124 3163 et
1154 3090 1433 3190 repletis
1459 3117 1617 3164 vere
1648 3089 1838 3164 cellis
1864 3075 2055 3164 tutus
2082 3115 2311 3162 annus
2341 3110 2473 3162 est:

366 3206 574 3278 etiam
619 3235 847 3305 quum
890 3206 978 3279 ad
1032 3208 1383 3281 humanos
1424 3234 1590 3280 usus
1639 3235 1848 3307 opera
1889 3207 2229 3279 subducta
2279 3227 2477 3296 sunt,

372 3345 685 3418 reparare
712 3323 962 3394 amissa
978 3325 1417 3397 contendunt
1432 3381 1451 3415 ,
1474 3343 1540 3394 et
1556 3323 1754 3396 labor
1773 3322 2035 3395 damno
2055 3320 2477 3413 incenditur,

370 3454 440 3506 et
476 3461 847 3533 nunquam
898 3436 1129 3510 deficit
1168 3439 1446 3511 animus
1488 3461 1682 3529 ante,
1725 3465 1940 3536 quam
1987 3436 2203 3509 locuS.
2239 3436 2481 3528 Quid?

369 3550 559 3647 quod
590 3548 769 3622 inter
799 3551 1167 3644 animalia,
1204 3582 1356 3651 quae
1399 3582 1542 3628 non
1576 3554 1785 3628 verba
1817 3551 2294 3654 conjungunt,
2333 3578 2479 3624 non

368 3667 575 3739 verba
600 3666 881 3740 rationis
908 3668 1210 3741 invicem
1242 3692 1503 3770 negant
1522 3685 1574 3762 ²,
1599 3690 1829 3744 tantus
1854 3670 2083 3770 operis
2110 3695 2482 3743 consensus

451 3893 495 3927 1.
520 3876 753 3930 Deorum
769 3880 1058 3949 posteritas.
1082 3879 1201 3932 Huc
1224 3880 1386 3934 refert
1463 3879 1732 3952 Apollinis
1769 3880 1937 3947 filine,
1972 3893 2026 3933 et
2055 3881 2256 3951 primus
2300 3879 2482 3950 apium

369 3955 566 4008 Badius
590 3953 677 4007 illa
709 3957 892 4029 virgil.
922 3960 1011 4024 IV,
1048 3959 1142 4013 152
1164 3982 1175 4010 :
1219 3983 1241 4006 ιι
1261 3961 1386 4014 Dic·
1465 3972 1520 4011 et
1535 3960 1703 4012 mellis
1719 3979 1874 4013 usum
1894 3961 2183 4025 invenisse,
2199 3959 2339 4010 etita
2354 3974 2482 4028 apes

376 4058 399 4081 ιι
419 4049 518 4087 taeo
534 4034 829 4106 caeliregem
849 4056 1041 4107 pavere
1056 4037 1156 4090 suh
1167 4051 1340 4090 antro.
1359 4061 1381 4085 υ
1468 4041 1645 4109 regnis
1657 4041 1765 4092 suis
1778 4040 2065 4110 excepisse,
2077 4050 2348 4107 tamquam
2359 4035 2503 4091 hos·-

367 4117 502 4184 Quo
528 4117 656 4188 quid
683 4116 792 4170 huc
830 4120 1032 4171 faciant
1059 4138 1171 4172 non
1213 4119 1386 4172 video.
1467 4122 1633 4191 pita,
1657 4120 1885 4172 dicitur?
1904 4117 2040 4171 Vide
2063 4119 2257 4171 sustin.
2288 4117 2402 4182 XV,
2428 4133 2481 4186 7;

368 4199 483 4249 Nec
517 4208 695 4248 tamen
730 4216 891 4271 quam
930 4198 1170 4251 fabulam
1201 4201 1390 4253 innuat
1467 4213 1524 4253 et
1544 4200 1727 4271 Vir-gil.
1754 4200 1948 4272 Geor-g.
1978 4201 2068 4266 IV,
2094 4200 2216 4270 3¹7·
2240 4199 2408 4250 Bona.

370 4277 495 4327 satis
549 4275 788 4348 intelligo
817 4299 829 4329 ε
882 4294 951 4330 an
1004 4279 1241 4346 Aristaei,
1295 4279 1390 4351 qui
1545 4298 1593 4333 a.
1636 4282 1763 4334 Non
1807 4280 1956 4333 verba
1999 4277 2218 4332 rationis
2259 4276 2483 4330 invicem
