<?xml version="1.0" encoding="UTF-8"?>
<!DOCTYPE html PUBLIC "-//W3C//DTD XHTML 1.0 Transitional//EN"
    "http://www.w3.org/TR/xhtml1/DTD/xhtml1-transitional.dtd">
<html xmlns="http://www.w3.org/1999/xhtml" xml:lang="en" lang="en">
 <head>
  <title>
</title>
<meta http-equiv="Content-Type" content="text/html;charset=utf-8" />
  <meta name='ocr-system' content='tesseract 3.04.00' />
  <meta name='ocr-capabilities' content='ocr_page ocr_carea ocr_par ocr_line ocrx_word'/>
</head>
<body>
  <div class='ocr_page' id='page_1' title='image "./deinstitutioneo01flacgoog_0052.png"; bbox 0 0 3200 5117; ppageno 0'>
   <div class='ocr_carea' id='block_1_1' title="bbox 825 471 2389 585">
    <p class='ocr_par' dir='ltr' id='par_1_1' title="bbox 825 471 2389 585">
     <span class='ocr_line' id='line_1_1' title="bbox 825 471 2389 585; baseline -0.001 -16"><span class='ocrx_word' id='word_1_1' title='bbox 825 506 863 569; x_wconf 87' lang='lat'>8</span> <span class='ocrx_word' id='word_1_2' title='bbox 1170 471 1173 474; x_wconf 68' lang='grc'><strong>’</strong></span> <span class='ocrx_word' id='word_1_3' title='bbox 1321 505 1411 567; x_wconf 85' lang='grc' dir='ltr'><strong>Μ.</strong></span> <span class='ocrx_word' id='word_1_4' title='bbox 1460 504 1706 568; x_wconf 76' lang='lat' dir='ltr'><strong>rAssu</strong></span> <span class='ocrx_word' id='word_1_5' title='bbox 1753 501 2389 585; x_wconf 75' lang='lat' dir='ltr'>QUINTILIANI</span> 
     </span>
    </p>
   </div>
   <div class='ocr_carea' id='block_1_2' title="bbox 824 625 2974 2541">
    <p class='ocr_par' dir='ltr' id='par_1_2' title="bbox 824 625 2974 2541">
     <span class='ocr_line' id='line_1_2' title="bbox 824 625 2886 724; baseline 0 -28"><span class='ocrx_word' id='word_1_6' title='bbox 824 625 1003 698; x_wconf 87' lang='lat' dir='ltr'><strong>latus</strong></span> <span class='ocrx_word' id='word_1_7' title='bbox 1030 625 1281 698; x_wconf 88' lang='lat' dir='ltr'><strong>habuit</strong></span> <span class='ocrx_word' id='word_1_8' title='bbox 1313 647 1502 697; x_wconf 90' lang='lat' dir='ltr'><strong>notas</strong></span> <span class='ocrx_word' id='word_1_9' title='bbox 1533 626 1921 722; x_wconf 77' lang='lat' dir='ltr'><strong>sanguinis,</strong></span> <span class='ocrx_word' id='word_1_10' title='bbox 1969 651 2138 724; x_wconf 86' lang='lat' dir='ltr'><strong>quas</strong></span> <span class='ocrx_word' id='word_1_11' title='bbox 2175 628 2523 723; x_wconf 84' lang='lat' dir='ltr'>reliquisse</span> <span class='ocrx_word' id='word_1_12' title='bbox 2554 627 2886 698; x_wconf 83' lang='lat' dir='ltr'><strong>videretur</strong></span> 
     </span>
     <span class='ocr_line' id='line_1_3' title="bbox 826 738 2882 838; baseline -0.001 -26"><span class='ocrx_word' id='word_1_13' title='bbox 826 767 1076 812; x_wconf 87' lang='lat' dir='ltr'><strong>manus</strong></span> <span class='ocrx_word' id='word_1_14' title='bbox 1100 741 1509 811; x_wconf 86' lang='lat' dir='ltr'><strong>revertentis.</strong></span> <span class='ocrx_word' id='word_1_15' title='bbox 1534 741 1601 811; x_wconf 89' lang='lat' dir='ltr'>O</span> <span class='ocrx_word' id='word_1_16' title='bbox 1623 767 1836 837; x_wconf 91' lang='lat' dir='ltr'><strong>quam</strong></span> <span class='ocrx_word' id='word_1_17' title='bbox 1864 738 2063 827; x_wconf 91' lang='lat' dir='ltr'><strong>bene,</strong></span> <span class='ocrx_word' id='word_1_18' title='bbox 2085 741 2427 838; x_wconf 86' lang='lat' dir='ltr'><strong>quidquid</strong></span> <span class='ocrx_word' id='word_1_19' title='bbox 2444 740 2706 827; x_wconf 82' lang='lat' dir='ltr'><strong>volunt,</strong></span> <span class='ocrx_word' id='word_1_20' title='bbox 2732 741 2882 812; x_wconf 90' lang='lat' dir='ltr'><strong>imi-</strong></span> 
     </span>
     <span class='ocr_line' id='line_1_4' title="bbox 826 854 2887 953; baseline -0.001 -28"><span class='ocrx_word' id='word_1_21' title='bbox 826 877 1062 926; x_wconf 87' lang='lat' dir='ltr'><strong>tantur</strong></span> <span class='ocrx_word' id='word_1_22' title='bbox 1084 855 1296 926; x_wconf 91' lang='lat' dir='ltr'><strong>oculi!</strong></span> <span class='ocrx_word' id='word_1_23' title='bbox 1331 862 1616 953; x_wconf 68' lang='lat' dir='ltr'><strong>&gt;&#39;tupeo,</strong></span> <span class='ocrx_word' id='word_1_24' title='bbox 1642 855 1695 924; x_wconf 90' lang='lat' dir='ltr'><strong>si</strong></span> <span class='ocrx_word' id='word_1_25' title='bbox 1722 882 1859 952; x_wconf 88' lang='lat' dir='ltr'><strong>qua</strong></span> <span class='ocrx_word' id='word_1_26' title='bbox 1889 875 1985 925; x_wconf 89' lang='lat' dir='ltr'><strong>est</strong></span> <span class='ocrx_word' id='word_1_27' title='bbox 2015 854 2211 942; x_wconf 84' lang='lat' dir='ltr'><strong>fides,</strong></span> <span class='ocrx_word' id='word_1_28' title='bbox 2238 854 2476 924; x_wconf 89' lang='lat' dir='ltr'><strong>omnia</strong></span> <span class='ocrx_word' id='word_1_29' title='bbox 2500 854 2887 952; x_wconf 75' lang='lat' dir='ltr'><strong>privignum</strong></span> 
     </span>
     <span class='ocr_line' id='line_1_5' title="bbox 832 966 2890 1065; baseline -0.001 -27"><span class='ocrx_word' id='word_1_30' title='bbox 832 969 948 1040; x_wconf 88' lang='lat' dir='ltr'><strong>illa</strong></span> <span class='ocrx_word' id='word_1_31' title='bbox 972 990 1169 1039; x_wconf 89' lang='lat' dir='ltr'><strong>nocte</strong></span> <span class='ocrx_word' id='word_1_32' title='bbox 1193 969 1450 1039; x_wconf 90' lang='lat' dir='ltr'><strong>fecisse.</strong></span> <span class='ocrx_word' id='word_1_33' title='bbox 1484 968 1752 1039; x_wconf 83' lang='lat' dir='ltr'>Dicitur</span> <span class='ocrx_word' id='word_1_34' title='bbox 1776 968 1863 1038; x_wconf 92' lang='lat' dir='ltr'><strong>ad</strong></span> <span class='ocrx_word' id='word_1_35' title='bbox 1884 988 2122 1038; x_wconf 82' lang='lat' dir='ltr'><strong>votum</strong></span> <span class='ocrx_word' id='word_1_36' title='bbox 2146 970 2464 1039; x_wconf 83' lang='lat' dir='ltr'><strong>Novercae</strong></span> <span class='ocrx_word' id='word_1_37' title='bbox 2489 966 2796 1065; x_wconf 80' lang='lat' dir='ltr'><strong>gladium</strong></span> <span class='ocrx_word' id='word_1_38' title='bbox 2824 971 2890 1036; x_wconf 90' lang='lat' dir='ltr'><strong>in</strong></span> 
     </span>
     <span class='ocr_line' id='line_1_6' title="bbox 833 1081 2896 1180; baseline -0 -28"><span class='ocrx_word' id='word_1_39' title='bbox 833 1084 1113 1155; x_wconf 85' lang='lat' dir='ltr'><strong>vulnere</strong></span> <span class='ocrx_word' id='word_1_40' title='bbox 1136 1083 1551 1180; x_wconf 89' lang='lat' dir='ltr'><strong>reliquisse¹‚</strong></span> <span class='ocrx_word' id='word_1_41' title='bbox 1587 1109 1796 1180; x_wconf 90' lang='lat' dir='ltr'><strong>quem</strong></span> <span class='ocrx_word' id='word_1_42' title='bbox 1823 1109 2028 1151; x_wconf 91' lang='lat' dir='ltr'><strong>suum</strong></span> <span class='ocrx_word' id='word_1_43' title='bbox 2058 1109 2304 1178; x_wconf 81' lang='lat' dir='ltr'><strong>negare</strong></span> <span class='ocrx_word' id='word_1_44' title='bbox 2334 1109 2474 1153; x_wconf 91' lang='lat' dir='ltr'><strong>non</strong></span> <span class='ocrx_word' id='word_1_45' title='bbox 2498 1101 2749 1180; x_wconf 82' lang='lat' dir='ltr'><strong>posset3</strong></span> <span class='ocrx_word' id='word_1_46' title='bbox 2780 1081 2896 1151; x_wconf 88' lang='lat' dir='ltr'><strong>de-</strong></span> 
     </span>
     <span class='ocr_line' id='line_1_7' title="bbox 835 1195 2894 1294; baseline -0.001 -28"><span class='ocrx_word' id='word_1_47' title='bbox 835 1195 997 1268; x_wconf 90' lang='lat' dir='ltr'><strong>inde</strong></span> <span class='ocrx_word' id='word_1_48' title='bbox 1028 1223 1149 1294; x_wconf 89' lang='lat' dir='ltr'><strong>per</strong></span> <span class='ocrx_word' id='word_1_49' title='bbox 1180 1218 1400 1267; x_wconf 90' lang='lat' dir='ltr'><strong>totum</strong></span> <span class='ocrx_word' id='word_1_50' title='bbox 1435 1196 1768 1294; x_wconf 88' lang='lat' dir='ltr'><strong>parietem</strong></span> <span class='ocrx_word' id='word_1_51' title='bbox 1806 1195 1973 1290; x_wconf 85' lang='lat' dir='ltr'><strong>quid</strong></span> <span class='ocrx_word' id='word_1_52' title='bbox 1996 1195 2183 1266; x_wconf 87' lang='lat' dir='ltr'><strong>aliud</strong></span> <span class='ocrx_word' id='word_1_53' title='bbox 2219 1197 2665 1293; x_wconf 78' lang='lat' dir='ltr'><strong>inscripsisse,</strong></span> <span class='ocrx_word' id='word_1_54' title='bbox 2691 1220 2894 1290; x_wconf 88' lang='lat' dir='ltr'><strong>quam</strong></span> 
     </span>
     <span class='ocr_line' id='line_1_8' title="bbox 837 1308 2974 1412; baseline -0.002 -32"><span class='ocrx_word' id='word_1_55' title='bbox 837 1338 905 1381; x_wconf 90' lang='lat' dir='ltr'><strong>se</strong></span> <span class='ocrx_word' id='word_1_56' title='bbox 947 1309 1352 1407; x_wconf 86' lang='lat' dir='ltr'><strong>parricidam</strong></span> <span class='ocrx_word' id='word_1_57' title='bbox 1396 1309 1808 1412; x_wconf 78' lang='lat' dir='ltr'><strong>sanguinem</strong></span> <span class='ocrx_word' id='word_1_58' title='bbox 1851 1310 2060 1406; x_wconf 87' lang='lat' dir='ltr'><strong>patris</strong></span> <span class='ocrx_word' id='word_1_59' title='bbox 2107 1337 2324 1407; x_wconf 87' lang='lat' dir='ltr'><strong>usque</strong></span> <span class='ocrx_word' id='word_1_60' title='bbox 2370 1311 2454 1380; x_wconf 89' lang='lat' dir='ltr'><strong>ad</strong></span> <span class='ocrx_word' id='word_1_61' title='bbox 2503 1308 2902 1380; x_wconf 77' lang='lat' dir='ltr'><strong>cubiculum</strong></span> <span class='ocrx_word' id='word_1_62' title='bbox 2967 1365 2974 1375; x_wconf 90' lang='lat'><strong>.</strong></span> 
     </span>
     <span class='ocr_line' id='line_1_9' title="bbox 839 1421 2902 1519; baseline 0 -26"><span class='ocrx_word' id='word_1_63' title='bbox 839 1450 1045 1494; x_wconf 87' lang='lat' dir='ltr'><strong>suum</strong></span> <span class='ocrx_word' id='word_1_64' title='bbox 1082 1422 1502 1519; x_wconf 87' lang='lat' dir='ltr'><strong>perduxisse,</strong></span> <span class='ocrx_word' id='word_1_65' title='bbox 1538 1443 1604 1493; x_wconf 89' lang='lat' dir='ltr'><strong>et</strong></span> <span class='ocrx_word' id='word_1_66' title='bbox 1633 1421 1814 1491; x_wconf 84' lang='lat' dir='ltr'><strong>viam</strong></span> <span class='ocrx_word' id='word_1_67' title='bbox 1848 1423 2292 1516; x_wconf 75' lang='lat' dir='ltr'><strong>sequentibus</strong></span> <span class='ocrx_word' id='word_1_68' title='bbox 2327 1421 2714 1517; x_wconf 85' lang='lat' dir='ltr'><strong>reliquisse?</strong></span> <span class='ocrx_word' id='word_1_69' title='bbox 2754 1424 2902 1493; x_wconf 90' lang='lat' dir='ltr'><strong>Hoc</strong></span> 
     </span>
     <span class='ocr_line' id='line_1_10' title="bbox 838 1536 2903 1634; baseline 0 -28"><span class='ocrx_word' id='word_1_70' title='bbox 838 1538 996 1611; x_wconf 88' lang='lat' dir='ltr'><strong>fecit</strong></span> <span class='ocrx_word' id='word_1_71' title='bbox 1018 1537 1265 1633; x_wconf 87' lang='lat' dir='ltr'><strong>aliquis</strong></span> <span class='ocrx_word' id='word_1_72' title='bbox 1287 1536 1698 1632; x_wconf 78' lang='lat' dir='ltr'><strong>negaturus?</strong></span> <span class='ocrx_word' id='word_1_73' title='bbox 1720 1536 2042 1605; x_wconf 80' lang='lat' dir='ltr'><strong>Gratulor</strong></span> <span class='ocrx_word' id='word_1_74' title='bbox 2066 1536 2217 1634; x_wconf 79' lang='lat' dir='ltr'><strong>tibi,</strong></span> <span class='ocrx_word' id='word_1_75' title='bbox 2244 1537 2665 1623; x_wconf 81' lang='lat' dir='ltr'><strong>adolescens,</strong></span> <span class='ocrx_word' id='word_1_76' title='bbox 2687 1537 2903 1608; x_wconf 80' lang='lat' dir='ltr'><strong>sinon</strong></span> 
     </span>
     <span class='ocr_line' id='line_1_11' title="bbox 843 1649 2907 1750; baseline -0 -29"><span class='ocrx_word' id='word_1_77' title='bbox 843 1651 1119 1750; x_wconf 89' lang='lat' dir='ltr'><strong>potuisti</strong></span> <span class='ocrx_word' id='word_1_78' title='bbox 1144 1650 1594 1750; x_wconf 84' lang='lat' dir='ltr'><strong>parricidium</strong></span> <span class='ocrx_word' id='word_1_79' title='bbox 1624 1649 1795 1720; x_wconf 90' lang='lat' dir='ltr'><strong>illud</strong></span> <span class='ocrx_word' id='word_1_80' title='bbox 1816 1650 2176 1722; x_wconf 86' lang='lat' dir='ltr'><strong>admittere</strong></span> <span class='ocrx_word' id='word_1_81' title='bbox 2192 1708 2210 1738; x_wconf 92' lang='lat'><strong>,</strong></span> <span class='ocrx_word' id='word_1_82' title='bbox 2237 1651 2366 1721; x_wconf 89' lang='lat' dir='ltr'><strong>nisi</strong></span> <span class='ocrx_word' id='word_1_83' title='bbox 2396 1673 2470 1722; x_wconf 91' lang='lat' dir='ltr'><strong>ut</strong></span> <span class='ocrx_word' id='word_1_84' title='bbox 2493 1650 2907 1745; x_wconf 77' lang='lat' dir='ltr'><strong>relinqueres</strong></span> 
     </span>
     <span class='ocr_line' id='line_1_12' title="bbox 847 1762 2912 1861; baseline -0.001 -27"><span class='ocrx_word' id='word_1_85' title='bbox 847 1782 1332 1861; x_wconf 77' lang='lat' dir='ltr'><strong>argumentum</strong></span> <span class='ocrx_word' id='word_1_86' title='bbox 1374 1762 1723 1833; x_wconf 82' lang='lat' dir='ltr'><strong>caecitatis:</strong></span> <span class='ocrx_word' id='word_1_87' title='bbox 1765 1762 2064 1832; x_wconf 86' lang='lat' dir='ltr'><strong>habuisti</strong></span> <span class='ocrx_word' id='word_1_88' title='bbox 2103 1763 2508 1834; x_wconf 65' lang='lat' dir='ltr'><strong>innocentiae</strong></span> <span class='ocrx_word' id='word_1_89' title='bbox 2549 1763 2912 1834; x_wconf 89' lang='lat' dir='ltr'><strong>necessita-</strong></span> 
     </span>
     <span class='ocr_line' id='line_1_13' title="bbox 843 1876 2910 1974; baseline 0 -27"><span class='ocrx_word' id='word_1_90' title='bbox 843 1898 1008 1947; x_wconf 88' lang='lat' dir='ltr'><strong>tem.</strong></span> <span class='ocrx_word' id='word_1_91' title='bbox 1059 1879 1356 1948; x_wconf 87' lang='lat' dir='ltr'><strong>Causam</strong></span> <span class='ocrx_word' id='word_1_92' title='bbox 1403 1876 1612 1972; x_wconf 76' lang='lat' dir='ltr'><strong>igitur</strong></span> <span class='ocrx_word' id='word_1_93' title='bbox 1661 1876 2022 1947; x_wconf 87' lang='lat' dir='ltr'><strong>miserrimi</strong></span> <span class='ocrx_word' id='word_1_94' title='bbox 2073 1876 2518 1947; x_wconf 87' lang='lat' dir='ltr'><strong>adolescentis</strong></span> <span class='ocrx_word' id='word_1_95' title='bbox 2576 1877 2668 1946; x_wconf 91' lang='lat' dir='ltr'><strong>sic</strong></span> <span class='ocrx_word' id='word_1_96' title='bbox 2726 1876 2910 1974; x_wconf 85' lang='lat' dir='ltr'><strong>apud</strong></span> 
     </span>
     <span class='ocr_line' id='line_1_14' title="bbox 843 1989 2910 2087; baseline 0 -26"><span class='ocrx_word' id='word_1_97' title='bbox 843 2016 961 2061; x_wconf 83' lang='lat' dir='ltr'><strong>vos</strong></span> <span class='ocrx_word' id='word_1_98' title='bbox 986 2017 1183 2087; x_wconf 73' lang='lat' dir='ltr'><strong>agere</strong></span> <span class='ocrx_word' id='word_1_99' title='bbox 1210 1990 1565 2087; x_wconf 86' lang='lat' dir='ltr'><strong>proposui,</strong></span> <span class='ocrx_word' id='word_1_100' title='bbox 1597 2010 1672 2059; x_wconf 89' lang='lat' dir='ltr'><strong>ut</strong></span> <span class='ocrx_word' id='word_1_101' title='bbox 1701 1990 2008 2086; x_wconf 87' lang='lat' dir='ltr'><strong>primum</strong></span> <span class='ocrx_word' id='word_1_102' title='bbox 2036 1990 2261 2087; x_wconf 90' lang='lat' dir='ltr'><strong>ipsum</strong></span> <span class='ocrx_word' id='word_1_103' title='bbox 2291 1989 2688 2078; x_wconf 84' lang='lat' dir='ltr'><strong>defendam,</strong></span> <span class='ocrx_word' id='word_1_104' title='bbox 2714 1991 2910 2087; x_wconf 86' lang='lat' dir='ltr'><strong>quasi</strong></span> 
     </span>
     <span class='ocr_line' id='line_1_15' title="bbox 851 2101 2915 2202; baseline 0 -29"><span class='ocrx_word' id='word_1_105' title='bbox 851 2130 1005 2174; x_wconf 88' lang='lat' dir='ltr'><strong>reus</strong></span> <span class='ocrx_word' id='word_1_106' title='bbox 1030 2123 1300 2173; x_wconf 89' lang='lat' dir='ltr'><strong>tantum</strong></span> <span class='ocrx_word' id='word_1_107' title='bbox 1325 2102 1445 2174; x_wconf 84' lang='lat' dir='ltr'><strong>sit:</strong></span> <span class='ocrx_word' id='word_1_108' title='bbox 1485 2101 1738 2174; x_wconf 86' lang='lat' dir='ltr'><strong>deinde</strong></span> <span class='ocrx_word' id='word_1_109' title='bbox 1758 2128 1977 2199; x_wconf 86' lang='lat' dir='ltr'><strong>quum</strong></span> <span class='ocrx_word' id='word_1_110' title='bbox 2006 2129 2146 2173; x_wconf 81' lang='lat' dir='ltr'><strong>esse</strong></span> <span class='ocrx_word' id='word_1_111' title='bbox 2177 2130 2451 2173; x_wconf 88' lang='lat' dir='ltr'><strong>securus</strong></span> <span class='ocrx_word' id='word_1_112' title='bbox 2473 2102 2557 2172; x_wconf 87' lang='lat' dir='ltr'><strong>de</strong></span> <span class='ocrx_word' id='word_1_113' title='bbox 2579 2104 2788 2202; x_wconf 84' lang='lat' dir='ltr'><strong>hujus</strong></span> <span class='ocrx_word' id='word_1_114' title='bbox 2816 2104 2915 2173; x_wconf 86' lang='lat' dir='ltr'><strong>in·</strong></span> 
     </span>
     <span class='ocr_line' id='line_1_16' title="bbox 852 2214 2913 2311; baseline 0 -25"><span class='ocrx_word' id='word_1_115' title='bbox 852 2216 1173 2286; x_wconf 87' lang='lat' dir='ltr'><strong>nocentia</strong></span> <span class='ocrx_word' id='word_1_116' title='bbox 1196 2241 1453 2311; x_wconf 87' lang='lat' dir='ltr'><strong>coepero</strong></span> <span class='ocrx_word' id='word_1_117' title='bbox 1468 2270 1486 2302; x_wconf 86' lang='lat'><strong>,</strong></span> <span class='ocrx_word' id='word_1_118' title='bbox 1508 2235 1673 2288; x_wconf 86' lang='lat' dir='ltr'><strong>tunc</strong></span> <span class='ocrx_word' id='word_1_119' title='bbox 1695 2214 2034 2311; x_wconf 80' lang='lat' dir='ltr'><strong>ingrediar</strong></span> <span class='ocrx_word' id='word_1_120' title='bbox 2051 2219 2367 2286; x_wconf 84' lang='lat' dir='ltr'><strong>Novercae</strong></span> <span class='ocrx_word' id='word_1_121' title='bbox 2387 2216 2913 2287; x_wconf 83' lang='lat' dir='ltr'><strong>accusationem.</strong></span> 
     </span>
     <span class='ocr_line' id='line_1_17' title="bbox 853 2328 2916 2428; baseline 0 -28"><span class='ocrx_word' id='word_1_122' title='bbox 853 2328 1256 2428; x_wconf 89' lang='lat' dir='ltr'><strong>Spectabitis</strong></span> <span class='ocrx_word' id='word_1_123' title='bbox 1298 2348 1669 2425; x_wconf 89' lang='lat' dir='ltr'><strong>utrumque</strong></span> <span class='ocrx_word' id='word_1_124' title='bbox 1706 2330 1846 2400; x_wconf 88' lang='lat' dir='ltr'><strong>suis</strong></span> <span class='ocrx_word' id='word_1_125' title='bbox 1888 2331 2226 2416; x_wconf 74' lang='lat' dir='ltr'><strong>moribuS,</strong></span> <span class='ocrx_word' id='word_1_126' title='bbox 2260 2330 2396 2401; x_wconf 87' lang='lat' dir='ltr'><strong>suis</strong></span> <span class='ocrx_word' id='word_1_127' title='bbox 2429 2330 2710 2416; x_wconf 78' lang='lat' dir='ltr'><strong>caussis3</strong></span> <span class='ocrx_word' id='word_1_128' title='bbox 2750 2330 2916 2401; x_wconf 87' lang='lat' dir='ltr'><strong>erit-</strong></span> 
     </span>
     <span class='ocr_line' id='line_1_18' title="bbox 854 2441 2922 2541; baseline 0 -29"><span class='ocrx_word' id='word_1_129' title='bbox 854 2469 989 2540; x_wconf 89' lang='lat' dir='ltr'><strong>que</strong></span> <span class='ocrx_word' id='word_1_130' title='bbox 1023 2441 1285 2513; x_wconf 84' lang='lat' dir='ltr'><strong>facilior</strong></span> <span class='ocrx_word' id='word_1_131' title='bbox 1307 2441 1414 2513; x_wconf 88' lang='lat' dir='ltr'><strong>via</strong></span> <span class='ocrx_word' id='word_1_132' title='bbox 1441 2463 1670 2512; x_wconf 85' lang='lat' dir='ltr'><strong>vestrae</strong></span> <span class='ocrx_word' id='word_1_133' title='bbox 1703 2441 2112 2537; x_wconf 76' lang='lat' dir='ltr'><strong>religionis2.</strong></span> <span class='ocrx_word' id='word_1_134' title='bbox 2141 2441 2594 2540; x_wconf 84' lang='lat' dir='ltr'><strong>Quamquam</strong></span> <span class='ocrx_word' id='word_1_135' title='bbox 2619 2442 2789 2513; x_wconf 90' lang='lat' dir='ltr'><strong>duos</strong></span> <span class='ocrx_word' id='word_1_136' title='bbox 2797 2442 2922 2541; x_wconf 86' lang='lat' dir='ltr'><strong>ju-</strong></span> 
     </span>
    </p>
   </div>
   <div class='ocr_carea' id='block_1_3' title="bbox 857 2551 2919 2768">
    <p class='ocr_par' dir='ltr' id='par_1_3' title="bbox 857 2551 2919 2768">
     <span class='ocr_line' id='line_1_19' title="bbox 858 2551 2919 2654; baseline 0 -28"><span class='ocrx_word' id='word_1_137' title='bbox 858 2556 1039 2628; x_wconf 90' lang='lat' dir='ltr'><strong>dicia</strong></span> <span class='ocrx_word' id='word_1_138' title='bbox 1077 2555 1426 2654; x_wconf 86' lang='lat' dir='ltr'><strong>complexa</strong></span> <span class='ocrx_word' id='word_1_139' title='bbox 1464 2576 1654 2644; x_wconf 92' lang='lat' dir='ltr'><strong>sunt,</strong></span> <span class='ocrx_word' id='word_1_140' title='bbox 1699 2582 1813 2625; x_wconf 84' lang='lat' dir='ltr'><strong>vos</strong></span> <span class='ocrx_word' id='word_1_141' title='bbox 1850 2551 2458 2654; x_wconf 36' lang='lat' dir='ltr'><strong>tamen‘tanquam</strong></span> <span class='ocrx_word' id='word_1_142' title='bbox 2504 2558 2588 2629; x_wconf 90' lang='lat' dir='ltr'><strong>de</strong></span> <span class='ocrx_word' id='word_1_143' title='bbox 2631 2556 2919 2654; x_wconf 77' lang='lat' dir='ltr'><strong>singulis</strong></span> 
     </span>
     <span class='ocr_line' id='line_1_20' title="bbox 857 2671 1324 2768; baseline 0.004 -28"><span class='ocrx_word' id='word_1_144' title='bbox 857 2671 1324 2768; x_wconf 79' lang='lat' dir='ltr'><strong>cognoveritis.</strong></span> 
     </span>
    </p>
   </div>
   <div class='ocr_carea' id='block_1_4' title="bbox 859 2788 2925 3110">
    <p class='ocr_par' dir='ltr' id='par_1_4' title="bbox 859 2788 2925 3110">
     <span class='ocr_line' id='line_1_21' title="bbox 954 2788 2924 2888; baseline 0.002 -32"><span class='ocrx_word' id='word_1_145' title='bbox 954 2788 1075 2857; x_wconf 85' lang='lat' dir='ltr'><strong>VI.</strong></span> <span class='ocrx_word' id='word_1_146' title='bbox 1119 2790 1206 2858; x_wconf 89' lang='lat' dir='ltr'><strong>Et</strong></span> <span class='ocrx_word' id='word_1_147' title='bbox 1251 2788 1560 2886; x_wconf 88' lang='lat' dir='ltr'><strong>primum</strong></span> <span class='ocrx_word' id='word_1_148' title='bbox 1600 2789 1693 2858; x_wconf 84' lang='lat' dir='ltr'><strong>sic</strong></span> <span class='ocrx_word' id='word_1_149' title='bbox 1728 2815 1961 2885; x_wconf 77' lang='lat' dir='ltr'><strong>agam,</strong></span> <span class='ocrx_word' id='word_1_150' title='bbox 2008 2809 2338 2886; x_wconf 87' lang='lat' dir='ltr'><strong>tanquam</strong></span> <span class='ocrx_word' id='word_1_151' title='bbox 2363 2789 2639 2888; x_wconf 85' lang='lat' dir='ltr'><strong>juvenis</strong></span> <span class='ocrx_word' id='word_1_152' title='bbox 2674 2788 2924 2860; x_wconf 85' lang='lat' dir='ltr'><strong>habeat</strong></span> 
     </span>
     <span class='ocr_line' id='line_1_22' title="bbox 861 2899 2923 3004; baseline 0 -34"><span class='ocrx_word' id='word_1_153' title='bbox 861 2899 1123 2988; x_wconf 91' lang='lat' dir='ltr'><strong>oculos,</strong></span> <span class='ocrx_word' id='word_1_154' title='bbox 1155 2921 1485 2998; x_wconf 90' lang='lat' dir='ltr'><strong>tanquam</strong></span> <span class='ocrx_word' id='word_1_155' title='bbox 1514 2900 1809 2997; x_wconf 89' lang='lat' dir='ltr'><strong>impetus</strong></span> <span class='ocrx_word' id='word_1_156' title='bbox 1841 2901 1986 2999; x_wconf 86' lang='lat' dir='ltr'><strong>ejus</strong></span> <span class='ocrx_word' id='word_1_157' title='bbox 2020 2901 2212 2971; x_wconf 87' lang='lat' dir='ltr'><strong>nulla</strong></span> <span class='ocrx_word' id='word_1_158' title='bbox 2246 2902 2541 3004; x_wconf 91' lang='lat' dir='ltr'><strong>corporis</strong></span> <span class='ocrx_word' id='word_1_159' title='bbox 2576 2902 2923 2974; x_wconf 85' lang='lat' dir='ltr'><strong>debilitate</strong></span> 
     </span>
     <span class='ocr_line' id='line_1_23' title="bbox 859 3012 2925 3110; baseline -0.001 -25"><span class='ocrx_word' id='word_1_160' title='bbox 859 3017 1279 3110; x_wconf 79' lang='lat' dir='ltr'><strong>frangantur.</strong></span> <span class='ocrx_word' id='word_1_161' title='bbox 1328 3014 1765 3109; x_wconf 76' lang='lat' dir='ltr'><strong>Interrogabo</strong></span> <span class='ocrx_word' id='word_1_162' title='bbox 1799 3014 1966 3110; x_wconf 88' lang='lat' dir='ltr'><strong>quid</strong></span> <span class='ocrx_word' id='word_1_163' title='bbox 2002 3034 2156 3083; x_wconf 89' lang='lat' dir='ltr'><strong>ante</strong></span> <span class='ocrx_word' id='word_1_164' title='bbox 2193 3013 2483 3110; x_wconf 86' lang='lat' dir='ltr'><strong>perdite,</strong></span> <span class='ocrx_word' id='word_1_165' title='bbox 2522 3013 2687 3110; x_wconf 82' lang='lat' dir='ltr'><strong>quid</strong></span> <span class='ocrx_word' id='word_1_166' title='bbox 2725 3012 2925 3110; x_wconf 77' lang='lat' dir='ltr'><strong>flagi·-</strong></span> 
     </span>
    </p>
   </div>
   <div class='ocr_carea' id='block_1_5' title="bbox 860 3125 2928 3450">
    <p class='ocr_par' dir='ltr' id='par_1_5' title="bbox 860 3125 2928 3450">
     <span class='ocr_line' id='line_1_24' title="bbox 860 3125 2928 3226; baseline -0.001 -28"><span class='ocrx_word' id='word_1_167' title='bbox 860 3128 1057 3216; x_wconf 85' lang='lat' dir='ltr'><strong>tiose,</strong></span> <span class='ocrx_word' id='word_1_168' title='bbox 1087 3127 1256 3226; x_wconf 88' lang='lat' dir='ltr'><strong>quid</strong></span> <span class='ocrx_word' id='word_1_169' title='bbox 1288 3126 1500 3225; x_wconf 86' lang='lat' dir='ltr'><strong>impie</strong></span> <span class='ocrx_word' id='word_1_170' title='bbox 1525 3126 1785 3214; x_wconf 87' lang='lat' dir='ltr'><strong>fecerit,</strong></span> <span class='ocrx_word' id='word_1_171' title='bbox 1815 3154 1934 3223; x_wconf 89' lang='lat' dir='ltr'><strong>per</strong></span> <span class='ocrx_word' id='word_1_172' title='bbox 1961 3153 2111 3223; x_wconf 85' lang='lat' dir='ltr'><strong>quae</strong></span> <span class='ocrx_word' id='word_1_173' title='bbox 2136 3153 2205 3198; x_wconf 89' lang='lat' dir='ltr'><strong>se</strong></span> <span class='ocrx_word' id='word_1_174' title='bbox 2231 3127 2644 3223; x_wconf 87' lang='lat' dir='ltr'><strong>parricidam</strong></span> <span class='ocrx_word' id='word_1_175' title='bbox 2673 3125 2928 3196; x_wconf 88' lang='lat' dir='ltr'><strong>scelera</strong></span> 
     </span>
     <span class='ocr_line' id='line_1_25' title="bbox 861 3238 2926 3337; baseline 0 -29"><span class='ocrx_word' id='word_1_176' title='bbox 861 3239 1265 3337; x_wconf 88' lang='lat' dir='ltr'><strong>promiserit.</strong></span> <span class='ocrx_word' id='word_1_177' title='bbox 1299 3238 1698 3309; x_wconf 86' lang='lat' dir='ltr'><strong>Innocentia</strong></span> <span class='ocrx_word' id='word_1_178' title='bbox 1721 3264 1839 3336; x_wconf 91' lang='lat' dir='ltr'><strong>per</strong></span> <span class='ocrx_word' id='word_1_179' title='bbox 1863 3239 2025 3335; x_wconf 79' lang='lat' dir='ltr'><strong>grad</strong></span> <span class='ocrx_word' id='word_1_180' title='bbox 2038 3266 2113 3309; x_wconf 94' lang='lat' dir='ltr'><strong>us</strong></span> <span class='ocrx_word' id='word_1_181' title='bbox 2137 3260 2347 3309; x_wconf 88' lang='lat' dir='ltr'><strong>certos</strong></span> <span class='ocrx_word' id='word_1_182' title='bbox 2375 3239 2460 3309; x_wconf 89' lang='lat' dir='ltr'><strong>ab</strong></span> <span class='ocrx_word' id='word_1_183' title='bbox 2490 3239 2771 3309; x_wconf 92' lang='lat' dir='ltr'><strong>homine</strong></span> <span class='ocrx_word' id='word_1_184' title='bbox 2797 3238 2926 3309; x_wconf 84' lang='lat' dir='ltr'><strong>dis-</strong></span> 
     </span>
     <span class='ocr_line' id='line_1_26' title="bbox 863 3352 2924 3450; baseline 0 -27"><span class='ocrx_word' id='word_1_185' title='bbox 863 3352 1083 3424; x_wconf 80' lang='lat' dir='ltr'><strong>cedit³</strong></span> <span class='ocrx_word' id='word_1_186' title='bbox 1112 3380 1124 3421; x_wconf 91' lang='lat'>:</span> <span class='ocrx_word' id='word_1_187' title='bbox 1163 3375 1227 3424; x_wconf 91' lang='lat' dir='ltr'><strong>et</strong></span> <span class='ocrx_word' id='word_1_188' title='bbox 1255 3379 1341 3424; x_wconf 89' lang='lat' dir='ltr'><strong>ne</strong></span> <span class='ocrx_word' id='word_1_189' title='bbox 1375 3353 1446 3424; x_wconf 88' lang='lat' dir='ltr'><strong>in</strong></span> <span class='ocrx_word' id='word_1_190' title='bbox 1476 3352 1794 3424; x_wconf 79' lang='lat' dir='ltr'><strong>maximis</strong></span> <span class='ocrx_word' id='word_1_191' title='bbox 1826 3354 2117 3450; x_wconf 86' lang='lat' dir='ltr'><strong>trepidet</strong></span> <span class='ocrx_word' id='word_1_192' title='bbox 2148 3353 2463 3439; x_wconf 90' lang='lat' dir='ltr'><strong>audacia,</strong></span> <span class='ocrx_word' id='word_1_193' title='bbox 2499 3352 2618 3424; x_wconf 89' lang='lat' dir='ltr'><strong>diu</strong></span> <span class='ocrx_word' id='word_1_194' title='bbox 2649 3352 2823 3425; x_wconf 87' lang='lat' dir='ltr'><strong>vires</strong></span> <span class='ocrx_word' id='word_1_195' title='bbox 2854 3354 2924 3423; x_wconf 91' lang='lat' dir='ltr'><strong>in</strong></span> 
     </span>
    </p>
   </div>
   <div class='ocr_carea' id='block_1_6' title="bbox 865 3545 2930 3699">
    <p class='ocr_par' dir='ltr' id='par_1_6' title="bbox 865 3545 2930 3699">
     <span class='ocr_line' id='line_1_27' title="bbox 942 3545 2928 3618; baseline 0.001 -22"><span class='ocrx_word' id='word_1_196' title='bbox 942 3563 987 3596; x_wconf 81' lang='grc' dir='ltr'><strong>ι.</strong></span> <span class='ocrx_word' id='word_1_197' title='bbox 1007 3545 1254 3598; x_wconf 76' lang='lat' dir='ltr'><strong>Gladium</strong></span> <span class='ocrx_word' id='word_1_198' title='bbox 1276 3547 1330 3597; x_wconf 78' lang='lat' dir='ltr'><strong>in</strong></span> <span class='ocrx_word' id='word_1_199' title='bbox 1352 3546 1563 3598; x_wconf 77' lang='lat' dir='ltr'><strong>vulnere</strong></span> <span class='ocrx_word' id='word_1_200' title='bbox 1581 3545 1852 3617; x_wconf 74' lang='lat' dir='ltr'><strong>reliquisse.</strong></span> <span class='ocrx_word' id='word_1_201' title='bbox 1929 3549 2273 3618; x_wconf 82' lang='lat' dir='ltr'><strong>jurejurando</strong></span> <span class='ocrx_word' id='word_1_202' title='bbox 2306 3561 2384 3600; x_wconf 86' lang='lat' dir='ltr'><strong>est</strong></span> <span class='ocrx_word' id='word_1_203' title='bbox 2415 3548 2631 3618; x_wconf 81' lang='lat' dir='ltr'><strong>religio,</strong></span> <span class='ocrx_word' id='word_1_204' title='bbox 2665 3560 2716 3599; x_wconf 85' lang='lat' dir='ltr'><strong>et</strong></span> <span class='ocrx_word' id='word_1_205' title='bbox 2748 3568 2808 3600; x_wconf 82' lang='lat' dir='ltr'><strong>ex</strong></span> <span class='ocrx_word' id='word_1_206' title='bbox 2837 3547 2928 3598; x_wconf 87' lang='lat' dir='ltr'><strong>illo</strong></span> 
     </span>
     <span class='ocr_line' id='line_1_28' title="bbox 865 3623 2930 3699; baseline 0.001 -23"><span class='ocrx_word' id='word_1_207' title='bbox 865 3628 992 3677; x_wconf 85' lang='lat' dir='ltr'><strong>Fere</strong></span> <span class='ocrx_word' id='word_1_208' title='bbox 1034 3623 1287 3676; x_wconf 82' lang='lat' dir='ltr'><strong>similibus</strong></span> <span class='ocrx_word' id='word_1_209' title='bbox 1329 3627 1729 3676; x_wconf 70' lang='lat' dir='ltr'><strong>circumstantiis</strong></span> <span class='ocrx_word' id='word_1_210' title='bbox 1776 3627 1855 3675; x_wconf 82' lang='lat' dir='ltr'><strong>iu·</strong></span> <span class='ocrx_word' id='word_1_211' title='bbox 1935 3629 2289 3699; x_wconf 73' lang='lat' dir='ltr'><strong>etiantrelissio</strong></span> <span class='ocrx_word' id='word_1_212' title='bbox 2307 3630 2930 3680; x_wconf 70' lang='lat' dir='ltr'><strong>animosincessit.Gaiuo</strong></span> 
     </span>
    </p>
   </div>
   <div class='ocr_carea' id='block_1_7' title="bbox 867 3703 2936 4260">
    <p class='ocr_par' dir='ltr' id='par_1_7' title="bbox 867 3703 2931 3777">
     <span class='ocr_line' id='line_1_29' title="bbox 867 3703 2931 3777; baseline 0.001 -23"><span class='ocrx_word' id='word_1_213' title='bbox 867 3707 1055 3756; x_wconf 79' lang='lat' dir='ltr'><strong>texitur</strong></span> <span class='ocrx_word' id='word_1_214' title='bbox 1085 3704 1261 3756; x_wconf 81' lang='lat' dir='ltr'><strong>fabula</strong></span> <span class='ocrx_word' id='word_1_215' title='bbox 1293 3707 1539 3757; x_wconf 83' lang='lat' dir='ltr'><strong>nostratis</strong></span> <span class='ocrx_word' id='word_1_216' title='bbox 1569 3703 1820 3757; x_wconf 79' lang='lat' dir='ltr'><strong>Cre&#39;billon</strong></span> <span class='ocrx_word' id='word_1_217' title='bbox 1835 3745 1853 3771; x_wconf 92' lang='lat'><strong>,</strong></span> <span class='ocrx_word' id='word_1_218' title='bbox 1933 3709 2118 3772; x_wconf 70' lang='lat' dir='ltr'><strong>chus,</strong></span> <span class='ocrx_word' id='word_1_219' title='bbox 2134 3706 2223 3758; x_wconf 91' lang='lat' dir='ltr'><strong>lib.</strong></span> <span class='ocrx_word' id='word_1_220' title='bbox 2241 3710 2290 3770; x_wconf 86' lang='lat'><strong>1,</strong></span> <span class='ocrx_word' id='word_1_221' title='bbox 2305 3707 2365 3757; x_wconf 88' lang='lat' dir='ltr'><strong>D.</strong></span> <span class='ocrx_word' id='word_1_222' title='bbox 2388 3705 2454 3757; x_wconf 90' lang='lat' dir='ltr'><strong>de</strong></span> <span class='ocrx_word' id='word_1_223' title='bbox 2462 3709 2710 3777; x_wconf 84' lang='lat' dir='ltr'><strong>jurejur.:</strong></span> <span class='ocrx_word' id='word_1_224' title='bbox 2734 3708 2931 3759; x_wconf 73' lang='lat' dir='ltr'><strong>«Maxi-</strong></span> 
     </span>
    </p>

    <p class='ocr_par' dir='ltr' id='par_1_8' title="bbox 870 3783 2931 3938">
     <span class='ocr_line' id='line_1_30' title="bbox 870 3783 2929 3857; baseline 0 -22"><span class='ocrx_word' id='word_1_225' title='bbox 870 3787 954 3835; x_wconf 87' lang='lat' dir='ltr'><strong>cui</strong></span> <span class='ocrx_word' id='word_1_226' title='bbox 978 3783 1158 3836; x_wconf 83' lang='lat' dir='ltr'><strong>titulus</strong></span> <span class='ocrx_word' id='word_1_227' title='bbox 1179 3785 1379 3836; x_wconf 66' lang='lat' dir='ltr'><strong>Xerxes.</strong></span> <span class='ocrx_word' id='word_1_228' title='bbox 1404 3788 1496 3837; x_wconf 86' lang='lat' dir='ltr'><strong>En.</strong></span> <span class='ocrx_word' id='word_1_229' title='bbox 1942 3811 1964 3834; x_wconf 79' lang='grc' dir='ltr'><strong>ιι</strong></span> <span class='ocrx_word' id='word_1_230' title='bbox 1985 3808 2125 3840; x_wconf 86' lang='lat' dir='ltr'><strong>mum</strong></span> <span class='ocrx_word' id='word_1_231' title='bbox 2165 3787 2446 3840; x_wconf 86' lang='lat' dir='ltr'><strong>remedium</strong></span> <span class='ocrx_word' id='word_1_232' title='bbox 2489 3785 2929 3857; x_wconf 67' lang='lat' dir='ltr'><strong>expediendas-um</strong></span> 
     </span>
     <span class='ocr_line' id='line_1_31' title="bbox 939 3863 2931 3938; baseline 0 -23"><span class='ocrx_word' id='word_1_233' title='bbox 939 3882 986 3915; x_wconf 82' lang='lat'><strong>2.</strong></span> <span class='ocrx_word' id='word_1_234' title='bbox 1032 3865 1081 3917; x_wconf 86' lang='lat' dir='ltr'><em>V</em></span> <span class='ocrx_word' id='word_1_235' title='bbox 1078 3867 1128 3916; x_wconf 77' lang='lat' dir='ltr'><strong>ia</strong></span> <span class='ocrx_word' id='word_1_236' title='bbox 1167 3878 1333 3916; x_wconf 78' lang='lat' dir='ltr'><strong>vestroe</strong></span> <span class='ocrx_word' id='word_1_237' title='bbox 1369 3864 1642 3938; x_wconf 64' lang='lat' dir='ltr'><strong>religionis.</strong></span> <span class='ocrx_word' id='word_1_238' title='bbox 1680 3867 1855 3934; x_wconf 86' lang='lat' dir='ltr'><strong>Quum</strong></span> <span class='ocrx_word' id='word_1_239' title='bbox 1943 3890 1965 3912; x_wconf 73' lang='grc' dir='ltr'>ι</span> <span class='ocrx_word' id='word_1_240' title='bbox 1985 3867 2151 3919; x_wconf 87' lang='lat' dir='ltr'><strong>litium</strong></span> <span class='ocrx_word' id='word_1_241' title='bbox 2175 3870 2229 3918; x_wconf 84' lang='lat' dir='ltr'><strong>in</strong></span> <span class='ocrx_word' id='word_1_242' title='bbox 2253 3884 2404 3918; x_wconf 72' lang='lat' dir='ltr'><strong>usum</strong></span> <span class='ocrx_word' id='word_1_243' title='bbox 2426 3868 2564 3918; x_wconf 78' lang='lat' dir='ltr'><strong>venit</strong></span> <span class='ocrx_word' id='word_1_244' title='bbox 2583 3863 2931 3936; x_wconf 81' lang='lat' dir='ltr'><strong>jurisjurandi</strong></span> 
     </span>
    </p>

    <p class='ocr_par' dir='ltr' id='par_1_9' title="bbox 870 3942 2231 4018">
     <span class='ocr_line' id='line_1_32' title="bbox 870 3942 2231 4018; baseline -0.001 -22"><span class='ocrx_word' id='word_1_245' title='bbox 870 3942 933 3996; x_wconf 80' lang='lat' dir='ltr'><strong>de</strong></span> <span class='ocrx_word' id='word_1_246' title='bbox 960 3945 1134 3995; x_wconf 81' lang='lat' dir='ltr'><strong>officio</strong></span> <span class='ocrx_word' id='word_1_247' title='bbox 1161 3959 1320 4014; x_wconf 75' lang='lat' dir='ltr'><strong>agunt</strong></span> <span class='ocrx_word' id='word_1_248' title='bbox 1340 3946 1611 4015; x_wconf 84' lang='lat' dir='ltr'><strong>judicum,</strong></span> <span class='ocrx_word' id='word_1_249' title='bbox 1638 3949 1728 4017; x_wconf 89' lang='lat' dir='ltr'><strong>qui</strong></span> <span class='ocrx_word' id='word_1_250' title='bbox 1761 3945 1857 3997; x_wconf 82' lang='lat' dir='ltr'><strong>ad·</strong></span> <span class='ocrx_word' id='word_1_251' title='bbox 1943 3971 1967 3994; x_wconf 66' lang='lat' dir='ltr'><strong>a</strong></span> <span class='ocrx_word' id='word_1_252' title='bbox 1987 3948 2183 4018; x_wconf 73' lang='lat' dir='ltr'><strong>religio.</strong></span> <span class='ocrx_word' id='word_1_253' title='bbox 2209 3972 2231 3995; x_wconf 68' lang='lat' dir='ltr'>a</span> 
     </span>
    </p>

    <p class='ocr_par' dir='ltr' id='par_1_10' title="bbox 870 4021 2936 4096">
     <span class='ocr_line' id='line_1_33' title="bbox 870 4021 2936 4096; baseline -0.001 -22"><span class='ocrx_word' id='word_1_254' title='bbox 870 4026 1033 4075; x_wconf 79' lang='lat' dir='ltr'><strong>stricti</strong></span> <span class='ocrx_word' id='word_1_255' title='bbox 1062 4026 1401 4095; x_wconf 80' lang='lat' dir='ltr'><strong>jurisjurandi</strong></span> <span class='ocrx_word' id='word_1_256' title='bbox 1435 4026 1683 4096; x_wconf 77' lang='lat' dir='ltr'><strong>religione</strong></span> <span class='ocrx_word' id='word_1_257' title='bbox 1712 4026 1858 4096; x_wconf 83' lang='lat' dir='ltr'><strong>judi—</strong></span> <span class='ocrx_word' id='word_1_258' title='bbox 2007 4028 2057 4079; x_wconf 85' lang='lat'><strong>3.</strong></span> <span class='ocrx_word' id='word_1_259' title='bbox 2079 4024 2383 4077; x_wconf 71' lang='lat' dir='ltr'><strong>Innocentio</strong></span> <span class='ocrx_word' id='word_1_260' title='bbox 2403 4043 2499 4095; x_wconf 85' lang='lat' dir='ltr'><strong>per</strong></span> <span class='ocrx_word' id='word_1_261' title='bbox 2512 4024 2757 4095; x_wconf 66' lang='lat' dir='ltr'><strong>gradus...</strong></span> <span class='ocrx_word' id='word_1_262' title='bbox 2783 4021 2936 4073; x_wconf 66' lang='grc' dir='ltr'><em>ὀίεα-</em></span> 
     </span>
    </p>

    <p class='ocr_par' dir='ltr' id='par_1_11' title="bbox 868 4100 2932 4179">
     <span class='ocr_line' id='line_1_34' title="bbox 868 4100 2932 4179; baseline -0.003 -23"><span class='ocrx_word' id='word_1_263' title='bbox 868 4122 987 4156; x_wconf 79' lang='lat' dir='ltr'><strong>care</strong></span> <span class='ocrx_word' id='word_1_264' title='bbox 1037 4103 1242 4171; x_wconf 83' lang='lat' dir='ltr'><strong>solent,</strong></span> <span class='ocrx_word' id='word_1_265' title='bbox 1292 4105 1394 4158; x_wconf 85' lang='lat' dir='ltr'><strong>hoc</strong></span> <span class='ocrx_word' id='word_1_266' title='bbox 1443 4106 1509 4162; x_wconf 85' lang='lat' dir='ltr'><strong>ad</strong></span> <span class='ocrx_word' id='word_1_267' title='bbox 1562 4106 1857 4179; x_wconf 79' lang='lat' dir='ltr'><strong>exemplum</strong></span> <span class='ocrx_word' id='word_1_268' title='bbox 1935 4105 2028 4157; x_wconf 77' lang='lat' dir='ltr'><strong>dit.</strong></span> <span class='ocrx_word' id='word_1_269' title='bbox 2063 4107 2146 4156; x_wconf 86' lang='lat' dir='ltr'><strong>Sic</strong></span> <span class='ocrx_word' id='word_1_270' title='bbox 2176 4105 2222 4155; x_wconf 87' lang='lat' dir='ltr'><strong>J.</strong></span> <span class='ocrx_word' id='word_1_271' title='bbox 2250 4105 2494 4154; x_wconf 67' lang='lat' dir='ltr'><strong>Rae-iuius</strong></span> <span class='ocrx_word' id='word_1_272' title='bbox 2513 4104 2736 4171; x_wconf 79' lang='lat' dir='ltr'><strong>Magnus</strong></span> <span class='ocrx_word' id='word_1_273' title='bbox 2760 4100 2932 4152; x_wconf 73' lang='lat' dir='ltr'><strong>vivide</strong></span> 
     </span>
    </p>

    <p class='ocr_par' dir='ltr' id='par_1_12' title="bbox 870 4184 2932 4260">
     <span class='ocr_line' id='line_1_35' title="bbox 870 4184 2932 4260; baseline -0.001 -24"><span class='ocrx_word' id='word_1_274' title='bbox 870 4185 1228 4256; x_wconf 74' lang='lat' dir='ltr'><strong>amantloqui:</strong></span> <span class='ocrx_word' id='word_1_275' title='bbox 1244 4205 1431 4258; x_wconf 82' lang='lat' dir='ltr'><strong>nempe</strong></span> <span class='ocrx_word' id='word_1_276' title='bbox 1444 4189 1859 4260; x_wconf 75' lang='lat' dir='ltr'><strong>conjunctacum</strong></span> <span class='ocrx_word' id='word_1_277' title='bbox 1939 4184 2174 4242; x_wconf 76' lang='lat' dir='ltr'><strong>eamdem</strong></span> <span class='ocrx_word' id='word_1_278' title='bbox 2218 4185 2528 4238; x_wconf 72' lang='lat' dir='ltr'><strong>sententiam</strong></span> <span class='ocrx_word' id='word_1_279' title='bbox 2576 4184 2829 4260; x_wconf 70' lang='lat' dir='ltr'><strong>expressit</strong></span> <span class='ocrx_word' id='word_1_280' title='bbox 2876 4185 2932 4242; x_wconf 65' lang='lat' dir='ltr'><strong>in</strong></span> 
     </span>
    </p>
   </div>
  </div>
 </body>
</html>
