3200 5117
830 579 1104 645 DECL.
1151 581 1344 643 xvl.
1392 580 1673 644 Amol
1722 581 2042 646 VADES.
2357 580 2480 665 347

395 700 672 775 diversis
687 728 1009 774 meorum
1024 702 1386 774 conatibus
1402 702 1685 775 adversa
1698 703 2148 792 conveniunt,
2166 722 2247 774 ut
2255 700 2489 774 videar

394 819 712 919 eligere&
749 818 946 910 Quid
979 845 1125 891 non
1165 818 1405 890 darem
1444 819 1659 891 miser
1692 846 1816 919 pro
1849 819 2004 892 luce
2042 818 2321 910 matris,
2364 819 2483 917 qui

392 957 472 1008 ut
496 936 688 1009 illam
713 937 1022 1008 viderem
1042 992 1062 1025 ‚
1093 936 1404 1007 amicum
1436 935 1641 1009 dedi?
1664 936 1915 1009 Fidem
1941 958 2235 1010 vestram
2254 993 2273 1026 ,
2300 935 2487 1038 judi-

395 1077 505 1123 ces
523 1107 543 1142 ,
563 1078 652 1123 ne
674 1052 854 1124 inter
871 1050 1207 1123 maximas
1232 1050 1663 1123 necessitates
1687 1072 1923 1151 pereat
1940 1079 2107 1125 usus
2132 1051 2444 1125 hominis
2466 1106 2485 1139 ,

394 1169 516 1268 qui
552 1188 837 1268 paratus
871 1187 971 1240 est
998 1168 1273 1241 duobus
1301 1168 1659 1268 impendi:
1682 1169 1838 1271 jam
1869 1170 1984 1242 hic
2014 1192 2116 1243 est
2149 1191 2290 1243 tota
2318 1169 2485 1241 ratio

396 1285 781 1357 clementia·
803 1340 821 1374 ,
854 1311 942 1356 ne
972 1285 1065 1357 ibi
1097 1311 1212 1356 me
1247 1284 1644 1376 detineatis,
1675 1286 1800 1358 ubi
1828 1314 1971 1359 non
2002 1313 2325 1386 prosum:
2356 1311 2485 1357 nec

398 1399 796 1490 dissimulo,
831 1399 1244 1473 sanctissimi
1273 1400 1435 1490 viri,
1469 1403 1773 1500 proferre
1812 1430 1966 1490 me,
1999 1428 2225 1501 quum
2266 1400 2489 1473 maxi-

397 1515 538 1605 mi,
569 1535 719 1587 tum
756 1507 1179 1588 incredibilis
1216 1515 1517 1616 exempli
1552 1517 1806 1608 fidem,
1844 1537 1922 1589 nt
1955 1543 2098 1587 non
2135 1514 2489 1590 immerito

396 1628 657 1729 possim
699 1630 913 1702 videri
956 1658 1118 1702 cum
1161 1653 1382 1703 matre
1417 1630 1790 1703 colludere.
1830 1633 1978 1731 Ego
2017 1630 2252 1702 videor
2291 1656 2489 1701 exco-

393 1744 637 1841 gitasse
672 1744 883 1816 istum
915 1745 1214 1817 colorem
1234 1776 1253 1835 3
1289 1766 1356 1818 et
1391 1746 1524 1818 hoc
1554 1745 1747 1845 quod
1785 1745 2122 1834 detineor,
2162 1743 2488 1816 amicitiae

394 1878 674 1931 vocatur
711 1859 1098 1932 infirmitas.
1133 1860 1566 1934 Miseremini
1589 1861 1902 1962 judiceS,
1936 1880 2188 1932 tentate
2227 1886 2378 1947 me;
2422 1878 2492 1930 et

396 1972 765 2047 dimittite:
803 2002 894 2046 an
930 1975 1273 2047 voluerim
1305 1976 1581 2067 reverti,
1617 1976 1787 2049 scire
1821 2002 1965 2049 non
2003 1974 2317 2078 potestis,
2350 1972 2488 2044 nisi

397 2110 713 2162 revertor.

494 2206 581 2274 11.
611 2203 797 2277 lllud
818 2260 837 2292 ,
862 2204 1273 2277 sanctissimi
1285 2203 1559 2306 judices
1577 2259 1597 2294 ,
1624 2205 1803 2278 illud
1829 2206 2123 2278 affectus
2145 2229 2338 2275 meos
2361 2223 2492 2274 tor·

399 2340 568 2418 quet
595 2345 672 2391 ac
700 2320 993 2409 lacerat,
1017 2320 1209 2420 quod
1241 2322 1373 2392 sim
1406 2318 1672 2420 ingenti
1703 2319 2205 2421 exspectatione
2236 2317 2490 2417 decep-

401 2455 513 2503 tus
543 2460 556 2504 :
608 2461 1035 2532 speraveram
1087 2436 1409 2507 futurum
1433 2493 1452 2527 ,
1504 2455 1585 2507 ut
1619 2437 1752 2507 hoc
1786 2434 1938 2508 loco
1975 2459 2123 2507 rem
2159 2459 2491 2532 magnam

400 2547 656 2620 faceret
683 2570 749 2619 et
775 2570 1028 2622 mater:
1067 2576 1466 2649 paraveram
1497 2552 1687 2650 apud
1723 2572 2103 2650 tyrannum
2137 2549 2322 2621 hanc
2347 2548 2496 2650 jac·

403 2661 732 2734 tationem
755 2718 773 2750 ,
795 2685 874 2734 ut
888 2691 1002 2735 me
1018 2664 1324 2737 crederet
1346 2665 1715 2737 remissum
1730 2697 1748 2754 ;
1772 2686 1838 2737 et
1851 2692 2073 2764 genus
2090 2662 2492 2736 ostentatio-

402 2775 511 2847 nis
534 2776 1023 2848 adamaveram
1040 2836 1060 2868 ,
1086 2799 1164 2850 ut
1182 2778 1600 2849 mirarentur
1620 2778 1927 2850 hominis
1947 2780 2161 2851 fidem
2186 2779 2397 2850 etiam
2420 2777 2493 2848 in

404 2892 714 2966 orbitate.
734 2895 900 2985 Quo
914 2893 1119 2966 vultis
1132 2894 1265 2967 hoc
1282 2894 1524 2966 animo
1536 2896 1757 2966 feram
1777 2952 1796 2984 ,
1813 2894 2001 2994 quod
2023 2952 2041 2983 ,
2060 2895 2269 2966 etiam
2289 2915 2370 2966 ut
2389 2921 2499 2964 re-

402 3030 648 3098 vertar,
673 3010 899 3082 amico
922 3037 1079 3082 meo
1101 3031 1323 3083 mater
1347 3007 1719 3109 imposuit?
1741 3031 1809 3083 et
1831 3030 2179 3108 quantum
2202 3008 2287 3079 ad
2312 3008 2495 3079 hauc

404 3125 729 3224 pertinet,
763 3126 1152 3199 maximum
1177 3126 1510 3226 juvenem
1548 3125 1854 3225 decepit,
1880 3124 2116 3214 illum,
2149 3124 2270 3222 qui
2306 3148 2497 3194 meos

408 3238 768 3311 crediderit
790 3242 1100 3314 affectus.
1119 3244 1278 3314 Non
1306 3267 1590 3341 possum
1606 3298 1624 3329 ,
1636 3240 1940 3341 judices,
1965 3238 2102 3310 litis
2123 3236 2335 3337 hujus
2360 3235 2503 3307 dis-

410 3350 734 3424 simulare
779 3355 1080 3428 facinus:
1131 3355 1569 3429 innocentius
1617 3357 1877 3445 fuerat,
1932 3375 2013 3426 ut
2055 3380 2184 3452 ego
2235 3350 2495 3422 nollem

410 3466 677 3538 reverti.
694 3466 1044 3558 Viderint,
1062 3472 1471 3544 sanctissimi
1487 3470 1643 3560 viri,
1663 3469 1783 3570 qui
1803 3490 2107 3568 receptas
2123 3466 2504 3540 nominum

409 3581 919 3682 persuasiones,
945 3585 1133 3659 velut
1154 3586 1461 3685 aliquam
1492 3585 1885 3658 servitutem
1918 3582 2242 3671 caritatis,
2272 3602 2501 3654 atten-

412 3696 626 3769 dunt:
682 3725 797 3770 me
843 3698 898 3771 si
940 3699 1095 3797 quis
1143 3699 1549 3799 interroget,
1602 3699 1832 3771 nullos
1882 3700 2176 3771 affectus
2225 3716 2499 3774 tantum

489 3935 532 3970 1.
566 3918 634 3970 Ut
662 3919 839 3970 videar
855 3920 1061 3995 eliqere.
1094 3923 1269 3974 Potest
1293 3926 1413 3994 qui-
1493 3941 1548 3996 p.
1568 3923 1671 3993 ²94
1687 3937 1880 3976 nostrae
1897 3922 2020 3975 edit.
2045 3919 2241 3989 «Quod
2264 3932 2501 3991 tempora

412 3996 531 4049 dem
552 3998 825 4068 explicari,
845 4012 903 4050 ut
921 4000 1100 4051 videar
1118 4005 1269 4053 matri
1289 4021 1415 4073 prae-
1499 4026 1522 4049 σι
1543 4002 1703 4072 longa
1723 4002 1886 4054 videri
1906 4002 2027 4052 Non
2049 4002 2201 4052 sinat.
2225 4023 2248 4048 a
2274 3998 2504 4067 Quidam

411 4076 549 4130 fem
576 4079 836 4143 amicum,
862 4078 1005 4148 quod
1037 4080 1292 4149 impium;
1324 4081 1416 4133 sed
1494 4081 1719 4134 Codices
1751 4080 1951 4133 babent
1992 4081 2153 4132 verere·
2171 4101 2187 4130 .-
2226 4092 2409 4150 posset
2450 4090 2504 4128 et

411 4171 546 4230 puto
583 4158 769 4210 melius
807 4162 982 4211 sensui
1018 4163 1329 4227 convenire,
1373 4165 1414 4214 si
1497 4163 1634 4233 legi,
1666 4175 1726 4213 ut
1744 4163 1932 4234 jubear
1954 4161 2159 4234 eligere.
2190 4162 2321 4228 Qum
2344 4158 2505 4210 verba

409 4238 633 4308 legatur,
657 4251 716 4292 ut
739 4257 916 4292 verear
933 4239 1138 4315 eligere.
1166 4241 1248 4292 Sic
1271 4241 1416 4311 apud
1501 4244 1702 4293 centies
1730 4253 2025 4312 permutata
2050 4242 2107 4292 in
2128 4240 2352 4309 scriptis.
2371 4235 2504 4289 vido

411 4318 566 4374 ovid.
597 4320 809 4371 Metam.
844 4320 932 4386 lv,
960 4319 1058 4389 4ο,
1079 4318 1277 4372 volum.
1311 4321 1382 4373 ΙΙΙ
1396 4359 1414 4387 ,
1494 4321 1564 4373 ad
1586 4323 1754 4374 Instit.
1782 4320 1886 4386 XI,
1912 4338 1959 4372 π.
1983 4319 2077 4372 En.
