3200 5117
548 546 643 609 m
692 541 1105 608 DECLAM.
1153 540 1248 604 M.
1297 541 1367 604 F.
1417 516 2051 623 QUINTILIAM
2164 549 2331 638 xxvij

264 684 413 736 natu
433 667 674 755 primas
700 681 911 742 tenea,
938 664 1005 729 in
1027 685 1161 752 quo
1184 660 1461 753 hujusce
1483 661 1676 728 studii
1703 663 1956 730 fructus
1977 668 2339 757 percipitur

264 774 610 850 maximuS,
637 795 770 838 non
801 794 879 836 ex
902 770 1298 850 honorariis,
1331 786 1429 848 et,
1460 785 1535 835 ut
1559 768 1828 859 quidam
1855 790 2157 839 veterum
2174 823 2191 854 ,
2223 776 2341 842 sed

263 881 458 970 paulo
479 879 775 946 acerbius
800 895 866 943 et
889 876 1262 942 iracundius
1288 875 1479 954 dixit,
1503 875 1977 943 advocatorum
2002 881 2199 969 stipe,
2228 884 2344 950 sed

265 1011 341 1054 ex
365 989 587 1054 animo
611 1002 677 1051 et
705 985 1262 1073 contemplatione
1285 1005 1361 1047 ac
1391 983 1660 1049 scientia
1679 1034 1697 1064 ,
1725 987 2058 1075 praecipue
2081 1011 2241 1054 vero
2266 1012 2347 1054 ex

266 1094 370 1158 illa
393 1093 764 1160 incredibili
788 1091 1153 1179 voluptate,
1181 1112 1327 1179 quae
1349 1088 1575 1154 liberis
1600 1106 1669 1153 et
1690 1092 1991 1180 ingenuis
2017 1097 2349 1164 mentibus

266 1203 458 1268 insita
496 1217 629 1276 est,
668 1195 1128 1264 benefaciendi
1166 1195 1495 1285 pluribus,
1526 1218 1660 1261 non
1694 1199 1919 1263 amicis
1956 1202 2191 1281 modo,
2231 1204 2348 1270 sed

266 1307 708 1398 quibuslibet,
740 1327 870 1394 qua
897 1303 1061 1367 nihil
1100 1325 1241 1368 esee
1278 1323 1475 1392 puto,
1511 1327 1647 1393 quo
1677 1305 1760 1371 ad
1794 1308 2010 1371 Deum
2046 1307 2353 1377 homines

265 1416 541 1502 propius
568 1409 979 1479 accedamus.
1010 1409 1160 1473 Fuit
1191 1426 1257 1473 et
1288 1409 1396 1473 illa
1425 1409 1587 1473 mihi
1617 1413 1880 1499 propria
1908 1435 2137 1495 causa,
2169 1416 2355 1506 quod

264 1518 507 1585 studiis
540 1517 813 1595 nostris,
843 1530 910 1579 et
941 1515 1307 1579 litterarum
1338 1516 1604 1580 nomine
1636 1533 1701 1582 et
1739 1535 2026 1606 paternae
2054 1524 2356 1587 amicitiae

264 1623 729 1692 recordatione
750 1646 873 1711 pro
898 1639 1008 1686 tua
1038 1645 1295 1687 summa
1321 1622 1523 1710 gratia
1547 1641 1748 1713 atque
1777 1624 2183 1692 humanitate
2212 1629 2362 1694 hac·

267 1749 465 1797 tenus
497 1733 719 1797 favere
757 1730 935 1795 visus
973 1751 1077 1793 es:
1109 1745 1176 1792 et
1218 1746 1289 1793 ut
1327 1730 1394 1792 in
1432 1746 1773 1816 posterum
1803 1733 2005 1819 magis
2042 1757 2116 1798 ac
2155 1737 2362 1823 magis

268 1839 520 1919 faveae,
546 1837 672 1903 erit
698 1835 815 1901 tibi
840 1834 998 1914 hoc,
1030 1836 1083 1900 si
1113 1835 1360 1923 placet,
1392 1837 1813 1924 gratitudinis
1840 1854 2040 1925 atque
2064 1839 2366 1929 obsequii

271 1945 399 2010 mei
429 1945 703 2033 pignus,
734 1945 788 2008 si
814 1965 947 2007 non
979 1940 1255 2029 dignum
1277 1942 1719 2029 amplitudine
1745 1960 1886 2023 tua,
1913 1962 2091 2008 certe
2117 1947 2366 2033 profes·

273 2052 457 2118 sione
480 2067 700 2115 nostra
723 2050 954 2115 saltem
975 2069 1097 2135 pro
1116 2065 1418 2137 tempore
1444 2070 1580 2113 non
1602 2048 1967 2136 indignum.
1990 2052 2168 2114 Bene
2190 2051 2332 2116 vale
2347 2101 2363 2130 ,

273 2180 515 2244 preses
537 2156 961 2245 amplissime.
986 2156 1247 2220 Lutetia
1270 2155 1569 2222 Parisior.
1596 2154 1723 2219 kal.
1753 2155 1942 2244 april.
1975 2155 2176 2222 rebus
2199 2181 2366 2247 pro-

274 2261 415 2330 latis
444 2281 818 2332 ciommtxx.

755 2509 1168 2587 CAPUT
1223 2507 1884 2586 TERTIUM*.

368 2741 534 2825 Quae
574 2739 886 2830 requiris,
923 2739 1168 2805 altioris
1206 2754 1361 2804 sunt
1395 2735 1751 2828 indaginis,
1798 2755 1864 2804 et
1903 2739 2112 2830 majus
2156 2743 2364 2809 otium

283 2845 677 2912 desiderant.
730 2847 984 2910 lnterea
1020 2861 1271 2924 tamen,
1308 2867 1458 2936 quae
1497 2844 1581 2912 de
1621 2845 1698 2910 iis
1735 2844 1803 2912 in
1840 2862 2133 2914 mentem
2167 2870 2367 2913 vene·

281 2972 466 3031 runt,
496 2977 617 3041 pro
648 2970 946 3042 tempore
968 2952 1110 3016 haec
1139 2951 1329 3016 habe.

366 3060 777 3127 Declamatio
812 3074 926 3123 aut
957 3058 1257 3125 Suasoria
1293 3074 1423 3136 est,
1456 3071 1569 3122 aut
1608 3056 2084 3122 Controversia.
2123 3059 2368 3124 Auctor

283 3165 540 3253 Dialogi
581 3164 666 3229 de
700 3162 1099 3229 oratoribus:
1153 3192 1179 3220 κ
1200 3164 1456 3250 Nempe
1490 3159 1627 3225 duo
1663 3183 1905 3250 genera
1948 3163 2368 3230 materiarum

293 3298 319 3327 ι
338 3269 517 3361 apud
543 3269 844 3335 rhetores
867 3283 1246 3346 tractantur,
1271 3267 1620 3344 Suasoriae,
1651 3282 1720 3332 et
1747 3269 2243 3334 Controversiae.
2276 3273 2370 3336 Ex

293 3376 417 3440 «iis
459 3375 770 3442 suasoriae
814 3373 1124 3463 quidem,
1166 3390 1232 3437 et
1273 3374 1329 3438 si
1371 3388 1702 3464 tamquam
1748 3371 1941 3459 plane
1979 3373 2260 3440 leviores
2302 3393 2371 3441 et

293 3508 320 3538 α
344 3481 562 3545 minus
597 3478 966 3576 prudentiae
996 3479 1361 3567 exigentes»,
1401 3478 1624 3568 pueris
1651 3477 2071 3566 delegantur:
2104 3497 2372 3547 contro-

292 3613 323 3643 «
346 3587 575 3650 versiae
596 3584 1071 3652 robustioribus
1089 3584 1522 3672 assignantur.
1547 3613 1574 3642 n
1604 3583 1871 3666 Fabius,
1890 3584 2003 3650 lib.
2033 3587 2090 3650 ll
2105 3637 2122 3666 ,
2145 3611 2288 3677 cap.
2316 3611 2369 3667 ι,

290 3685 349 3779 S.
376 3691 415 3755 8
438 3714 451 3753 :
484 3718 511 3748 α
532 3689 873 3770 Suasoriae‚
897 3690 1139 3779 inquit,
1160 3688 1339 3777 apud
1359 3685 1692 3755 rhetorem
1717 3692 2005 3758 materiae
2026 3710 2179 3758 sunt
2203 3695 2374 3759 inter

297 3823 325 3852 ι
346 3795 722 3862 rudimenta
746 3794 1032 3862 dicendi.
1056 3825 1082 3854 υ
1109 3796 1388 3874 Seneca,
1414 3797 1723 3861 Controv.
1744 3795 1859 3862 lib.
1880 3799 2003 3876 Vl,
2027 3796 2113 3862 de
2132 3800 2374 3864 Severo

294 3902 546 3968 Cassio:
595 3932 621 3960 κ
644 3903 845 3967 Aiunt
882 3900 1192 3967 eumdem
1229 3924 1364 3967 non
1397 3919 1531 3968 tam
1567 3899 1742 3967 bene
1773 3903 2139 3978 SuasoriaS,
2174 3928 2376 3993 quam

301 4008 691 4098 «judiciales
741 4011 1232 4077 controversias
1286 4008 1525 4076 dicere.
1564 4039 1590 4069 υ
1666 4039 1693 4069 α
1725 4010 1830 4077 Sic
1881 4009 2061 4099 apud
2114 4011 2376 4078 Graecos

360 4200 384 4226 ’
399 4202 521 4256 Bne
535 4201 804 4257 scribebat
816 4201 959 4255 idem
970 4204 1029 4255 Ρ.
1042 4201 1274 4257 Pithoeus
1284 4241 1303 4274 ,
1318 4205 1474 4257 Petro
1488 4199 1741 4256 Neveleto
1756 4201 1991 4256 Doschio
2002 4241 2020 4268 ,
2040 4206 2235 4256 sororis
2253 4202 2376 4254 filio.

2088 4290 2134 4342 b.
