<?xml version="1.0" encoding="UTF-8"?>
<!DOCTYPE html PUBLIC "-//W3C//DTD XHTML 1.0 Transitional//EN"
    "http://www.w3.org/TR/xhtml1/DTD/xhtml1-transitional.dtd">
<html xmlns="http://www.w3.org/1999/xhtml" xml:lang="en" lang="en">
 <head>
  <title>
</title>
<meta http-equiv="Content-Type" content="text/html;charset=utf-8" />
  <meta name='ocr-system' content='tesseract 3.04.00' />
  <meta name='ocr-capabilities' content='ocr_page ocr_carea ocr_par ocr_line ocrx_word'/>
</head>
<body>
  <div class='ocr_page' id='page_1' title='image "./deinstitutioneo01flacgoog_0291.png"; bbox 0 0 3200 5117; ppageno 0'>
   <div class='ocr_carea' id='block_1_1' title="bbox 676 512 2503 620">
    <p class='ocr_par' dir='ltr' id='par_1_1' title="bbox 676 512 2503 620">
     <span class='ocr_line' id='line_1_1' title="bbox 676 512 2503 620; baseline 0 -23"><span class='ocrx_word' id='word_1_1' title='bbox 676 532 945 597; x_wconf 62' lang='lat' dir='ltr'><strong>necn-</strong></span> <span class='ocrx_word' id='word_1_2' title='bbox 969 532 1049 601; x_wconf 86' lang='lat' dir='ltr'><strong>x.</strong></span> <span class='ocrx_word' id='word_1_3' title='bbox 1095 529 1616 599; x_wconf 73' lang='lat' dir='ltr'><strong>SEPULCRUM</strong></span> <span class='ocrx_word' id='word_1_4' title='bbox 1663 528 2256 597; x_wconf 65' lang='lat' dir='ltr'><strong>mem-ruma.</strong></span> <span class='ocrx_word' id='word_1_5' title='bbox 2361 512 2503 620; x_wconf 73' lang='lat'><strong>&#39;247</strong></span> 
     </span>
    </p>
   </div>
   <div class='ocr_carea' id='block_1_2' title="bbox 430 651 2612 3844">
    <p class='ocr_par' dir='ltr' id='par_1_2' title="bbox 430 651 2612 3844">
     <span class='ocr_line' id='line_1_2' title="bbox 433 651 2509 755; baseline 0.003 -33"><span class='ocrx_word' id='word_1_6' title='bbox 433 651 643 745; x_wconf 86' lang='lat' dir='ltr'><strong>vidit,</strong></span> <span class='ocrx_word' id='word_1_7' title='bbox 683 676 751 727; x_wconf 88' lang='lat' dir='ltr'><strong>et</strong></span> <span class='ocrx_word' id='word_1_8' title='bbox 776 654 1141 745; x_wconf 76' lang='lat' dir='ltr'>meminit,</span> <span class='ocrx_word' id='word_1_9' title='bbox 1169 654 1360 754; x_wconf 84' lang='lat' dir='ltr'><strong>quod</strong></span> <span class='ocrx_word' id='word_1_10' title='bbox 1388 654 1607 728; x_wconf 71' lang='lat' dir='ltr'><strong>elatus</strong></span> <span class='ocrx_word' id='word_1_11' title='bbox 1634 670 1756 728; x_wconf 74' lang='lat' dir='ltr'><strong>est.</strong></span> <span class='ocrx_word' id='word_1_12' title='bbox 1789 655 2221 747; x_wconf 62' lang='lat' dir='ltr'><strong>Terrebaiz,</strong></span> <span class='ocrx_word' id='word_1_13' title='bbox 2247 655 2509 755; x_wconf 84' lang='lat' dir='ltr'><strong>inquit,</strong></span> 
     </span>
     <span class='ocr_line' id='line_1_3' title="bbox 430 767 2512 861; baseline 0.002 -22"><span class='ocrx_word' id='word_1_14' title='bbox 430 788 501 839; x_wconf 87' lang='lat' dir='ltr'><strong>et</strong></span> <span class='ocrx_word' id='word_1_15' title='bbox 529 767 841 847; x_wconf 72' lang='lat' dir='ltr'><strong>sollicitis</strong></span> <span class='ocrx_word' id='word_1_16' title='bbox 877 769 1196 845; x_wconf 78' lang='lat' dir='ltr'><strong>noctibus</strong></span> <span class='ocrx_word' id='word_1_17' title='bbox 1240 767 1642 843; x_wconf 64' lang='lat' dir='ltr'><strong>laborabas:</strong></span> <span class='ocrx_word' id='word_1_18' title='bbox 1673 767 1857 843; x_wconf 79' lang='lat' dir='ltr'><strong>itane</strong></span> <span class='ocrx_word' id='word_1_19' title='bbox 1895 795 2003 859; x_wconf 72' lang='lat' dir='ltr'><strong>er,</strong></span> <span class='ocrx_word' id='word_1_20' title='bbox 2031 770 2312 861; x_wconf 82' lang='lat' dir='ltr'><strong>marite,</strong></span> <span class='ocrx_word' id='word_1_21' title='bbox 2350 797 2512 843; x_wconf 75' lang='lat' dir='ltr'><strong>cru-</strong></span> 
     </span>
     <span class='ocr_line' id='line_1_4' title="bbox 434 881 2513 974; baseline 0 -17"><span class='ocrx_word' id='word_1_22' title='bbox 434 881 654 957; x_wconf 78' lang='lat' dir='ltr'><strong>delis?</strong></span> <span class='ocrx_word' id='word_1_23' title='bbox 690 905 767 958; x_wconf 84' lang='lat' dir='ltr'><strong>tu</strong></span> <span class='ocrx_word' id='word_1_24' title='bbox 799 885 1154 961; x_wconf 57' lang='lat' dir='ltr'><strong>clausione</strong></span> <span class='ocrx_word' id='word_1_25' title='bbox 1182 883 1450 974; x_wconf 83' lang='lat' dir='ltr'><strong>filium,</strong></span> <span class='ocrx_word' id='word_1_26' title='bbox 1484 883 1696 957; x_wconf 81' lang='lat' dir='ltr'><strong>etiam</strong></span> <span class='ocrx_word' id='word_1_27' title='bbox 1719 882 1778 957; x_wconf 82' lang='lat' dir='ltr'><strong>si</strong></span> <span class='ocrx_word' id='word_1_28' title='bbox 1812 883 1902 957; x_wconf 83' lang='lat' dir='ltr'><strong>ad</strong></span> <span class='ocrx_word' id='word_1_29' title='bbox 1937 905 2003 958; x_wconf 91' lang='lat' dir='ltr'><strong>te</strong></span> <span class='ocrx_word' id='word_1_30' title='bbox 2033 884 2513 959; x_wconf 78' lang='lat' dir='ltr'><strong>veniret?&#39;Nec</strong></span> 
     </span>
     <span class='ocr_line' id='line_1_5' title="bbox 434 999 2525 1100; baseline 0 -27"><span class='ocrx_word' id='word_1_31' title='bbox 434 1020 718 1098; x_wconf 76' lang='lat' dir='ltr'><strong>magus,</strong></span> <span class='ocrx_word' id='word_1_32' title='bbox 751 1000 1019 1100; x_wconf 86' lang='lat' dir='ltr'><strong>inquit,</strong></span> <span class='ocrx_word' id='word_1_33' title='bbox 1058 1000 1343 1077; x_wconf 73' lang='lat' dir='ltr'><strong>inclusit</strong></span> <span class='ocrx_word' id='word_1_34' title='bbox 1372 999 1735 1092; x_wconf 71' lang='lat' dir='ltr'><strong>umbram,</strong></span> <span class='ocrx_word' id='word_1_35' title='bbox 1772 999 1894 1073; x_wconf 80' lang='lat' dir='ltr'><strong>sed</strong></span> <span class='ocrx_word' id='word_1_36' title='bbox 1920 1000 2346 1099; x_wconf 67' lang='lat' dir='ltr'><strong>persuasioni</strong></span> <span class='ocrx_word' id='word_1_37' title='bbox 2381 1021 2525 1074; x_wconf 77' lang='lat' dir='ltr'><strong>tuse-</strong></span> 
     </span>
     <span class='ocr_line' id='line_1_6' title="bbox 435 1112 2612 1213; baseline 0.002 -30"><span class='ocrx_word' id='word_1_38' title='bbox 435 1114 796 1189; x_wconf 69' lang='lat' dir='ltr'><strong>succunit:</strong></span> <span class='ocrx_word' id='word_1_39' title='bbox 825 1113 1120 1213; x_wconf 82' lang='lat' dir='ltr'><strong>ideoque</strong></span> <span class='ocrx_word' id='word_1_40' title='bbox 1136 1133 1335 1212; x_wconf 75' lang='lat' dir='ltr'><strong>putas</strong></span> <span class='ocrx_word' id='word_1_41' title='bbox 1349 1139 1494 1185; x_wconf 84' lang='lat' dir='ltr'><strong>non</strong></span> <span class='ocrx_word' id='word_1_42' title='bbox 1518 1112 1748 1185; x_wconf 84' lang='lat' dir='ltr'><strong>venire</strong></span> <span class='ocrx_word' id='word_1_43' title='bbox 1766 1112 2006 1203; x_wconf 90' lang='lat' dir='ltr'><strong>illum;</strong></span> <span class='ocrx_word' id='word_1_44' title='bbox 2031 1113 2196 1212; x_wconf 80' lang='lat' dir='ltr'><strong>quia</strong></span> <span class='ocrx_word' id='word_1_45' title='bbox 2209 1139 2340 1188; x_wconf 85' lang='lat' dir='ltr'><strong>nec</strong></span> <span class='ocrx_word' id='word_1_46' title='bbox 2355 1133 2514 1187; x_wconf 84' lang='lat' dir='ltr'><strong>ante</strong></span> <span class='ocrx_word' id='word_1_47' title='bbox 2608 1161 2612 1165; x_wconf 95' lang='lat'>-</span> 
     </span>
     <span class='ocr_line' id='line_1_7' title="bbox 433 1227 2514 1335; baseline 0.001 -36"><span class='ocrx_word' id='word_1_48' title='bbox 433 1228 775 1319; x_wconf 83' lang='lat' dir='ltr'><strong>veniebat,</strong></span> <span class='ocrx_word' id='word_1_49' title='bbox 796 1229 963 1327; x_wconf 84' lang='lat' dir='ltr'><strong>quia</strong></span> <span class='ocrx_word' id='word_1_50' title='bbox 985 1256 1114 1303; x_wconf 86' lang='lat' dir='ltr'><strong>nec</strong></span> <span class='ocrx_word' id='word_1_51' title='bbox 1135 1229 1399 1335; x_wconf 74' lang='lat' dir='ltr'><strong>factum</strong></span> <span class='ocrx_word' id='word_1_52' title='bbox 1424 1248 1525 1303; x_wconf 80' lang='lat' dir='ltr'><strong>est</strong></span> <span class='ocrx_word' id='word_1_53' title='bbox 1537 1227 1828 1328; x_wconf 78' lang='lat' dir='ltr'><strong>aliquid,</strong></span> <span class='ocrx_word' id='word_1_54' title='bbox 1854 1227 1930 1303; x_wconf 92' lang='lat' dir='ltr'><strong>in</strong></span> <span class='ocrx_word' id='word_1_55' title='bbox 1947 1256 2092 1329; x_wconf 85' lang='lat' dir='ltr'><strong>quo</strong></span> <span class='ocrx_word' id='word_1_56' title='bbox 2107 1229 2514 1303; x_wconf 70' lang='lat' dir='ltr'><strong>avocareris:</strong></span> 
     </span>
     <span class='ocr_line' id='line_1_8' title="bbox 434 1340 2521 1444; baseline 0.001 -30"><span class='ocrx_word' id='word_1_57' title='bbox 434 1340 565 1415; x_wconf 86' lang='lat' dir='ltr'><strong>hoc</strong></span> <span class='ocrx_word' id='word_1_58' title='bbox 590 1341 738 1440; x_wconf 79' lang='lat' dir='ltr'><strong>ipso</strong></span> <span class='ocrx_word' id='word_1_59' title='bbox 762 1343 1005 1444; x_wconf 79' lang='lat' dir='ltr'><strong>incipit</strong></span> <span class='ocrx_word' id='word_1_60' title='bbox 1018 1342 1387 1419; x_wconf 76' lang='lat' dir='ltr'><strong>matersibi</strong></span> <span class='ocrx_word' id='word_1_61' title='bbox 1409 1342 1758 1443; x_wconf 75' lang='lat' dir='ltr'><strong>gratulari.</strong></span> <span class='ocrx_word' id='word_1_62' title='bbox 1781 1347 1882 1419; x_wconf 87' lang='lat' dir='ltr'><strong>Ita</strong></span> <span class='ocrx_word' id='word_1_63' title='bbox 1908 1371 2054 1419; x_wconf 89' lang='lat' dir='ltr'><strong>non</strong></span> <span class='ocrx_word' id='word_1_64' title='bbox 2081 1365 2389 1434; x_wconf 81' lang='lat' dir='ltr'><strong>tenetur,</strong></span> <span class='ocrx_word' id='word_1_65' title='bbox 2424 1345 2521 1417; x_wconf 88' lang='lat' dir='ltr'><strong>in-</strong></span> 
     </span>
     <span class='ocr_line' id='line_1_9' title="bbox 436 1459 2518 1560; baseline 0.001 -31"><span class='ocrx_word' id='word_1_66' title='bbox 436 1459 591 1555; x_wconf 86' lang='lat' dir='ltr'><strong>quit</strong></span> <span class='ocrx_word' id='word_1_67' title='bbox 613 1459 767 1549; x_wconf 84' lang='lat' dir='ltr'><strong>ille,</strong></span> <span class='ocrx_word' id='word_1_68' title='bbox 791 1487 935 1537; x_wconf 90' lang='lat' dir='ltr'><strong>non</strong></span> <span class='ocrx_word' id='word_1_69' title='bbox 966 1461 1302 1560; x_wconf 87' lang='lat' dir='ltr'><strong>premitur</strong></span> <span class='ocrx_word' id='word_1_70' title='bbox 1320 1512 1340 1552; x_wconf 90' lang='lat'><strong>,</strong></span> <span class='ocrx_word' id='word_1_71' title='bbox 1371 1460 1569 1535; x_wconf 83' lang='lat' dir='ltr'><strong>nullo</strong></span> <span class='ocrx_word' id='word_1_72' title='bbox 1600 1461 1944 1552; x_wconf 85' lang='lat' dir='ltr'><strong>carmine,</strong></span> <span class='ocrx_word' id='word_1_73' title='bbox 1974 1462 2178 1535; x_wconf 82' lang='lat' dir='ltr'><strong>nullo</strong></span> <span class='ocrx_word' id='word_1_74' title='bbox 2211 1460 2518 1535; x_wconf 74' lang='lat' dir='ltr'><strong>inclusus</strong></span> 
     </span>
     <span class='ocr_line' id='line_1_10' title="bbox 438 1574 2523 1676; baseline 0.002 -33"><span class='ocrx_word' id='word_1_75' title='bbox 438 1593 537 1645; x_wconf 82' lang='lat' dir='ltr'><strong>est</strong></span> <span class='ocrx_word' id='word_1_76' title='bbox 551 1574 755 1649; x_wconf 80' lang='lat' dir='ltr'><strong>ferro.</strong></span> <span class='ocrx_word' id='word_1_77' title='bbox 776 1578 1147 1651; x_wconf 78' lang='lat' dir='ltr'><strong>Removete</strong></span> <span class='ocrx_word' id='word_1_78' title='bbox 1174 1574 1339 1674; x_wconf 78' lang='lat' dir='ltr'><strong>ergo</strong></span> <span class='ocrx_word' id='word_1_79' title='bbox 1356 1576 1595 1651; x_wconf 85' lang='lat' dir='ltr'><strong>omnia</strong></span> <span class='ocrx_word' id='word_1_80' title='bbox 1610 1632 1632 1666; x_wconf 87' lang='lat'><strong>,</strong></span> <span class='ocrx_word' id='word_1_81' title='bbox 1659 1596 1730 1650; x_wconf 89' lang='lat' dir='ltr'><strong>et</strong></span> <span class='ocrx_word' id='word_1_82' title='bbox 1753 1576 2193 1675; x_wconf 69' lang='lat' dir='ltr'><strong>interrogabo</strong></span> <span class='ocrx_word' id='word_1_83' title='bbox 2217 1603 2231 1647; x_wconf 75' lang='grc' dir='ltr'>ε</span> <span class='ocrx_word' id='word_1_84' title='bbox 2264 1602 2394 1676; x_wconf 68' lang='lat' dir='ltr'><strong>ego</strong></span> <span class='ocrx_word' id='word_1_85' title='bbox 2411 1601 2523 1648; x_wconf 84' lang='lat' dir='ltr'><strong>au-</strong></span> 
     </span>
     <span class='ocr_line' id='line_1_11' title="bbox 438 1690 2523 1782; baseline 0 -21"><span class='ocrx_word' id='word_1_86' title='bbox 438 1704 578 1761; x_wconf 78' lang='lat' dir='ltr'><strong>tem</strong></span> <span class='ocrx_word' id='word_1_87' title='bbox 612 1690 935 1765; x_wconf 76' lang='lat' dir='ltr'><strong>seelerata</strong></span> <span class='ocrx_word' id='word_1_88' title='bbox 951 1712 1093 1765; x_wconf 77' lang='lat' dir='ltr'><strong>tarn</strong></span> <span class='ocrx_word' id='word_1_89' title='bbox 1118 1692 1255 1766; x_wconf 89' lang='lat' dir='ltr'><strong>cito</strong></span> <span class='ocrx_word' id='word_1_90' title='bbox 1274 1691 1560 1782; x_wconf 83' lang='lat' dir='ltr'><strong>credidi,</strong></span> <span class='ocrx_word' id='word_1_91' title='bbox 1588 1691 1684 1765; x_wconf 87' lang='lat' dir='ltr'><strong>ita</strong></span> <span class='ocrx_word' id='word_1_92' title='bbox 1706 1718 1850 1766; x_wconf 90' lang='lat' dir='ltr'><strong>non</strong></span> <span class='ocrx_word' id='word_1_93' title='bbox 1874 1692 1990 1765; x_wconf 88' lang='lat' dir='ltr'><strong>ille</strong></span> <span class='ocrx_word' id='word_1_94' title='bbox 2012 1693 2105 1765; x_wconf 77' lang='lat' dir='ltr'><strong>ad</strong></span> <span class='ocrx_word' id='word_1_95' title='bbox 2128 1719 2246 1764; x_wconf 76' lang='lat' dir='ltr'><strong>me</strong></span> <span class='ocrx_word' id='word_1_96' title='bbox 2259 1691 2523 1764; x_wconf 76' lang='lat' dir='ltr'><strong>veniret</strong></span> 
     </span>
     <span class='ocr_line' id='line_1_12' title="bbox 438 1802 2525 1907; baseline 0.002 -32"><span class='ocrx_word' id='word_1_97' title='bbox 438 1802 705 1878; x_wconf 72' lang='lat' dir='ltr'><strong>solutus</strong></span> <span class='ocrx_word' id='word_1_98' title='bbox 723 1826 791 1878; x_wconf 85' lang='lat' dir='ltr'><strong>et</strong></span> <span class='ocrx_word' id='word_1_99' title='bbox 808 1804 1033 1880; x_wconf 80' lang='lat' dir='ltr'><strong>liber?</strong></span> <span class='ocrx_word' id='word_1_100' title='bbox 1055 1833 1199 1881; x_wconf 86' lang='lat' dir='ltr'><strong>non</strong></span> <span class='ocrx_word' id='word_1_101' title='bbox 1226 1807 1317 1881; x_wconf 80' lang='lat' dir='ltr'><strong>ad</strong></span> <span class='ocrx_word' id='word_1_102' title='bbox 1341 1808 1471 1883; x_wconf 75' lang='lat' dir='ltr'><strong>hos</strong></span> <span class='ocrx_word' id='word_1_103' title='bbox 1487 1808 1754 1899; x_wconf 77' lang='lat' dir='ltr'><strong>oeulos,</strong></span> <span class='ocrx_word' id='word_1_104' title='bbox 1775 1834 1917 1881; x_wconf 90' lang='lat' dir='ltr'><strong>non</strong></span> <span class='ocrx_word' id='word_1_105' title='bbox 1940 1806 2032 1882; x_wconf 88' lang='lat' dir='ltr'><strong>ad</strong></span> <span class='ocrx_word' id='word_1_106' title='bbox 2056 1807 2185 1880; x_wconf 76' lang='lat' dir='ltr'><strong>hoe</strong></span> <span class='ocrx_word' id='word_1_107' title='bbox 2207 1831 2525 1907; x_wconf 54' lang='lat' dir='ltr'><strong>properat·</strong></span> 
     </span>
     <span class='ocr_line' id='line_1_13' title="bbox 439 1919 2525 2022; baseline 0.003 -36"><span class='ocrx_word' id='word_1_108' title='bbox 439 1937 539 1988; x_wconf 88' lang='lat' dir='ltr'><strong>ret</strong></span> <span class='ocrx_word' id='word_1_109' title='bbox 559 1919 957 2018; x_wconf 82' lang='lat' dir='ltr'><strong>amplexus?</strong></span> <span class='ocrx_word' id='word_1_110' title='bbox 992 1920 1300 2011; x_wconf 83' lang='lat' dir='ltr'><strong>Quando</strong></span> <span class='ocrx_word' id='word_1_111' title='bbox 1334 1921 1527 1994; x_wconf 80' lang='lat' dir='ltr'><strong>enim</strong></span> <span class='ocrx_word' id='word_1_112' title='bbox 1556 1948 1673 1993; x_wconf 87' lang='lat' dir='ltr'><strong>me</strong></span> <span class='ocrx_word' id='word_1_113' title='bbox 1693 1921 1967 2022; x_wconf 85' lang='lat' dir='ltr'><strong>juvenis</strong></span> <span class='ocrx_word' id='word_1_114' title='bbox 1994 1921 2175 2021; x_wconf 88' lang='lat' dir='ltr'><strong>ipse,</strong></span> <span class='ocrx_word' id='word_1_115' title='bbox 2203 1919 2336 1993; x_wconf 67' lang='lat' dir='ltr'><strong>nisi</strong></span> <span class='ocrx_word' id='word_1_116' title='bbox 2358 1919 2525 1993; x_wconf 74' lang='lat' dir='ltr'><strong>flen-</strong></span> 
     </span>
     <span class='ocr_line' id='line_1_14' title="bbox 441 2032 2525 2135; baseline 0.002 -34"><span class='ocrx_word' id='word_1_117' title='bbox 441 2049 579 2103; x_wconf 87' lang='lat' dir='ltr'><strong>tem</strong></span> <span class='ocrx_word' id='word_1_118' title='bbox 598 2088 619 2123; x_wconf 90' lang='lat'><strong>,</strong></span> <span class='ocrx_word' id='word_1_119' title='bbox 645 2035 926 2130; x_wconf 88' lang='lat' dir='ltr'><strong>quando</strong></span> <span class='ocrx_word' id='word_1_120' title='bbox 949 2061 1093 2107; x_wconf 88' lang='lat' dir='ltr'><strong>non</strong></span> <span class='ocrx_word' id='word_1_121' title='bbox 1120 2035 1415 2107; x_wconf 88' lang='lat' dir='ltr'><strong>lividum</strong></span> <span class='ocrx_word' id='word_1_122' title='bbox 1442 2055 1714 2135; x_wconf 87' lang='lat' dir='ltr'><strong>pectus,</strong></span> <span class='ocrx_word' id='word_1_123' title='bbox 1740 2056 1811 2107; x_wconf 92' lang='lat' dir='ltr'><strong>et</strong></span> <span class='ocrx_word' id='word_1_124' title='bbox 1839 2035 2333 2133; x_wconf 80' lang='lat' dir='ltr'><strong>sanguinantes</strong></span> <span class='ocrx_word' id='word_1_125' title='bbox 2353 2032 2525 2105; x_wconf 85' lang='lat' dir='ltr'><strong>vidit</strong></span> 
     </span>
     <span class='ocr_line' id='line_1_15' title="bbox 439 2142 2526 2248; baseline 0.002 -33"><span class='ocrx_word' id='word_1_126' title='bbox 439 2143 775 2223; x_wconf 77' lang='lat' dir='ltr'><strong>lacertos?</strong></span> <span class='ocrx_word' id='word_1_127' title='bbox 809 2146 1089 2248; x_wconf 85' lang='lat' dir='ltr'><strong>quando</strong></span> <span class='ocrx_word' id='word_1_128' title='bbox 1128 2176 1273 2223; x_wconf 91' lang='lat' dir='ltr'><strong>non</strong></span> <span class='ocrx_word' id='word_1_129' title='bbox 1308 2147 1584 2223; x_wconf 86' lang='lat' dir='ltr'><strong>erubuit</strong></span> <span class='ocrx_word' id='word_1_130' title='bbox 1620 2148 1825 2223; x_wconf 86' lang='lat' dir='ltr'><strong>matri</strong></span> <span class='ocrx_word' id='word_1_131' title='bbox 1868 2142 2102 2225; x_wconf 64' lang='lat' dir='ltr'><strong>fecisse</strong></span> <span class='ocrx_word' id='word_1_132' title='bbox 2149 2145 2526 2223; x_wconf 75' lang='lat' dir='ltr'><strong>terrorem?</strong></span> 
     </span>
     <span class='ocr_line' id='line_1_16' title="bbox 440 2260 2527 2362; baseline 0.001 -32"><span class='ocrx_word' id='word_1_133' title='bbox 440 2262 605 2335; x_wconf 84' lang='lat' dir='ltr'><strong>Arte</strong></span> <span class='ocrx_word' id='word_1_134' title='bbox 641 2260 989 2336; x_wconf 76' lang='lat' dir='ltr'><strong>clauditur</strong></span> <span class='ocrx_word' id='word_1_135' title='bbox 1020 2264 1251 2350; x_wconf 76' lang='lat' dir='ltr'><strong>miser,</strong></span> <span class='ocrx_word' id='word_1_136' title='bbox 1284 2284 1427 2335; x_wconf 72' lang='lat' dir='ltr'><strong>arte</strong></span> <span class='ocrx_word' id='word_1_137' title='bbox 1457 2263 1827 2335; x_wconf 72' lang='lat' dir='ltr'><strong>retinetur:</strong></span> <span class='ocrx_word' id='word_1_138' title='bbox 1867 2262 2040 2362; x_wconf 84' lang='lat' dir='ltr'><strong>quid</strong></span> <span class='ocrx_word' id='word_1_139' title='bbox 2073 2262 2176 2335; x_wconf 71' lang='lat' dir='ltr'><strong>vis</strong></span> <span class='ocrx_word' id='word_1_140' title='bbox 2214 2261 2527 2334; x_wconf 78' lang='lat' dir='ltr'><strong>carmina</strong></span> 
     </span>
     <span class='ocr_line' id='line_1_17' title="bbox 443 2372 2520 2476; baseline 0.001 -34"><span class='ocrx_word' id='word_1_141' title='bbox 443 2372 567 2445; x_wconf 90' lang='lat' dir='ltr'><strong>tibi</strong></span> <span class='ocrx_word' id='word_1_142' title='bbox 599 2375 897 2475; x_wconf 83' lang='lat' dir='ltr'><strong>amplius</strong></span> <span class='ocrx_word' id='word_1_143' title='bbox 925 2374 1283 2476; x_wconf 81' lang='lat' dir='ltr'><strong>praestent?</strong></span> <span class='ocrx_word' id='word_1_144' title='bbox 1324 2374 1923 2475; x_wconf 81' lang='lat' dir='ltr'><strong>effecerunt-quod</strong></span> <span class='ocrx_word' id='word_1_145' title='bbox 1950 2372 2479 2475; x_wconf 80' lang='lat' dir='ltr'><strong>repromiseram</strong></span> <span class='ocrx_word' id='word_1_146' title='bbox 2503 2400 2520 2444; x_wconf 73' lang='grc' dir='ltr'>ε</span> 
     </span>
     <span class='ocr_line' id='line_1_18' title="bbox 445 2480 2409 2592; baseline 0.001 -36"><span class='ocrx_word' id='word_1_147' title='bbox 445 2485 694 2560; x_wconf 89' lang='lat' dir='ltr'><strong>desinis</strong></span> <span class='ocrx_word' id='word_1_148' title='bbox 735 2490 1133 2562; x_wconf 87' lang='lat' dir='ltr'><strong>erubescere</strong></span> <span class='ocrx_word' id='word_1_149' title='bbox 1156 2490 1309 2592; x_wconf 87' lang='lat' dir='ltr'><strong>jam</strong></span> <span class='ocrx_word' id='word_1_150' title='bbox 1335 2545 1354 2578; x_wconf 95' lang='lat'><strong>,</strong></span> <span class='ocrx_word' id='word_1_151' title='bbox 1400 2488 1589 2586; x_wconf 91' lang='lat' dir='ltr'><strong>quod</strong></span> <span class='ocrx_word' id='word_1_152' title='bbox 1620 2488 1846 2560; x_wconf 84' lang='lat' dir='ltr'><strong>filium</strong></span> <span class='ocrx_word' id='word_1_153' title='bbox 1881 2515 2024 2560; x_wconf 92' lang='lat' dir='ltr'><strong>non</strong></span> <span class='ocrx_word' id='word_1_154' title='bbox 2050 2486 2286 2560; x_wconf 83' lang='lat' dir='ltr'><strong>vides?</strong></span> <span class='ocrx_word' id='word_1_155' title='bbox 2399 2480 2409 2490; x_wconf 51' lang='lat'>⁸</span> 
     </span>
     <span class='ocr_line' id='line_1_19' title="bbox 540 2601 2525 2705; baseline 0.001 -33"><span class='ocrx_word' id='word_1_156' title='bbox 540 2602 727 2674; x_wconf 88' lang='lat' dir='ltr'>XIX.</span> <span class='ocrx_word' id='word_1_157' title='bbox 779 2607 869 2676; x_wconf 87' lang='lat' dir='ltr'><strong>At</strong></span> <span class='ocrx_word' id='word_1_158' title='bbox 898 2626 1008 2691; x_wconf 89' lang='lat' dir='ltr'><strong>tu,</strong></span> <span class='ocrx_word' id='word_1_159' title='bbox 1046 2602 1241 2702; x_wconf 86' lang='lat' dir='ltr'><strong>cujus</strong></span> <span class='ocrx_word' id='word_1_160' title='bbox 1280 2604 1353 2674; x_wconf 87' lang='lat' dir='ltr'><strong>in</strong></span> <span class='ocrx_word' id='word_1_161' title='bbox 1390 2601 1572 2700; x_wconf 82' lang='lat' dir='ltr'><strong>leges</strong></span> <span class='ocrx_word' id='word_1_162' title='bbox 1605 2602 1706 2673; x_wconf 91' lang='lat' dir='ltr'><strong>dii</strong></span> <span class='ocrx_word' id='word_1_163' title='bbox 1733 2604 1962 2702; x_wconf 83' lang='lat' dir='ltr'><strong>superi</strong></span> <span class='ocrx_word' id='word_1_164' title='bbox 1990 2628 2373 2705; x_wconf 85' lang='lat' dir='ltr'><strong>manesque</strong></span> <span class='ocrx_word' id='word_1_165' title='bbox 2396 2625 2525 2676; x_wconf 92' lang='lat' dir='ltr'><strong>tor-</strong></span> 
     </span>
     <span class='ocr_line' id='line_1_20' title="bbox 448 2715 2523 2817; baseline 0.003 -33"><span class='ocrx_word' id='word_1_166' title='bbox 448 2736 750 2811; x_wconf 88' lang='lat' dir='ltr'><strong>quentur</strong></span> <span class='ocrx_word' id='word_1_167' title='bbox 778 2774 798 2806; x_wconf 91' lang='lat'><strong>,</strong></span> <span class='ocrx_word' id='word_1_168' title='bbox 853 2717 974 2815; x_wconf 90' lang='lat' dir='ltr'><strong>qui</strong></span> <span class='ocrx_word' id='word_1_169' title='bbox 1023 2737 1363 2788; x_wconf 88' lang='lat' dir='ltr'><strong>nocturno</strong></span> <span class='ocrx_word' id='word_1_170' title='bbox 1406 2715 1724 2787; x_wconf 87' lang='lat' dir='ltr'><strong>terribilis</strong></span> <span class='ocrx_word' id='word_1_171' title='bbox 1775 2717 2043 2789; x_wconf 88' lang='lat' dir='ltr'><strong>ululatu</strong></span> <span class='ocrx_word' id='word_1_172' title='bbox 2091 2718 2523 2817; x_wconf 82' lang='lat' dir='ltr'><strong>profundum</strong></span> 
     </span>
     <span class='ocr_line' id='line_1_21' title="bbox 447 2828 2554 2928; baseline 0.002 -29"><span class='ocrx_word' id='word_1_173' title='bbox 447 2854 691 2928; x_wconf 84' lang='lat' dir='ltr'><strong>specus</strong></span> <span class='ocrx_word' id='word_1_174' title='bbox 713 2851 780 2901; x_wconf 85' lang='lat' dir='ltr'><strong>et</strong></span> <span class='ocrx_word' id='word_1_175' title='bbox 804 2830 948 2901; x_wconf 85' lang='lat' dir='ltr'><strong>ima</strong></span> <span class='ocrx_word' id='word_1_176' title='bbox 972 2851 1309 2902; x_wconf 87' lang='lat' dir='ltr'><strong>terrarum</strong></span> <span class='ocrx_word' id='word_1_177' title='bbox 1339 2855 1573 2925; x_wconf 82' lang='lat' dir='ltr'><strong>moves</strong></span> <span class='ocrx_word' id='word_1_178' title='bbox 1589 2885 1611 2920; x_wconf 94' lang='lat'><strong>,</strong></span> <span class='ocrx_word' id='word_1_179' title='bbox 1640 2828 1850 2901; x_wconf 89' lang='lat' dir='ltr'><strong>modo</strong></span> <span class='ocrx_word' id='word_1_180' title='bbox 1873 2832 2316 2904; x_wconf 84' lang='lat' dir='ltr'><strong>servientium</strong></span> <span class='ocrx_word' id='word_1_181' title='bbox 2348 2859 2554 2904; x_wconf 86' lang='lat' dir='ltr'><strong>revo-.</strong></span> 
     </span>
     <span class='ocr_line' id='line_1_22' title="bbox 449 2942 2528 3033; baseline 0.001 -19"><span class='ocrx_word' id='word_1_182' title='bbox 449 2963 632 3015; x_wconf 85' lang='lat' dir='ltr'><strong>cator</strong></span> <span class='ocrx_word' id='word_1_183' title='bbox 689 2942 1088 3016; x_wconf 88' lang='lat' dir='ltr'><strong>animarum</strong></span> <span class='ocrx_word' id='word_1_184' title='bbox 1107 3001 1126 3033; x_wconf 92' lang='lat'><strong>,</strong></span> <span class='ocrx_word' id='word_1_185' title='bbox 1174 2969 1366 3017; x_wconf 88' lang='lat' dir='ltr'><strong>nunc</strong></span> <span class='ocrx_word' id='word_1_186' title='bbox 1413 2943 1599 3017; x_wconf 90' lang='lat' dir='ltr'><strong>idem</strong></span> <span class='ocrx_word' id='word_1_187' title='bbox 1647 2943 1949 3015; x_wconf 84' lang='lat' dir='ltr'><strong>crudelis</strong></span> <span class='ocrx_word' id='word_1_188' title='bbox 1988 2965 2058 3017; x_wconf 90' lang='lat' dir='ltr'><strong>et</strong></span> <span class='ocrx_word' id='word_1_189' title='bbox 2093 2945 2528 3018; x_wconf 85' lang='lat' dir='ltr'><strong>inexorabilis</strong></span> 
     </span>
     <span class='ocr_line' id='line_1_23' title="bbox 449 3056 2530 3158; baseline 0 -29"><span class='ocrx_word' id='word_1_190' title='bbox 449 3079 709 3148; x_wconf 81' lang='lat' dir='ltr'><strong>custos,</strong></span> <span class='ocrx_word' id='word_1_191' title='bbox 764 3058 1145 3156; x_wconf 86' lang='lat' dir='ltr'><strong>aliquando</strong></span> <span class='ocrx_word' id='word_1_192' title='bbox 1193 3083 1424 3158; x_wconf 89' lang='lat' dir='ltr'><strong>preces</strong></span> <span class='ocrx_word' id='word_1_193' title='bbox 1458 3077 1527 3129; x_wconf 92' lang='lat' dir='ltr'><strong>et</strong></span> <span class='ocrx_word' id='word_1_194' title='bbox 1555 3056 1791 3129; x_wconf 87' lang='lat' dir='ltr'><strong>matris</strong></span> <span class='ocrx_word' id='word_1_195' title='bbox 1831 3057 2141 3130; x_wconf 81' lang='lat' dir='ltr'><strong>admitte.</strong></span> <span class='ocrx_word' id='word_1_196' title='bbox 2187 3059 2530 3131; x_wconf 84' lang='lat' dir='ltr'><strong>Paciscere</strong></span> 
     </span>
     <span class='ocr_line' id='line_1_24' title="bbox 451 3170 2528 3270; baseline -0 -27"><span class='ocrx_word' id='word_1_197' title='bbox 451 3171 894 3269; x_wconf 81' lang='lat' dir='ltr'><strong>quantilibet,</strong></span> <span class='ocrx_word' id='word_1_198' title='bbox 928 3193 1101 3245; x_wconf 84' lang='lat' dir='ltr'><strong>totos</strong></span> <span class='ocrx_word' id='word_1_199' title='bbox 1137 3171 1442 3270; x_wconf 73' lang='lat' dir='ltr'><strong>lugentis</strong></span> <span class='ocrx_word' id='word_1_200' title='bbox 1477 3197 1678 3270; x_wconf 82' lang='lat' dir='ltr'><strong>posce</strong></span> <span class='ocrx_word' id='word_1_201' title='bbox 1707 3197 1951 3259; x_wconf 84' lang='lat' dir='ltr'><strong>census</strong></span> <span class='ocrx_word' id='word_1_202' title='bbox 1972 3225 1992 3260; x_wconf 91' lang='lat'><strong>,</strong></span> <span class='ocrx_word' id='word_1_203' title='bbox 2033 3198 2176 3243; x_wconf 89' lang='lat' dir='ltr'><strong>non</strong></span> <span class='ocrx_word' id='word_1_204' title='bbox 2213 3192 2291 3243; x_wconf 90' lang='lat' dir='ltr'><strong>ut</strong></span> <span class='ocrx_word' id='word_1_205' title='bbox 2328 3170 2528 3243; x_wconf 88' lang='lat' dir='ltr'><strong>labo-</strong></span> 
     </span>
     <span class='ocr_line' id='line_1_25' title="bbox 456 3285 2527 3375; baseline 0.002 -22"><span class='ocrx_word' id='word_1_206' title='bbox 456 3308 591 3374; x_wconf 85' lang='lat' dir='ltr'><strong>res,</strong></span> <span class='ocrx_word' id='word_1_207' title='bbox 629 3312 756 3357; x_wconf 87' lang='lat' dir='ltr'><strong>nec</strong></span> <span class='ocrx_word' id='word_1_208' title='bbox 785 3307 863 3358; x_wconf 90' lang='lat' dir='ltr'><strong>ut</strong></span> <span class='ocrx_word' id='word_1_209' title='bbox 888 3285 1249 3359; x_wconf 86' lang='lat' dir='ltr'><strong>horridum</strong></span> <span class='ocrx_word' id='word_1_210' title='bbox 1283 3310 1564 3358; x_wconf 88' lang='lat' dir='ltr'><strong>carmen</strong></span> <span class='ocrx_word' id='word_1_211' title='bbox 1591 3285 1964 3375; x_wconf 58' lang='lat' dir='ltr'><strong>exerceam,¹</strong></span> <span class='ocrx_word' id='word_1_212' title='bbox 1983 3286 2105 3358; x_wconf 85' lang='lat' dir='ltr'><strong>sed</strong></span> <span class='ocrx_word' id='word_1_213' title='bbox 2145 3306 2225 3358; x_wconf 88' lang='lat' dir='ltr'><strong>ut</strong></span> <span class='ocrx_word' id='word_1_214' title='bbox 2261 3286 2527 3358; x_wconf 89' lang='lat' dir='ltr'><strong>ferrum</strong></span> 
     </span>
     <span class='ocr_line' id='line_1_26' title="bbox 457 3398 2530 3499; baseline 0.001 -31"><span class='ocrx_word' id='word_1_215' title='bbox 457 3417 660 3471; x_wconf 86' lang='lat' dir='ltr'><strong>tuum</strong></span> <span class='ocrx_word' id='word_1_216' title='bbox 706 3399 984 3499; x_wconf 75' lang='lat' dir='ltr'><strong>refigas,</strong></span> <span class='ocrx_word' id='word_1_217' title='bbox 1020 3420 1098 3472; x_wconf 90' lang='lat' dir='ltr'><strong>ut</strong></span> <span class='ocrx_word' id='word_1_218' title='bbox 1138 3398 1344 3472; x_wconf 88' lang='lat' dir='ltr'><strong>verba</strong></span> <span class='ocrx_word' id='word_1_219' title='bbox 1386 3420 1504 3473; x_wconf 90' lang='lat' dir='ltr'><strong>tua</strong></span> <span class='ocrx_word' id='word_1_220' title='bbox 1551 3399 1876 3489; x_wconf 85' lang='lat' dir='ltr'><strong>resolvas,</strong></span> <span class='ocrx_word' id='word_1_221' title='bbox 1921 3421 2004 3472; x_wconf 91' lang='lat' dir='ltr'><strong>ut</strong></span> <span class='ocrx_word' id='word_1_222' title='bbox 2040 3399 2220 3472; x_wconf 89' lang='lat' dir='ltr'><strong>nihil</strong></span> <span class='ocrx_word' id='word_1_223' title='bbox 2256 3401 2530 3490; x_wconf 88' lang='lat' dir='ltr'><strong>feceris,</strong></span> 
     </span>
     <span class='ocr_line' id='line_1_27' title="bbox 458 3509 2533 3615; baseline 0.003 -34"><span class='ocrx_word' id='word_1_224' title='bbox 458 3509 721 3586; x_wconf 84' lang='lat' dir='ltr'><strong>dimitte</strong></span> <span class='ocrx_word' id='word_1_225' title='bbox 750 3532 1056 3604; x_wconf 87' lang='lat' dir='ltr'><strong>tantum,</strong></span> <span class='ocrx_word' id='word_1_226' title='bbox 1098 3535 1165 3586; x_wconf 88' lang='lat' dir='ltr'><strong>et</strong></span> <span class='ocrx_word' id='word_1_227' title='bbox 1194 3514 1504 3587; x_wconf 83' lang='lat' dir='ltr'><strong>evocasti.</strong></span> <span class='ocrx_word' id='word_1_228' title='bbox 1534 3514 1726 3586; x_wconf 87' lang='lat' dir='ltr'><strong>Nihil</strong></span> <span class='ocrx_word' id='word_1_229' title='bbox 1756 3514 1903 3615; x_wconf 78' lang='lat' dir='ltr'><strong>ipse</strong></span> <span class='ocrx_word' id='word_1_230' title='bbox 1935 3511 2307 3586; x_wconf 76' lang='lat' dir='ltr'><strong>crudeliter</strong></span> <span class='ocrx_word' id='word_1_231' title='bbox 2329 3530 2344 3559; x_wconf 91' lang='lat'>¹</span> <span class='ocrx_word' id='word_1_232' title='bbox 2372 3543 2388 3585; x_wconf 89' lang='lat'>:</span> <span class='ocrx_word' id='word_1_233' title='bbox 2425 3542 2533 3613; x_wconf 87' lang='lat' dir='ltr'><strong>pa·</strong></span> 
     </span>
     <span class='ocr_line' id='line_1_28' title="bbox 460 3625 2534 3729; baseline 0.002 -32"><span class='ocrx_word' id='word_1_234' title='bbox 460 3625 582 3716; x_wconf 87' lang='lat' dir='ltr'><strong>tri,</strong></span> <span class='ocrx_word' id='word_1_235' title='bbox 610 3628 782 3720; x_wconf 83' lang='lat' dir='ltr'><strong>scio,</strong></span> <span class='ocrx_word' id='word_1_236' title='bbox 817 3629 1139 3729; x_wconf 87' lang='lat' dir='ltr'><strong>paruisti,</strong></span> <span class='ocrx_word' id='word_1_237' title='bbox 1177 3629 1297 3702; x_wconf 90' lang='lat' dir='ltr'><strong>sed</strong></span> <span class='ocrx_word' id='word_1_238' title='bbox 1331 3650 1398 3701; x_wconf 88' lang='lat' dir='ltr'><strong>et</strong></span> <span class='ocrx_word' id='word_1_239' title='bbox 1427 3628 1641 3729; x_wconf 74' lang='lat' dir='ltr'><strong>hujus</strong></span> <span class='ocrx_word' id='word_1_240' title='bbox 1680 3630 1891 3702; x_wconf 87' lang='lat' dir='ltr'><strong>etiam</strong></span> <span class='ocrx_word' id='word_1_241' title='bbox 1924 3628 2258 3722; x_wconf 84' lang='lat' dir='ltr'><strong>lacrimis,</strong></span> <span class='ocrx_word' id='word_1_242' title='bbox 2291 3628 2534 3729; x_wconf 79' lang='lat' dir='ltr'><strong>planc-</strong></span> 
     </span>
     <span class='ocr_line' id='line_1_29' title="bbox 458 3738 2529 3844; baseline 0.004 -35"><span class='ocrx_word' id='word_1_243' title='bbox 458 3738 639 3811; x_wconf 85' lang='lat' dir='ltr'><strong>tibus</strong></span> <span class='ocrx_word' id='word_1_244' title='bbox 671 3740 882 3844; x_wconf 84' lang='lat' dir='ltr'><strong>hujus</strong></span> <span class='ocrx_word' id='word_1_245' title='bbox 911 3743 1226 3844; x_wconf 76' lang='lat' dir='ltr'><strong>indulge,</strong></span> <span class='ocrx_word' id='word_1_246' title='bbox 1269 3743 1552 3817; x_wconf 84' lang='lat' dir='ltr'><strong>consule</strong></span> <span class='ocrx_word' id='word_1_247' title='bbox 1581 3745 1786 3817; x_wconf 78' lang='lat' dir='ltr'><strong>famoe</strong></span> <span class='ocrx_word' id='word_1_248' title='bbox 1811 3766 1946 3817; x_wconf 78' lang='lat' dir='ltr'><strong>tuae</strong></span> <span class='ocrx_word' id='word_1_249' title='bbox 1982 3771 1996 3815; x_wconf 92' lang='lat'>:</span> <span class='ocrx_word' id='word_1_250' title='bbox 2042 3744 2529 3818; x_wconf 81' lang='lat' dir='ltr'><strong>exsecrabilem</strong></span> 
     </span>
    </p>
   </div>
   <div class='ocr_carea' id='block_1_3' title="bbox 459 3989 2534 4145">
    <p class='ocr_par' dir='ltr' id='par_1_3' title="bbox 459 3989 2534 4145">
     <span class='ocr_line' id='line_1_30' title="bbox 535 3989 2534 4089; baseline 0.003 -48"><span class='ocrx_word' id='word_1_251' title='bbox 535 4005 578 4041; x_wconf 85' lang='lat' dir='ltr'><strong>r.</strong></span> <span class='ocrx_word' id='word_1_252' title='bbox 607 3989 809 4042; x_wconf 71' lang='lat' dir='ltr'><strong>mhi!</strong></span> <span class='ocrx_word' id='word_1_253' title='bbox 790 4010 894 4065; x_wconf 66' lang='lat' dir='ltr'><strong>ipse</strong></span> <span class='ocrx_word' id='word_1_254' title='bbox 923 3991 1208 4045; x_wconf 73' lang='lat' dir='ltr'><strong>crudeliter.</strong></span> <span class='ocrx_word' id='word_1_255' title='bbox 1233 3993 1453 4047; x_wconf 79' lang='lat' dir='ltr'><strong>Plenum</strong></span> <span class='ocrx_word' id='word_1_256' title='bbox 1532 4009 1585 4048; x_wconf 86' lang='lat' dir='ltr'><strong>et</strong></span> <span class='ocrx_word' id='word_1_257' title='bbox 1601 3992 1785 4089; x_wconf 75' lang='lat' dir='ltr'><strong>paullo</strong></span> <span class='ocrx_word' id='word_1_258' title='bbox 1809 4008 1961 4047; x_wconf 71' lang='lat' dir='ltr'><strong>antes</strong></span> <span class='ocrx_word' id='word_1_259' title='bbox 1983 3996 2209 4065; x_wconf 76' lang='lat' dir='ltr'><strong>«ltaque</strong></span> <span class='ocrx_word' id='word_1_260' title='bbox 2225 3992 2534 4066; x_wconf 78' lang='lat' dir='ltr'><strong>prudenter,</strong></span> 
     </span>
     <span class='ocr_line' id='line_1_31' title="bbox 459 4071 2534 4145; baseline 0.002 -20"><span class='ocrx_word' id='word_1_261' title='bbox 459 4084 570 4138; x_wconf 72' lang='lat' dir='ltr'><strong>est,</strong></span> <span class='ocrx_word' id='word_1_262' title='bbox 593 4071 1066 4143; x_wconf 73' lang='lat' dir='ltr'><strong>crudeliterfecisti.</strong></span> <span class='ocrx_word' id='word_1_263' title='bbox 1084 4074 1154 4124; x_wconf 87' lang='lat' dir='ltr'><strong>Ut</strong></span> <span class='ocrx_word' id='word_1_264' title='bbox 1174 4091 1332 4145; x_wconf 76' lang='lat' dir='ltr'><strong>supra</strong></span> <span class='ocrx_word' id='word_1_265' title='bbox 1350 4074 1453 4126; x_wconf 79' lang='lat' dir='ltr'><strong>hac</strong></span> <span class='ocrx_word' id='word_1_266' title='bbox 1539 4078 1628 4128; x_wconf 70' lang='lat' dir='ltr'><strong>nsi</strong></span> <span class='ocrx_word' id='word_1_267' title='bbox 1653 4087 1856 4127; x_wconf 78' lang='lat' dir='ltr'><strong>tanturn</strong></span> <span class='ocrx_word' id='word_1_268' title='bbox 1880 4074 1947 4127; x_wconf 77' lang='lat' dir='ltr'><strong>ad</strong></span> <span class='ocrx_word' id='word_1_269' title='bbox 1976 4093 2102 4128; x_wconf 74' lang='lat' dir='ltr'><strong>suos</strong></span> <span class='ocrx_word' id='word_1_270' title='bbox 2122 4078 2369 4128; x_wconf 80' lang='lat' dir='ltr'><strong>veniunt·</strong></span> <span class='ocrx_word' id='word_1_271' title='bbox 2398 4077 2534 4130; x_wconf 81' lang='lat' dir='ltr'><strong>-ubi</strong></span> 
     </span>
    </p>
   </div>
   <div class='ocr_carea' id='block_1_4' title="bbox 458 4151 2530 4309">
    <p class='ocr_par' dir='ltr' id='par_1_4' title="bbox 458 4151 2530 4309">
     <span class='ocr_line' id='line_1_32' title="bbox 458 4151 2530 4229; baseline 0.001 -22"><span class='ocrx_word' id='word_1_272' title='bbox 458 4153 705 4207; x_wconf 77' lang='lat' dir='ltr'><strong>neclan.</strong></span> <span class='ocrx_word' id='word_1_273' title='bbox 733 4151 914 4205; x_wconf 73' lang='lat' dir='ltr'><strong>«Nihil</strong></span> <span class='ocrx_word' id='word_1_274' title='bbox 938 4172 1149 4226; x_wconf 79' lang='lat' dir='ltr'><strong>aspere,</strong></span> <span class='ocrx_word' id='word_1_275' title='bbox 1172 4152 1306 4206; x_wconf 85' lang='lat' dir='ltr'><strong>nihil</strong></span> <span class='ocrx_word' id='word_1_276' title='bbox 1329 4173 1459 4209; x_wconf 84' lang='lat' dir='ltr'><strong>con·</strong></span> <span class='ocrx_word' id='word_1_277' title='bbox 1533 4158 1730 4229; x_wconf 74' lang='lat' dir='ltr'><strong>pariter</strong></span> <span class='ocrx_word' id='word_1_278' title='bbox 1779 4155 2183 4227; x_wconf 70' lang='lat' dir='ltr'><strong>subintelligitur</strong></span> <span class='ocrx_word' id='word_1_279' title='bbox 2229 4176 2289 4208; x_wconf 68' lang='lat' dir='ltr'><strong>»ro</strong></span> <span class='ocrx_word' id='word_1_280' title='bbox 2321 4155 2530 4224; x_wconf 68' lang='lat' dir='ltr'><strong>feceris.</strong></span> 
     </span>
     <span class='ocr_line' id='line_1_33' title="bbox 468 4230 1757 4309; baseline 0.001 -21.036"><span class='ocrx_word' id='word_1_281' title='bbox 468 4248 588 4289; x_wconf 77' lang='lat' dir='ltr'><strong>utra</strong></span> <span class='ocrx_word' id='word_1_282' title='bbox 602 4234 957 4289; x_wconf 83' lang='lat' dir='ltr'><strong>voluntatem:</strong></span> <span class='ocrx_word' id='word_1_283' title='bbox 981 4230 1229 4289; x_wconf 70' lang='lat' dir='ltr'><strong>-s&#39;cilicet</strong></span> <span class='ocrx_word' id='word_1_284' title='bbox 1238 4235 1501 4309; x_wconf 79' lang='lat' dir='ltr'><strong>feceris:-</strong></span> <span class='ocrx_word' id='word_1_285' title='bbox 1538 4237 1757 4290; x_wconf 71' lang='lat' dir='ltr'><strong>Senum.</strong></span> 
     </span>
    </p>
   </div>
  </div>
 </body>
</html>
