3200 5117
456 5031 511 5070 ΙΓ

786 510 855 586 45
1274 505 1366 568 M.
1414 503 1666 567 rann
1713 500 2350 585 Qt'rs'rtLIAxt

769 628 999 699 Tarda
1033 650 1102 698 et
1139 629 1403 725 trepida
1444 649 1606 697 sunt
1638 626 1870 696 officia
1906 653 2296 696 servorum:
2338 650 2465 721 ego
2507 645 2571 695 te
2609 619 2855 721 depre-

776 742 1207 828 hendissem,
1240 746 1575 826 Noverca,
1607 740 2032 836 vigilantem.

874 858 1092 925 xxu.
1126 855 1292 941 Sed,
1315 854 1575 949 iuquit,
1608 852 1874 949 gladius
1901 851 2079 923 Caeci
2115 872 2506 922 cruentatus
2541 850 2858 922 iuvemus

783 994 899 1042 est.
948 973 1104 1040 'Non
1140 991 1272 1056 est,
1298 971 1600 1068 judiceS,
1648 969 1965 1039 caecitatis
1998 968 2290 1039 audacia
2314 1026 2332 1054 ,
2368 968 2453 1039 de
2493 969 2859 1066 parricidio

786 1088 1030 1156 referre
1083 1085 1426 1183 gladium:
1467 1106 1533 1153 et
1579 1082 1792 1153 bomo
1844 1083 2044 1184 cujus
2092 1082 2298 1180 paulo
2343 1105 2499 1152 ante
2542 1083 2862 1180 exquisiti

785 1221 946 1271 sunt
987 1203 1211 1287 sinus,
1254 1227 1394 1269 non
1433 1201 1708 1269 referret
1749 1200 1822 1268 in
1865 1198 2272 1269 cubiculum
2311 1225 2517 1269 suum
2559 1199 2859 1287 ferrum,

784 1315 971 1410 quod
1030 1341 1171 1384 non
1228 1335 1453 1410 tegere
1510 1334 1766 1411 posset,
1811 1340 1952 1382 non
2007 1313 2465 1398 abscondere,
2514 1335 2579 1383 et
2627 1335 2860 1383 tamen

786 1449 1223 1499 cruentatum
1274 1429 1459 1498 sciat.
1514 1428 1698 1516 Quis
1749 1429 1969 1514 hanc,
1997 1427 2298 1527 judiceS,
2351 1427 2860 1525 impudentiam

784 1544 1003 1615 ferat?
1045 1565 1248 1640 negat
1298 1547 1499 1616 Caeco
1547 1545 1794 1641 surripi
1857 1544 2158 1642 potuisse
2205 1543 2514 1640 gladium
2568 1543 2863 1631 mulier,

788 1685 941 1756 quae
972 1687 1044 1729 se
1072 1659 1301 1756 quiete
1335 1658 1646 1729 defendit
1671 1674 1714 1728 ¹.
1753 1661 1836 1729 Et
1871 1679 2131 1755 quanto
2169 1657 2426 1728 facilius
2460 1678 2556 1727 est
2587 1684 2866 1728 somnos

787 1774 1102 1871 decipere
1132 1774 1590 1844 miserorum?
1624 1774 1893 1873 gravior
1921 1795 2019 1844 est
2052 1774 2278 1870 quies,
2313 1772 2570 1870 quibus
2613 1799 2695 1845 ex
2727 1773 2868 1841 las-

788 1889 1086 1959 situdine
1112 1888 1587 1959 calamitatum
1617 1887 1820 1958 venit.
1874 1891 2070 1958 Caeco
2098 1914 2255 1958 vero
2290 1885 2489 1956 facile
2523 1905 2621 1956 est
2653 1885 2866 1956 etiam

788 2006 1098 2103 vigilanti
1157 2006 1495 2104 surripere
1557 2004 1891 2100 gladium.
1951 2000 2572 2091 Quemadmodum
2631 2020 2870 2070 autem

792 2139 1065 2215 paratur
1106 2116 1643 2213 argumentum?
1684 2116 2004 2214 quaedam
2045 2118 2264 2185 facere
2303 2141 2444 2184 non
2484 2132 2705 2211 potest
2739 2137 2872 2181 ne-

791 2232 1127 2328 gligentia
1151 2288 1169 2319 ,
1201 2254 1266 2301 et
1308 2231 1581 2300 facilius
1614 2251 1744 2317 cst,
1777 2251 1855 2300 ut
1884 2230 2250 2300 caecitatem
2294 2229 2652 2298 imitentur
2686 2225 2867 2298 oculi

792 2346 1107 2440 gladium
1157 2367 1593 2417 cruentatum
1635 2367 2062 2443 reponentes,
2125 2348 2269 2416 Has
2317 2366 2594 2415 tantum
2638 2369 2872 2415 causas

794 2459 1037 2546 babet,
1074 2461 1193 2560 qui
1230 2462 1479 2533 occidit
1510 2462 1762 2533 alieno,

892 2575 1147 2645 XXlll.
1174 2578 1445 2665 Sentio,
1467 2577 1766 2677 judices,
1791 2577 2225 2678 jamdudum
2256 2576 2605 2673 indignari
2635 2576 2876 2646 miser-

791 2694 1053 2765 rimum
1087 2693 1456 2791 juvenem,
1499 2693 1687 2790 quod
1734 2692 2191 2791 argumentiS,
2234 2694 2419 2790 quod
2463 2690 2875 2790 probatione

797 2808 1223 2879 defenditur:
1279 2808 1628 2879 reddenda
1675 2830 1838 2879 sunt
1879 2808 2183 2878 maximo
2224 2808 2532 2877 virorum
2575 2804 2876 2904 patroci-

794 2922 917 2992 nia
968 2941 1106 2992 tam
1153 2921 1283 3017 piae
1330 2921 1679 3011 caecitatis»,
1727 2943 1796 2993 et
1835 2920 2105 3018 agenda
2155 2920 2421 3017 reliqua
2460 2946 2617 3018 pars
2658 2943 2875 2989 causae

796 3037 1280 3109 admiratione.
1314 3038 1569 3109 Intueri
1602 3038 1775 3108 mihi
1796 3096 1815 3128 ,
1830 3038 2132 3138 judices,
2161 3037 2396 3107 videor
2425 3034 2878 3135 expeditionis

800 3152 983 3223 illius
1023 3150 1498 3223 incredibilem
1525 3179 1914 3251 novamque
1944 3153 2230 3224 faciem:
2265 3152 2451 3222 vadit
2472 3172 2665 3249 rapto
2695 3171 2877 3247 patre

790 3269 1067 3369 juvenis
1097 3294 1216 3365 per
1243 3269 1557 3339 ardentes
1593 3290 2106 3367 crescentesque
2137 3267 2480 3339 flammas,
2517 3268 2878 3338 Dicturum

802 3408 914 3453 me
955 3383 1245 3480 putatiS,
1291 3403 1366 3452 ut
1412 3382 1686 3471 evadat,
1722 3405 1802 3454 ut
1843 3382 2117 3480 fugiat?
2165 3402 2480 3481 properat
2527 3381 2772 3470 miser,
2809 3402 2883 3453 ut

804 3517 1186 3567 revertatur.
1237 3499 1342 3565 En
1398 3496 1711 3567 membra
1744 3519 2062 3568 contactu
2100 3496 2532 3594 stringuntur
2564 3495 2878 3594 ignium:

805 3631 995 3708 pater
1043 3631 1274 3681 tamen
1321 3631 1463 3682 toto
1514 3613 1907 3709 cooperitur
1953 3612 2311 3710 amplexu,
2365 3633 2431 3683 et
2476 3611 2882 3685 ardentibus

806 3745 972 3796 tunc
1002 3752 1279 3824 quoque
1313 3751 1507 3824 paene
1535 3726 1963 3817 luminibus,
1994 3749 2302 3800 texerunt
2327 3754 2575 3799 manus
2603 3725 2884 3798 alterius

884 3890 927 3924 1
956 3875 1081 3943 Quoe
1099 3892 1149 3927 se
1170 3877 1341 3948 quiete
1362 3876 1610 3948 defendit.
1639 3878 1690 3928 Si
1715 3897 1806 3949 po-
1882 3879 1986 3931 vid.
2024 3898 2132 3951 seq.
2168 3883 2289 3932 Haec
2317 3882 2392 3932 ita
2417 3891 2710 3951 ponuntur,
2735 3878 2884 3948 quasi

807 3957 906 4007 tuit
929 3973 1150 4008 noverca
1177 3956 1437 4020 dormire,
1468 3975 1564 4010 nec
1590 3957 1805 4010 excitari
1885 3957 2141 4027 objecerit
2175 3975 2399 4009 noverca
2416 3994 2434 4023 ,
2457 3956 2690 4029 gladium
2719 3975 2750 4007 a
2779 3957 2886 4027 pri-

808 4038 860 4087 iu
901 4049 1045 4087 tanto
1081 4038 1340 4102 tumultu,
1377 4041 1549 4107 potuit
1585 4053 1640 4090 et
1679 4038 1809 4090 dor·
1885 4042 2041 4110 vigno
2065 4052 2262 4092 attente
2287 4053 2548 4092 servatum
2572 4057 2719 4098 csse,
2743 4036 2883 4091 unde

808 4130 992 4168 mtcnn
1000 4136 1181 4187 juvem
1195 4118 1398 4190 gladius
1415 4120 1627 4190 surripi,
1644 4137 1805 4190 quum
1885 4129 2065 4192 pateat
2100 4120 2274 4190 ipsum
2305 4116 2510 4189 jamdiu
2547 4116 2886 4190 parricidium

808 4196 945 4252 illius
979 4197 1194 4252 altiores
1237 4216 1351 4251 esse
1398 4198 1568 4252 solent
1598 4201 1770 4252 somni
1792 4221 1806 4250 ε
1887 4198 2124 4269 agitasse.
