3200 5117
630 574 900 639 DECL.
946 573 1154 637 VIII.
1204 572 1560 637 GEMINI
1608 567 2271 637 LANGUENTES.
2379 575 2496 660 ¹73

410 841 437 860 Ἰ
445 838 1273 862 ἋΜΜΜΊΜΜΜΜ
1279 836 1859 857 mmmmm
1868 836 2498 861 mmmmmm„

924 1045 1661 1157 DECLAMATIO
1712 1044 1991 1116 V111*.

794 1304 1226 1381 GEMlNl
1286 1302 2103 1425 LANGUENTEs.

1124 1576 1788 1636 ARGUMENTUM.

413 1729 704 1802 Gemini,
745 1728 970 1807 quibus
1016 1740 1193 1786 erant
1232 1738 1407 1809 pater
1446 1740 1506 1786 et
1551 1741 1776 1803 mater,
1819 1740 2117 1808 aegrotare
2158 1742 2497 1811 coeperunt.

438 1898 443 1903 Ι
494 1824 775 1885 Consulti
800 1824 1023 1884 medici
1054 1825 1346 1885 dixerunt
1379 1824 1666 1885 eumdem
1703 1846 1825 1886 esse
1859 1827 2256 1907 languorem:
2291 1827 2501 1908 despe-
2551 1888 2558 1901 ‚

494 1922 775 1981 rantibus
805 1921 1092 2001 reliquis»,
1125 1923 1414 2003 promisit
1442 1943 1604 1981 unus
1638 1944 1700 1982 se
1732 1922 1994 1995 alterurn
2028 1938 2424 1998 sanaturum,
2452 1924 2503 1983 si

496 2016 747 2078 alterius
771 2015 979 2076 vitalia
1004 2018 1376 2099 inspexisset.
1403 2018 1799 2078 Permittente
1823 2034 1995 2099 patre
2017 2019 2279 2079 exsecuit
2303 2018 2506 2078 infan-

495 2128 617 2173 tem
631 2159 649 2189 ,
668 2130 731 2174 et
746 2114 955 2173 vitalia
978 2115 1258 2196 inspexit.
1279 2114 1505 2174 Sanato
1524 2136 1652 2175 uno
1667 2159 1683 2188 ‚
1702 2129 2017 2175 accusatur
2031 2130 2204 2197 pater
2218 2116 2296 2176 ab
2318 2136 2506 2176 uxore

497 2212 676 2273 malae
700 2213 1102 2273 tractationis.

876 2434 1021 2480 PRO
1068 2434 1325 2480 MATRE
1373 2435 1683 2481 CONTRA
1733 2436 2046 2481 PATREM.

521 2612 689 2682 CAP.
725 2611 780 2680 1.
812 2608 1188 2698 QuamviS,
1225 2608 1533 2709 judices,
1574 2609 1970 2706 plurimum
2016 2607 2506 2681 infelicissimae

425 2727 664 2799 matris
684 2727 981 2798 adversis
1009 2726 1475 2800 miserationis
1498 2726 1885 2816 abstulerit,
1915 2726 2103 2823 quod
2129 2754 2207 2798 ex
2236 2726 2510 2799 duobus

424 2841 656 2913 liberis
698 2843 843 2941 pari
886 2841 1356 2941 desperatione
1405 2841 1908 2939 languentibus
1948 2841 2121 2912 alter
2163 2843 2401 2929 evasit,
2446 2863 2512 2912 et

425 2956 771 3055 plerisque
808 2957 1196 3029 maximum
1236 2955 1549 3028 dolorem
1580 2956 1808 3055 prima
1843 2956 2073 3027 fronte
2096 2968 2112 2998 ¹
2153 2956 2509 3027 tractanti-
2575 2958 2583 2966 ’

426 3072 554 3143 bus
598 3073 913 3145 videatur
943 3072 1227 3143 aviditas
1265 3070 1759 3171 gaudiorum²‚
1804 3090 1882 3142 ut
1925 3068 2135 3140 modo
2177 3067 2264 3139 ad
2307 3068 2511 3141 totius

427 3188 730 3267 orbitatis
773 3190 1047 3260 redacta
1088 3187 1531 3289 patientiam,
1555 3187 1709 3289 jam
1752 3213 1896 3257 non
1932 3185 2016 3256 sit
2051 3184 2259 3257 unius
2297 3184 2513 3254 salute

429 3323 786 3392 contenta3
832 3329 974 3375 non
1009 3328 1378 3401 possumus
1421 3322 1660 3373 tamen
1693 3298 2054 3373 affectibus
2099 3298 2329 3371 vestris
2371 3325 2513 3369 non

428 3418 607 3489 hanc
623 3417 924 3517 primam
943 3417 1334 3489 tristissimae
1350 3414 1755 3488 calamitatis
1770 3415 1988 3513 allega
1997 3442 2065 3486 re
2084 3440 2513 3500 mensuram,

430 3561 582 3635 quae
625 3560 705 3604 ex
734 3535 899 3632 ⁴ipsa
942 3558 1224 3632 quoque
1268 3530 1489 3603 solatii
1534 3531 1641 3602 sui
1700 3530 2096 3605 conditione
2139 3527 2512 3601 descendit.

429 3648 670 3719 Minus
698 3648 949 3719 misera
990 3666 1391 3746 quereretur
1433 3646 1516 3716 de
1552 3644 1833 3732 marite,
1869 3645 1923 3715 si
1972 3643 2193 3715 sanari
2237 3669 2363 3713 nec
2402 3641 2516 3713 ille

432 3764 787 3861 potuisset,
828 3791 951 3861 pro
1003 3789 1146 3861 quo
1180 3782 1278 3833 est
1315 3761 1521 3832 frater
1554 3760 1846 3831 occisus:
1894 3786 2085 3831 nunc
2118 3757 2355 3841 infelix
2396 3785 2519 3855 par

500 3957 521 3980 ⁶
534 3958 866 4012 Declamatio
883 3959 1038 4012 VIII.
1057 3960 1116 4010 In
1130 3960 1221 4011 W.
1239 3972 1350 4010 erat
1365 3962 1431 4010 V.
1588 3975 1638 4010 2.
1675 3956 1915 4009 Aviditas
1945 3954 2275 4030 qaudiorum.
2313 3953 2373 4004 ld
2406 3967 2484 4005 est
2503 3990 2520 4019 ,

510 4054 555 4089 1.
593 4039 776 4089 Prima
802 4038 1003 4109 fronte.
1036 4037 1145 4103 Qui
1181 4055 1289 4088 non
1327 4055 1437 4088 rem
1518 4038 1676 4088 nimia
1698 4034 1892 4107 gandia
1917 4033 2214 4084 inconsulta
2237 4045 2413 4083 mente
2435 4049 2524 4100 ap-

424 4119 598 4188 ipsam
623 4118 925 4187 inspiciunt.
948 4115 1169 4167 Senum.
1196 4117 1273 4166 lta
1285 4114 1438 4184 frons
1517 4128 1733 4187 petens,
1762 4116 1846 4165 cui
1880 4130 2088 4181 semper
2121 4110 2279 4162 rebus
2308 4128 2369 4160 ex
2392 4122 2518 4160 voto

435 4214 596 4251 causoe
611 4200 812 4269 prima,
831 4195 1065 4248 Declam.
1086 4197 1301 4248 CCCVl.
1317 4195 1434 4248 vid.
1518 4196 1803 4248 fluentibus
1824 4192 2022 4264 aliquid
2042 4191 2217 4243 adhuc
2243 4190 2423 4245 deesse
2445 4193 2520 4240 vi·-

436 4275 501 4326 ει]
528 4276 695 4329 instit.
722 4277 772 4339 l,
797 4275 858 4342 4,
882 4287 935 4326 et
959 4277 1047 4340 lv,
1074 4291 1117 4326 ι.
1145 4273 1313 4325 Βυιιιι.
1520 4274 1691 4325 detur.
1718 4274 1936 4325 Senum.
