3200 5117
644 606 1063 672 DECLAM.
1113 605 1191 668 V.
1240 605 1518 670 AEGER
1565 603 2182 692 REDEMPTUS.

371 729 629 802 fortius
666 730 996 801 alimenta
1045 749 1450 828 poscantur,
1509 728 1963 827 perdiderunt
1991 742 2010 773 ¹
2068 725 2462 827 pulchritu-

373 846 612 917 dinem
672 845 1243 942 sanctitatemque
1305 865 1604 935 naturae,
1668 843 1788 941 qui
1852 863 2098 943 putant
2155 841 2288 914 illis
2344 869 2465 940 pa·

374 959 679 1030 rentibus
719 959 885 1060 jura
926 985 1320 1031 succurrere
1352 1016 1372 1048 ,
1422 958 1680 1057 quibus
1742 957 1929 1055 apud
1984 957 2231 1029 liberos
2281 954 2465 1028 solva

374 1091 474 1145 est
517 1073 605 1145 de
656 1094 901 1146 mutua
947 1073 1219 1146 caritate
1274 1073 1698 1144 reverentia:
1747 1073 2001 1144 collisis
2063 1097 2464 1172 prospexere

372 1189 780 1288 pignoribus
802 1205 854 1279 ²,
882 1210 949 1262 et
984 1191 1162 1261 inter
1184 1210 1328 1261 tam
1355 1189 1783 1261 venerabiles
1807 1191 2094 1262 affectus
2129 1189 2258 1260 hoc
2282 1216 2464 1286 quo-

375 1329 511 1402 que
541 1295 839 1400 dignum
873 1303 1310 1400 providentia
1340 1302 1511 1392 fuit,
1554 1324 1633 1375 ut
1663 1304 1931 1401 aliquid
1966 1324 2031 1376 et
2058 1304 2218 1375 odia
2259 1329 2465 1401 praes-

372 1438 616 1488 tarent.
639 1417 992 1506 QuereriS,
1012 1416 1338 1506 irasceriS,
1361 1436 1426 1488 et
1441 1416 1594 1488 ideo
1598 1418 1867 1518 juberis
1886 1447 1902 1491 ε
1928 1418 2464 1518 exspectandum

377 1551 475 1601 est
514 1530 832 1602 videlicet
859 1588 879 1621 ‚
927 1549 1004 1601 ut
1048 1530 1425 1606 liberorum
1480 1547 1983 1630 parentumque
2024 1532 2463 1604 concordiam

374 1647 740 1744 praeferan't
758 1644 1008 1717 ³totius
1032 1647 1278 1719 merita
1303 1647 1489 1737 vitae3
1516 1667 1583 1718 et
1614 1663 1686 1719 'ut
1708 1648 1923 1746 pietas
1943 1706 1961 1738 ,
1989 1669 2231 1719 natura
2251 1706 2270 1738 ,
2302 1674 2464 1718 san-

280 1823 283 1832 .
375 1760 532 1860 guis
577 1762 921 1861 accipiant
962 1763 1274 1860 quotidie
1319 1775 1655 1870 tanquam
1705 1763 2020 1834 amicitiae
2066 1788 2357 1835 nexum:
2400 1781 2467 1834 et

377 1873 511 1945 nisi
546 1901 671 1947 nos
702 1876 1290 1972 promeruerimus
1321 1878 1711 1976 obsequiiS,
1746 1877 2181 1967 adulatione,
2202 1876 2469 1978 patien-

376 1989 508 2081 tia,
544 1991 1025 2064 natales·ortus
1059 2010 1126 2063 et
1153 1992 1445 2091 pignora
1476 1994 1702 2091 prima
1734 1991 2133 2092 perierunt?

473 2108 663 2178 V111.
705 2108 776 2180 Si
818 2109 1026 2181 vultis
1048 2167 1067 2200 ‚
1100 2108 1411 2210 judices,
1446 2131 1524 2181 ut
1555 2109 1723 2181 huic
1752 2110 2025 2181 nomini
2063 2107 2248 2180 salva
2275 2107 2360 2179 sit
2392 2107 2468 2177 in

380 2223 571 2294 omni
601 2249 1051 2321 personarum
1082 2226 1468 2298 diversitate
1490 2226 1876 2298 veneratio:
1906 2226 2177 2302 bonum
2203 2243 2466 2322 patrem

380 2338 567 2410 filius
600 2338 769 2430 alat,
807 2341 921 2411 lex'
944 2341 1231 2414 malum.
1266 2345 1426 2414 Non
1461 2343 1713 2415 faciam
1755 2342 1935 2414 hanc
1968 2338 2465 2412 contumeliam

381 2480 611 2526 rerum
646 2477 944 2547 naturae,
980 2482 1124 2528 non
1146 2445 1410 2529 ¹faciam
1445 2458 1579 2558 legi
1601 2516 1621 2548 ,
1658 2477 1739 2529 ut
1771 2479 2088 2529 excusem
2120 2454 2228 2525 vel
2261 2451 2468 2552 pessi-

381 2596 579 2640 mum
611 2593 913 2668 patrem,
950 2592 1028 2643 ut
1068 2599 1260 2645 sacro
1297 2574 1571 2645 nomini
1608 2593 1864 2644 tentem
1904 2571 2195 2671 gratiam
2237 2585 2466 2667 petere

385 2683 472 2755 de
492 2687 726 2759 venia:
754 2689 884 2760 sim
916 2689 1073 2760 licet
1100 2689 1398 2760 crudelis
1418 2716 1496 2761 ac
1517 2713 1763 2777 saevus;
1793 2688 2018 2758 filium
2046 2706 2279 2758 tamen
2311 2682 2470 2754 diu-

384 2800 520 2872 tius
540 2805 763 2876 amavi
777 2803 807 2865 4
827 2833 842 2876 z
880 2806 1245 2878 clauserim
1260 2825 1576 2905 paternos
1591 2824 1872 2903 penates
1892 2834 1908 2892 ;
1928 2802 2013 2874 de
2027 2818 2429 2872 testamento
2445 2855 2464 2886 ,

2343 627 2456 692 ro7
2527 667 2536 672 .

382 2957 512 3012 dens
544 2961 686 3013 inter
716 2963 781 3015 sit
810 2977 861 3016 et
885 2966 1117 3037 primum
1138 2988 1152 3015 .·
1174 2962 1382 3037 ¹infirm.

382 3059 507 3092 rem.
528 3064 543 3093 .-
580 3041 647 3094 sr‘t
678 3042 775 3094 hoc
806 3045 1057 3115 primum.
1100 3046 1202 3096 Lex
1230 3063 1383 3096 sever.

383 3134 482 3188 est,
520 3131 573 3171 et
597 3122 825 3193 fortibus
859 3144 910 3174 a.
946 3144 1003 3195 p:
1045 3138 1096 3176 et
1125 3123 1381 3195 explicat:

384 3199 628 3277 concedit
662 3199 769 3253 hoc
804 3204 1072 3276 praecipue
1103 3203 1271 3275 legem
1304 3206 1387 3256 in-

385 3279 602 3333 tendere
615 3318 632 3346 ,
648 3293 706 3333 ut
726 3280 958 3333 infirmos
977 3291 1224 3354 parentes
1244 3282 1385 3335 alant

384 3360 553 3415 Eheu-i.
587 3364 663 3417 Sit
693 3362 798 3415 hoc
832 3381 959 3433 ergo
990 3366 1257 3435 primum:
1292 3364 1387 3417 sed

388 3461 551 3512 quum
574 3443 655 3495 lex
678 3462 787 3494 non
813 3441 1101 3513 distinguat
1123 3443 1226 3511 (est
1245 3446 1386 3495 enirn

385 3523 441 3573 in
476 3520 615 3573 hanc
650 3523 878 3574 formam
914 3535 1205 3594 concepta,
1241 3521 1388 3575 libera·

378 3614 621 3673 parentes
640 3600 842 3672 alant),
866 3603 1023 3654 etiam
1046 3604 1273 3656 fortibus
1297 3602 1388 3656 de·

383 3678 578 3733 ben'tur
613 3700 676 3734 ex
711 3682 826 3750 lege
864 3682 1128 3735 alimenta.
1170 3683 1253 3735 lta.
1290 3684 1386 3738 hoc

380 3762 611 3832 primum
636 3762 819 3833 virgil.
844 3761 1047 3814 AEneid.
1068 3764 1113 3814 n
1129 3802 1147 3829 ,
1172 3779 1259 3834 79:
1304 3773 1315 3784 ³

462 3857 505 3893 ι.
530 3842 843 3894 Perdiderunt
852 3855 884 3895 t.
907 3844 986 3894 lta
1000 3843 1230 3896 Declam.
1243 3846 1386 3911 vm,

383 3922 449 3975 6:
476 3943 499 3968 c·
520 3921 867 3975 Perdiderunt
884 3923 1041 3995 hujus
1062 3922 1190 3994 legis
1213 3938 1387 3976 aucto-

389 4025 413 4049 ι.
434 4007 658 4056 ritatem.
679 4029 701 4051 n
734 4003 952 4056 Perdere
972 4003 1059 4056 hic
1082 4017 1161 4058 est
1180 4025 1289 4059 rem
1308 4007 1389 4058 in-

384 4082 568 4134 utilem
593 4084 795 4148 facete,
820 4097 868 4134 et
892 4084 1305 4151 infructuosam,
1328 4098 1387 4136 ut

381 4156 592 4236 perdere
630 4160 938 4230 blanditias,
974 4162 1128 4217 ovid.
1167 4163 1294 4216 Met.
1334 4168 1388 4231 1,

387 4243 483 4296 531
498 4282 509 4293 .
532 4243 839 4295 Effecerunt
863 4244 954 4296 illa
978 4244 1091 4316 lege
1106 4284 1123 4312 ,
1146 4259 1206 4297 ut
1223 4244 1388 4315 filius,

389 4325 484 4394 qui
512 4336 781 4380 reveretur
808 4335 860 4375 et
892 4337 1033 4378 amat
1058 4339 1262 4398 patrem
1292 4327 1388 4381 bo-

1464 2981 1593 3014 nurn
1609 3000 1625 3027 ,
1649 2960 1852 3013 nullum
1878 2958 2084 3031 pietatis
2103 2974 2210 3032 suae
2233 2954 2467 3005 fructum

1466 3045 1693 3109 referat,
1726 3044 1771 3093 si
1805 3040 1912 3093 alat
1944 3051 2180 3110 patrem,
2210 3035 2334 3105 quia
2361 3031 2468 3086 dici

1465 3135 1643 3194 potest
1684 3139 1718 3173 a
1757 3119 1873 3191 lege
1915 3129 2132 3170 coactus
2173 3113 2325 3165 alere.
2372 3113 2465 3164 His

1467 3221 1593 3272 ergo
1629 3201 1709 3253 lex
1742 3200 1834 3252 illa
1866 3217 1976 3250 non
2008 3197 2073 3248 sit
2107 3195 2303 3266 scripta
2322 3232 2339 3260 ,
2372 3191 2466 3247 sed

1465 3287 1646 3341 liberis
1663 3326 1680 3354 ,
1711 3288 1804 3360 qui
1831 3304 1954 3337 cum
1981 3280 2289 3355 parentibus
2315 3279 2467 3332 malie

1466 3368 1590 3421 odia
1628 3379 1906 3431 exercent,
1940 3365 2061 3437 qui,
2095 3362 2239 3437 quod
2275 3373 2468 3433 sponte

1464 3449 1671 3503 nollent
1694 3451 1870 3501 facere
1887 3488 1904 3516 ,
1926 3465 2070 3499 nunc
2095 3464 2124 3497 a
2146 3444 2263 3515 lege
2279 3442 2465 3515 juben·

1467 3546 1554 3583 tur
1577 3530 1774 3581 facere.

1538 3629 1585 3662 2.
1616 3592 1814 3662 Cou'isis
1832 3607 2151 3680 pn'qnon'bus.
2177 3601 2236 3655 Id
2261 3616 2371 3669 est,
2396 3605 2471 3654 in-

1462 3690 1612 3742 festis
1637 3679 1843 3739 inter'se
1859 3683 2168 3757 parentibus
2185 3695 2235 3734 et
2257 3681 2466 3734 liberis:

1464 3772 1649 3822 Horat.
1688 3767 1858 3840 Epod.
1897 3769 1951 3832 1,
1991 3783 2010 3819 1
2027 3783 2046 3817 ι
2063 3803 2080 3831 ,
2121 3781 2149 3834 7
2171 3787 2182 3815 :
2227 3784 2250 3809 α
2270 3763 2468 3815 Graecia

1471 3851 1773 3906 «Barbarioe
1808 3850 1955 3902 lento
1994 3847 2180 3900 collisa
2220 3844 2418 3900 duello.
2442 3870 2465 3892 a

1537 3932 1586 3983 3.
1615 3929 1920 4001 Proeferant.
1949 3929 2121 3979 Bur-m.
2147 3923 2323 3976 mallet
2346 3940 2470 3996 pro·

1456 4009 1641 4081 ferant
1654 4047 1671 4073 ,
1697 4005 1751 4058 id
1776 4019 1855 4058 est
1870 4045 1888 4072 ,
1912 4003 2226 4069 extendant,
2249 4017 2360 4053 nou
2385 4003 2471 4053 in-

1466 4092 1623 4141 terire
1656 4089 1955 4159 patiantur3
1990 4098 2049 4137 ut
2079 4083 2185 4137 Liv.
2221 4083 2371 4147 XLI,
2408 4100 2425 4133 ι
2456 4104 2467 4133 :

1472 4193 1495 4216 κ
1514 4170 1755 4241 proferre
1774 4167 1912 4219 diem
1927 4205 1944 4233 ,
1966 4191 1988 4214 n
2013 4179 2063 4218 et
2081 4165 2311 4239 proferre
2331 4166 2473 4216 bene·

1454 4249 1650 4324 ficiuin
1673 4267 1758 4321 ap.
1775 4251 1884 4302 Cic.
1909 4267 2009 4319 pro
2029 4250 2287 4312 Muraena,
2312 4263 2358 4295 c.
2389 4242 2468 4308 14.

1541 4332 1588 4397 4.
1620 4330 1826 4384 Diutius
1853 4329 2043 4382 amavi.
2074 4327 2279 4381 Scilicet
2310 4341 2471 4398 quam
