3200 5117
810 563 846 638 4
1307 553 1396 616 Μ.
1447 553 1693 616 FABIl
1740 553 2372 633 QUINTILIANI

806 676 1149 749 intellectu
1187 674 1261 745 in
1297 676 1642 745 diversum
1667 689 1680 716 ¹
1723 695 1985 758 coacto,
2030 674 2331 746 occisum
2366 699 2446 743 eo
2477 672 2713 771 probet
2743 701 2878 772 pa-

804 812 1012 878 trem,
1055 787 1240 885 quod
1281 813 1419 857 non
1465 787 1788 857 meruerit
1828 786 2122 857 occidi2.
2171 790 2309 857 Nos
2352 812 2507 857 vero
2548 785 2727 856 istud
2775 787 2870 882 (si

803 906 1062 976 crimen
1092 901 1375 1001 putatis)
1405 901 1862 998 agnoscimus.
1894 903 1934 970 J
1943 900 2179 971 nvenis
2214 902 2323 971 hic
2350 901 2557 999 patris
2597 901 2703 971 sui
2747 900 2874 971 he·

806 1046 904 1089 res
940 1017 1120 1088 solus
1160 1037 1274 1085 est.
1315 1016 1467 1085 Hoc
1505 1035 2023 1102 testamentum,
2065 1014 2118 1085 si
2160 1015 2427 1085 vivente
2462 1014 2690 1086 adhuc
2729 1016 2870 1085 mi-

802 1133 1082 1205 serrimo
1106 1158 1266 1201 sene
1292 1128 1580 1200 uotum³
1609 1156 1746 1200 esse
1774 1129 1844 1199 in
1871 1129 2078 1199 domo
2107 1129 2356 1226 potuit,
2383 1128 2562 1199 scitis
2585 1129 2738 1226 quis
2766 1128 2866 1200 illi

802 1247 1121 1319 debuerit
1155 1245 1383 1317 irasci:
1424 1271 1586 1316 nam
1626 1245 1813 1342 quod
1849 1244 2149 1314 invisum
2185 1245 2389 1315 fuisse
2430 1243 2653 1315 filium
2696 1247 2870 1341 patri

791 1362 1033 1462 jactat,
1082 1360 1343 1430 crimen
1388 1361 1704 1430 Novercae
1756 1379 1932 1445 erat,
1988 1358 2042 1428 si
2093 1357 2608 1428 confiteremur:
2659 1358 2867 1456 idque

797 1476 1071 1575 probari
1112 1502 1190 1546 ex
1225 1474 1354 1546 hoc
1388 1494 1613 1570 putat,
1650 1473 1837 1569 quod
1868 1493 2205 1543 secretum
2241 1499 2381 1543 non
2413 1471 2597 1542 filius
2623 1471 2869 1568 accipit

797 1617 839 1661 a
870 1611 1084 1687 patre,
1114 1589 1232 1661 sed
1262 1585 1586 1660 caecitas4.
1616 1588 1782 1676 Quo
1805 1587 1953 1658 loco
1980 1586 2410 1658 dissimulare
2439 1586 2595 1657 satis
2620 1585 2865 1657 callide

796 1725 1080 1776 conatur
1120 1701 1460 1773 invidiam
1505 1728 1703 1773 suam
1723 1701 1771 1769 ⁵.
1817 1704 2014 1772 Pater
2052 1701 2171 1797 qui
2217 1701 2444 1772 filium
2488 1725 2744 1771 caecum
2788 1699 2863 1769 in

872 1952 889 1985 ι
903 1975 914 1986 .
936 1936 1000 1986 In
1021 1936 1291 1987 diversum.
1312 1932 1583 1984 Metuebat
1608 1949 1790 1983 nover-

794 2035 854 2070 ca
888 2036 955 2068 ne
989 2037 1049 2068 ex
1080 2029 1390 2067 testamento
1420 2025 1786 2083 argumentum

792 2108 1060 2166 peteretur
1079 2094 1145 2144 ad
1164 2095 1331 2164 ipsam
1353 2091 1786 2143 convincendam.

794 2179 968 2243 Quare
1000 2176 1170 2244 ipsum
1204 2183 1571 2222 testamentum
1606 2168 1790 2238 objicit

794 2252 982 2304 callida
1006 2269 1110 2320 qun
1136 2252 1186 2299 in
1214 2262 1536 2300 antecessum
1562 2260 1787 2317 occupet

790 2329 1031 2400 judicum
1057 2328 1284 2389 animos,
1311 2342 1508 2393 eosque
1533 2322 1597 2373 ad
1624 2323 1791 2374 diver-

796 2430 851 2462 »a
886 2406 1154 2461 sentienda
1188 2404 1441 2456 traducat.
1477 2405 1558 2455 Sic
1587 2406 1786 2468 Instit.‚

793 2487 883 2539 lib.
909 2489 1003 2549 Ill,
1028 2485 1089 2549 G,
1116 2495 1167 2533 et
1190 2481 1275 2533 alii
1302 2483 1506 2552 passim.

866 2585 914 2620 2.
942 2564 1089 2635 Quod
1114 2580 1215 2613 non
1241 2562 1477 2612 meruerit
1500 2560 1664 2611 occidi
1674 2582 1691 2619 ,·
1712 2561 1784 2611 sic

793 2648 984 2698 Noster
1004 2641 1236 2695 Declam.
1258 2638 1389 2704 348,
1416 2661 1438 2683 ι
1458 2640 1784 2708 (wigmanni.

801 2753 822 2774 κ
843 2729 906 2779 sit
931 2727 1115 2775 iterum
1140 2719 1275 2770 idem
1290 2758 1303 2785 ,
1323 2736 1432 2789 quo
1454 2716 1661 2769 exilium
1684 2737 1787 2769 me-

700 2811 705 2816 ’
802 2829 823 2850 ⁸
840 2804 1023 2857 ruerit.
1047 2824 1068 2847 υ

867 2885 916 2935 3.
942 2882 1057 2934 Hoc
1080 2889 1435 2932 testamentum
1458 2879 1545 2928 si..
1562 2913 1574 2926 .
1605 2887 1786 2926 notum

795 2985 919 3030 esse,
957 2977 1055 3013 etc.
1073 2960 1199 3010 Vult
1218 2955 1492 3010 verisimile
1513 2976 1620 3008 uon
1646 2975 1786 3020 esse,

796 3042 941 3117 qnod
952 3043 1154 3092 vivente
1170 3057 1294 3089 sene
1308 3037 1619 3099 constiterit,
1632 3051 1787 3106 quem

795 3126 893 3179 sibi
911 3119 1156 3174 heredem
1177 3119 1495 3188 scripsisset:
1524 3115 1627 3166 hoc
1647 3117 1786 3167 enim

795 3200 1133 3256 occultabant
1144 3236 1160 3262 ‚
1177 3195 1413 3248 adhibito
1429 3193 1635 3245 famili-‘e
1650 3212 1789 3263 emp·

795 3298 924 3335 tore.
951 3278 1083 3331 Vide
1106 3280 1319 3330 Suetou.
1345 3278 1563 3338 Neron.‚
1585 3293 1702 3345 cap.
1726 3273 1787 3338 4,

797 3377 849 3414 et
898 3362 1063 3413 Instit.
1119 3356 1186 3408 de
1225 3358 1365 3407 Test.
1391 3354 1592 3419 ordia,
1627 3368 1678 3405 et
1714 3355 1786 3407 ibi

795 3439 1037 3513 Theoph.
1062 3438 1181 3490 add.
1204 3439 1452 3487 Nostrum
1465 3474 1481 3500 ‚
1497 3435 1782 3487 Declamat.

802 3525 917 3577 108.
940 3517 1294 3575 occultabant
1318 3518 1479 3568 etiam
1496 3534 1555 3567 ea
1585 3520 1784 3568 ratione

798 3619 912 3673 quae
958 3613 1198 3668 expressa
1239 3595 1292 3643 in
1334 3593 1513 3644 eadem
1560 3597 1785 3645 Neronis

795 3684 927 3745 vita,
951 3698 998 3730 c.
1028 3695 1116 3745 ¹7²
1148 3697 1171 3721 ι
1190 3676 1442 3740 Cautum,
1466 3688 1523 3725 ut
1546 3677 1600 3725 in
1625 3688 1785 3727 testa-

786 3782 825 3807 «
844 3757 1032 3811 mentis
1054 3755 1230 3824 primae
1254 3750 1367 3802 ‹luoe
1391 3771 1547 3817 cerae,
1572 3765 1786 3805 testato-

802 3866 825 3890 ·
845 3858 961 3892 rum
986 3834 1143 3887 modo
1168 3835 1381 3885 nomine
1403 3835 1686 3903 inscripto,
1705 3853 1787 3886 va·

801 3945 823 3970 a
842 3938 953 3973 cuo
974 3914 1251 3986 signaturis
1275 3914 1694 3966 ostenderentur.
1727 3916 1784 3966 Id

802 4024 825 4047 ι
845 3997 980 4051 adeo
1002 3992 1360 4046 introductum
1375 4029 1392 4055 ,
1416 3993 1540 4062 quia
1564 3994 1785 4062 negotiis
1829 4055 1834 4064 β

798 4104 827 4130 ι
846 4086 1232 4148 compererant,
1261 4071 1617 4142 periculosum
1645 4091 1784 4139 esse,

804 4183 829 4205 a
847 4161 890 4211 si
913 4154 1082 4228 palam
1112 4152 1285 4213 fieret,
1309 4149 1374 4200 ad
1402 4168 1561 4221 quem
1586 4149 1786 4202 heredi—

802 4260 824 4283 a
844 4238 963 4287 tatis
985 4232 1159 4283 honos
1177 4241 1229 4280 et
1247 4227 1450 4280 lucrum
1472 4243 1784 4299 perventura

1876 1954 1898 1978 ι
1918 1945 2103 1984 essent.
2130 1956 2152 1978 a
2177 1933 2393 2001 Egregie
2413 1929 2519 1982 huc
2542 1930 2763 2001 pertinet
2785 1930 2863 1979 In·

1867 2015 1969 2064 stit.
1997 2012 2062 2064 de
2087 2014 2254 2085 Pupil.
2282 2012 2517 2076 submit„
2539 2011 2581 2081 ᾖ.
2608 2011 2659 2063 3.

1938 2094 1986 2158 4.
2013 2095 2270 2145 Sem-etum
2301 2112 2405 2144 non
2434 2092 2624 2162 accipit
2634 2089 2800 2164 filim.
2819 2130 2831 2141 .
2847 2130 2858 2140 .

1866 2172 1953 2222 sed
1972 2172 2183 2222 coecitas.
2209 2170 2323 2221 Filii
2352 2185 2402 2222 et
2425 2172 2666 2222 caecitatis
2697 2189 2861 2241 quum

1867 2252 1918 2300 in
1944 2248 2025 2300 his
2050 2251 2365 2301 mentionem
2386 2249 2576 2300 factam
2598 2246 2863 2311 videmus,

1866 2329 2017 2380 simul
2046 2329 2316 2381 intendere
2344 2329 2594 2380 debemus
2627 2330 2860 2380 animum

1867 2405 1935 2458 ad
1959 2426 2019 2458 ea
2046 2427 2158 2478 quae
2184 2426 2300 2458 cum
2327 2410 2437 2458 istis
2463 2420 2584 2458 sunt
2608 2409 2861 2475 conjunc-

1866 2503 1934 2539 ta.
1974 2490 2056 2540 Sic
2093 2491 2285 2540 Noster
2317 2488 2548 2538 Declam.
2593 2489 2652 2540 16
2689 2503 2856 2540 extr.:

1870 2591 1891 2614 a
1913 2570 2023 2618 Nec
2065 2569 2184 2639 plus
2228 2582 2304 2620 est
2346 2569 2492 2640 quod
2535 2589 2642 2621 non
2680 2584 2860 2641 potest

1870 2669 1891 2691 ιι
1912 2647 2049 2697 ferre
2081 2648 2313 2709 ezec-itas,
2338 2665 2495 2717 quam
2533 2662 2724 2700 mater:
2747 2674 2769 2697 ι
2804 2664 2857 2700 et

1860 2727 2090 2779 Declam.
2111 2728 2157 2780 5.
2179 2729 2368 2781 Sensus
2389 2742 2560 2779 autem
2582 2744 2656 2780 est
2674 2768 2690 2794 ‚
2711 2730 2856 2802 quod

1865 2805 2026 2856 filium
2063 2825 2256 2858 cawcum
2292 2821 2441 2877 pater
2472 2806 2766 2872 submovit,
2804 2824 2858 2860 et

1864 2887 2121 2954 separavit
2142 2886 2300 2937 domo
2313 2925 2329 2950 .‚
2347 2904 2446 2937 nec
2465 2905 2672 2957 semper
2685 2892 2857 2958 proxi-

1864 2981 1948 3013 me
1973 2981 2026 3013 se
2050 2979 2098 3015 et
2125 2963 2403 3015 familiares
2428 2963 2643 3029 habuit,
2667 2965 2719 3016 id
2745 2985 2854 3017 nou

1866 3058 2044 3092 amore
2055 3077 2071 3100 ,
2087 3041 2179 3093 sed
2194 3040 2317 3093 odio
2333 3044 2495 3112 patris
2507 3041 2855 3111 judicandum

1866 3138 2009 3182 esse,
2032 3122 2317 3189 praesertim
2341 3139 2502 3191 quum
2527 3120 2580 3171 id
2604 3140 2710 3173 non
2737 3124 2855 3175 fne-

1867 3202 1934 3250 rit
1964 3214 2083 3251 ante
2116 3203 2413 3252 caecitatem.
2451 3203 2657 3253 Coect'tas
2686 3205 2739 3253 iu
2773 3202 2858 3257 his

1864 3277 2169 3348 accipienda
2190 3298 2286 3350 pro
2306 3298 2442 3331 caeco
2457 3281 2573 3350 ipso
2584 3317 2601 3345 ‚
2617 3280 2706 3332 sed
2722 3282 2856 3334 illud

1866 3359 2110 3411 maluisse
2125 3373 2309 3412 auctor
2321 3359 2545 3425 videtur,
2562 3379 2670 3431 quo
2690 3366 2856 3434 magis

1865 3458 1945 3491 res
1987 3439 2351 3491 inculcaretur.
2392 3443 2561 3512 Atque
2598 3443 2667 3493 ita
2707 3443 2856 3515 loqui

1865 3517 1962 3569 sub
2015 3519 2301 3571 Caesaribus
2359 3536 2644 3590 caeperunt.
2704 3521 2854 3573 Unde

1864 3596 2064 3649 fluxerit
2095 3599 2190 3648 ista
2224 3598 2584 3664 consuetudo,
2616 3599 2735 3652 vide
2765 3619 2851 3672 ap.

1862 3675 2044 3728 Senee.
2071 3678 2322 3727 Controv.
2351 3677 2410 3727 18
2436 3691 2555 3730 ante
2579 3681 2670 3731 fin.

1933 3755 1983 3807 5.
2008 3753 2270 3806 Invidiam
2290 3773 2456 3806 suam.
2489 3758 2606 3824 Qua
2643 3755 2853 3809 labora-

1863 3833 1955 3885 bat
1975 3871 1992 3898 ‚
2037 3836 2160 3905 quia
2204 3834 2497 3904 privignum
2542 3833 2751 3886 videbat
2793 3835 2849 3884 in

1861 3918 2111 3967 maximas
2126 3912 2330 3965 divitias
2345 3927 2646 3981 venturum,
2660 3914 2852 3988 quibus

1862 3994 1977 4062 ipsa
2004 3990 2264 4045 inhiabat:
2294 3992 2435 4045 unde
2461 3995 2505 4045 si
2531 3995 2726 4046 invisus
2753 3993 2852 4045 fuit

1865 4070 1970 4122 filio
1993 4083 2163 4141 pater,
2186 4068 2436 4123 credibile
2461 4085 2539 4123 est
2565 4090 2727 4143 opera
2755 4090 2855 4123 no-

1863 4167 2026 4201 verca
2047 4148 2101 4200 id
2123 4150 2337 4202 factum.
2365 4151 2475 4203 Nisi
2500 4150 2754 4204 invidiam
2773 4169 2857 4202 ac·

1862 4230 2083 4299 cipimus
2120 4246 2221 4297 pro
2256 4227 2431 4281 studio
2469 4228 2772 4283 adducendi
2796 4232 2853 4281 in
