3200 5117
721 547 843 626 348
1224 550 1318 611 M.
1369 548 1618 609 FABII
1666 546 2303 627 QUINTILIANI

718 670 905 741 nasci
928 689 1099 768 puto
1126 697 1139 739 :
1171 691 1234 739 et
1253 670 1307 739 si
1334 669 1486 766 quis
1507 667 1744 739 omnia
1768 694 1924 738 vera
1949 668 2210 738 ratione
2239 665 2581 765 respiciat,
2610 666 2808 765 quid-

717 785 885 883 quid
911 784 1163 855 liberos
1183 840 1201 871 ,
1231 785 1471 854 fratres
1492 839 1508 870 ,
1537 782 1963 882 propinquos
1989 781 2281 851 invicem
2313 800 2538 869 tenet,
2565 781 2810 851 amici-

716 900 806 970 tia
835 919 953 970 est.
987 900 1326 970 Homines
1358 899 1602 997 igitur,
1635 925 1808 996 quos
1839 924 2061 995 quum
2095 896 2395 967 maxime
2431 896 2808 968 incredibi-

715 1015 890 1085 lium
939 1044 1170 1087 rerum
1216 1017 1526 1113 loquitur
1575 1015 1868 1102 invidia,
1914 1041 2156 1085 sumus
2207 1013 2356 1084 sine
2401 1014 2616 1085 dubio
2660 1041 2802 1086 non

716 1129 1029 1230 ejusdem
1075 1159 1231 1230 pars
1276 1132 1560 1220 animae,
1607 1158 1748 1201 non
1799 1129 2114 1229 ejusdem
2160 1129 2434 1227 pondus
2486 1129 2695 1218 uteri3
2739 1150 2806 1202 et

716 1267 974 1344 quanto
1014 1247 1249 1316 minus
1285 1248 1354 1317 in
1388 1247 1607 1318 causis
1633 1304 1651 1334 ‚
1685 1266 1872 1316 tanto
1910 1246 2066 1343 plus
2104 1245 2174 1314 in
2216 1245 2470 1316 affectu
2509 1265 2646 1316 est:
2681 1245 2806 1316 ad-

716 1360 1097 1432 mirabilior
1122 1361 1358 1432 caritas
1378 1418 1394 1449 ,
1425 1362 1494 1431 in
1521 1389 1736 1459 quam
1765 1360 2034 1431 coimus
2058 1359 2324 1432 viribus
2351 1359 2616 1429 nostris,
2644 1363 2801 1431 Non

717 1478 961 1574 pudet,
982 1476 1258 1576 judices
1278 1535 1294 1564 ,
1322 1477 1500 1548 hanc
1523 1476 1718 1547 fateri
1747 1475 2304 1575 persuasionem3
2338 1474 2575 1544 minus
2601 1473 2807 1545 debe-

715 1613 829 1663 tur
865 1592 1170 1682 homini,
1212 1594 1332 1691 qui
1371 1593 1676 1692 aliquem
1714 1594 1870 1664 ideo
1906 1613 2176 1666 tantum
2215 1615 2437 1682 amat,
2473 1594 2634 1694 quia
2678 1622 2805 1666 ne-

716 1734 895 1778 cesse
930 1728 1062 1779 est:
1098 1708 1190 1779 ita
1224 1729 1361 1797 est,
1389 1709 1700 1809 judiceS,
1740 1709 1831 1779 ita
1867 1730 1997 1798 est,
2034 1736 2072 1778 a
2108 1708 2345 1807 primis
2378 1708 2604 1780 statim
2643 1731 2804 1780 aeta-

714 1822 902 1893 tibus
929 1822 998 1893 in
1026 1824 1344 1894 eamdem
1369 1825 1551 1896 coire
1575 1826 1781 1896 vitam
1807 1824 2014 1895 habet
2039 1824 2345 1921 aliquem
2367 1824 2796 1895 fraternitatis

657 2027 662 2032 ψ
711 1938 1064 2009 affectum.
1094 1940 1206 2009 Sic
1235 1940 1560 2012 effectum
1593 1962 1690 2011 est
1710 1999 1729 2030 ,
1755 1961 1831 2011 ut
1860 1968 1982 2010 nos
2009 1940 2240 2011 statim
2267 1940 2454 2009 fama
2478 1938 2800 2010 commit-

711 2071 912 2141 teret3
955 2073 1020 2122 et
1057 2053 1170 2123 tali
1207 2055 1579 2126 certamine
1629 2054 1999 2141 coivimns,
2033 2074 2114 2124 ut
2145 2052 2197 2125 si
2237 2054 2407 2151 quid
2449 2052 2802 2124 accidisset

715 2168 872 2258 uni,
901 2169 1177 2241 deberet
1201 2191 1265 2241 et
1289 2171 1484 2243 alteri
1514 2171 1947 2269 exemplum:
1974 2169 2133 2242 inde
2160 2192 2294 2258 est,
2321 2170 2509 2267 quod
2531 2190 2595 2241 et
2621 2169 2801 2268 pari-

710 2303 811 2352 ter
843 2284 1081 2354 reverti
1117 2287 1663 2384 contempsimus
1687 2301 1702 2329 ¹
1729 2318 1745 2374 ;
1783 2306 1848 2356 et
1876 2286 2072 2384 quasi
2110 2285 2380 2356 facilius
2420 2306 2594 2356 esset
2625 2285 2801 2355 inter

713 2396 920 2485 fidos,
953 2398 1213 2495 placuit
1241 2401 1371 2471 sub
1405 2402 1663 2473 incerto
1694 2400 1917 2501 pelagi
1950 2401 2309 2473 cohaerere.

808 2514 928 2582 Ill.
966 2516 1104 2583 Nec
1140 2535 1371 2587 tamen
1400 2518 1727 2607 vanitate,
1761 2546 1886 2588 nec
1921 2518 2228 2589 discursu
2261 2517 2509 2615 putetis
2540 2537 2799 2587 extrac-

711 2645 846 2696 tos:
887 2654 1174 2726 magnas
1210 2651 1276 2701 ct
1311 2632 1824 2730 inexplicabiles
1864 2632 2233 2730 navigandi
2274 2632 2482 2703 fuisse
2522 2658 2796 2718 causas,

709 2740 815 2811 vcl
858 2742 1020 2812 hinc
1054 2745 1335 2841 potestis
1367 2747 1702 2818 aestimare
1725 2804 1743 2835 ‚
1779 2748 1967 2846 quod
2003 2774 2128 2817 nos
2171 2774 2310 2817 non
2348 2745 2652 2818 detinuit
2686 2746 2799 2816 hic

712 2879 949 2928 mater.
982 2861 1326 2934 Utrumne
1354 2861 1580 2961 igitur,
1601 2863 1874 2962 judices
1894 2921 1910 2951 ,
1944 2890 2217 2934 sumere
2244 2862 2330 2934 de
2360 2862 2559 2934 nobis
2586 2863 2789 2933 etiam

709 2998 901 3043 nunc
925 2974 1143 3045 voluit
1163 2977 1720 3073 experimentum
1746 2978 1894 3076 ipsa
1914 2978 2260 3048 amicitia?
2286 2999 2349 3047 et
2375 3004 2618 3075 parum
2643 2976 2789 3045 for-

708 3106 876 3157 tuna
905 3089 1193 3159 credidit
1227 3091 1634 3162 hominibus
1663 3092 1894 3162 adhuc
1928 3112 2199 3163 tantum
2232 3092 2516 3163 feliciter
2542 3115 2792 3160 aman-

710 3201 941 3271 tibus?
986 3230 1073 3272 an
1121 3204 1262 3275 haec
1312 3227 1414 3276 est
1460 3234 1729 3303 magnae
1772 3235 2047 3306 semper
2093 3208 2443 3306 opinionis
2488 3203 2793 3277 invidia?

713 3341 835 3384 nec
869 3317 996 3386 ulli
1034 3345 1344 3415 unquam
1386 3342 1524 3392 tam
1562 3321 1769 3418 plena
1803 3324 2229 3394 confessione
2268 3323 2679 3412 laudantur,
2718 3340 2798 3391 ut

708 3432 863 3503 illos
898 3460 1036 3504 non
1082 3436 1226 3534 ipsa
1266 3465 1543 3537 quoque
1585 3441 1886 3513 amicitia
1922 3463 2180 3514 tentare
2215 3441 2414 3513 velit?
2446 3440 2793 3512 Litoribus

708 3547 977 3642 appulsi
1013 3576 1291 3637 sumus,
1327 3552 1686 3641 homineS,
1723 3582 2024 3652 quorum
2060 3556 2297 3627 omnia
2338 3581 2569 3642 casm,
2605 3556 2795 3625 fama

709 3660 1162 3747 custodiebat,
1185 3667 1667 3738 consumimur
1687 3691 1936 3742 terrore
1956 3728 1973 3760 ,
1997 3671 2115 3769 qui
2140 3671 2538 3770 parentibus
2559 3670 2793 3741 statim

786 3880 828 3913 1.
857 3867 1274 3938 Cotncmpsae‘mus.
1301 3868 1444 3937 Quid
1464 3870 1601 3924 hoc?
1620 3876 1712 3924 im·
1791 3894 1934 3927 nunc
1976 3895 2112 3928 unus
2156 3876 2223 3927 ad
2263 3889 2483 3927 matrem
2523 3871 2793 3924 visendam

707 3963 795 3994 mo
813 3944 1003 4014 quibus
1019 3948 1281 3999 cohaerere
1296 3951 1469 4019 placet
1482 3990 1497 4014 ‚
1513 3952 1709 4006 debent
1791 3954 2031 4007 dimissus
2052 3958 2144 4019 sit,
2163 3954 2249 4006 ille
2268 3952 2388 4005 ideo
2412 3952 2513 4003 sibi
2531 3950 2599 4003 ad
2621 3963 2794 4022 tyran·

708 4028 891 4093 etiam,
911 4042 964 4078 ut
984 4029 1133 4079 simul
1155 4033 1345 4100 egressi
1368 4034 1536 4101 patria
1557 4047 1708 4099 sunt,
1789 4056 1915 4087 num
1937 4036 2261 4090 redeundum
2286 4055 2399 4088 esse
2418 4037 2517 4098 ait,
2540 4036 2664 4105 quia
2683 4051 2791 4085 non

707 4108 859 4159 simul
886 4113 1093 4172 reverti3
1120 4131 1280 4181 quare
1307 4113 1557 4182 legerem,
1583 4133 1708 4164 con·
1788 4118 1885 4167 nisi
1932 4121 2127 4187 pariter
2172 4113 2339 4167 redire
2380 4114 2694 4174 voluerunt3
2739 4123 2790 4163 et

706 4189 980 4252 tendimus,
999 4191 1101 4244 hoc
1118 4197 1291 4244 animo
1307 4198 1706 4267 proposuimus,
1789 4196 1913 4249 hinc
1944 4201 2092 4268 quasi
2121 4196 2326 4248 facilius
2360 4207 2497 4247 esset
2529 4197 2644 4259 iter,
2673 4191 2787 4264 pla-

705 4284 757 4322 οι
797 4273 1005 4327 efficere
1048 4276 1373 4330 studuimus:
1417 4295 1538 4329 nam
1583 4277 1709 4330 licet
1787 4279 1897 4329 cuit
1911 4276 2170 4328 cohaerere
2192 4278 2246 4327 iu
2265 4276 2411 4327 omni
2428 4276 2507 4327 itu
2526 4286 2579 4327 et
2597 4272 2786 4326 reditu.
