3200 5117
631 572 728 635 m
776 565 1190 634 DECLAM.
1237 564 1331 629 M.
1380 563 1452 628 F.
1500 561 2165 646 QUINTILIANI.
2279 588 2439 630 xm

351 696 435 758 sit
451 690 701 771 dicere,
720 691 828 757 cui
853 688 1068 755 debeo
1091 687 1474 777 plurimum.
1506 686 1644 751 lllic
1668 702 1817 773 post
1835 686 2052 752 varios
2073 707 2441 769 sermones,

351 823 557 890 quum
583 800 651 862 in
675 796 1032 889 quemdam
1055 793 1488 882 depravatum
1513 792 1724 882 Lysiae
1749 792 1968 857 locum
1995 813 2259 858 mecum
2285 795 2446 860 inci-

352 906 587 983 disset,
619 926 697 969 ac
729 904 936 983 forte,
964 902 1119 991 quia
1138 900 1308 996 juris
1334 916 1474 964 crat
1496 898 1778 988 quaestio
1795 948 1813 978 ,
1839 898 2123 965 feliciter
2146 902 2300 965 satis
2319 951 2335 981 ‚
2370 917 2446 966 ut

352 1011 621 1103 quidem
640 1012 700 1076 ei
715 1008 1084 1086 videbatur,
1102 1030 1257 1071 eum
1274 1005 1654 1095 conjectura
1673 1001 1960 1095 quadam
1977 1006 2442 1073 restituisscm:

347 1124 431 1186 At
452 1143 646 1198 vero,
672 1118 923 1207 inquit,
949 1117 1185 1180 harum
1209 1113 1293 1180 ad
1317 1116 1544 1191 instar,
1569 1135 1723 1201 quae
1751 1130 1883 1178 tam
1917 1114 2154 1180 breves
2189 1130 2343 1181 sunt
2378 1131 2446 1180 et

345 1244 552 1292 acutae
574 1275 592 1305 ,
636 1225 845 1313 Lysiae
882 1222 1293 1299 orationum,
1326 1218 1716 1303 Quintiliani
1753 1219 1875 1285 tibi
1914 1220 2442 1287 Declamationes

346 1331 595 1410 habeo,
621 1352 773 1420 quae
798 1328 851 1393 si
877 1327 1148 1391 omnino
1173 1324 1542 1406 emendari,
1582 1348 1719 1391 non
1743 1326 1869 1392 nisi
1895 1345 2075 1392 certe
2101 1350 2140 1391 a
2164 1327 2446 1416 jurispe-

348 1442 479 1504 rito
520 1439 775 1528 possint
796 1485 813 1513 ,
856 1451 1059 1523 atque
1102 1433 1271 1498 adeo
1317 1433 1709 1522 perspicaci:
1751 1435 1897 1516 ἔργον
1936 1435 2352 1524 (inquiebat)
2388 1439 2448 1494 οὐ

351 1550 570 1624 φαῦλον,
609 1547 741 1603 ἀλλὰ
773 1544 863 1611 ὀξὺ
899 1544 1195 1608 ὃλὲπσντος·
1223 1539 1398 1622 Quid
1430 1540 1732 1629 pluribus
1760 1561 1929 1631 opus
1958 1545 2099 1608 est?
2125 1544 2178 1607 E
2207 1541 2447 1608 biblio·

352 1647 543 1713 theca
575 1667 692 1712 sua
723 1642 887 1709 mihi
915 1645 1171 1733 profert
1199 1644 1318 1710 has
1345 1644 1734 1729 Quintiliani
1759 1647 2091 1736 reliquias.
2111 1646 2326 1712 Video
2357 1651 2446 1708 34-

347 1775 514 1830 μιιται
547 1750 749 1815 verba
777 1751 1002 1837 legum
1027 1747 1266 1815 audio:
1303 1771 1591 1838 agnosco
1618 1752 1810 1839 plura
1834 1773 1871 1815 e
1898 1752 2119 1816 medio
2134 1752 2287 1842 jure
2318 1751 2446 1817 de·-

349 1871 676 1945 prompta.
715 1851 1065 1919 Traditum
1112 1853 1312 1941 igitur
1356 1855 1675 1920 volumen
1721 1856 1973 1945 accipio
2013 1855 2284 1921 lubens:
2331 1855 2446 1921 sed

351 1985 487 2027 non
514 1984 596 2026 eo
629 1960 931 2049 inprimis
950 1959 1210 2038 animo,
1242 1975 1319 2024 ut
1346 1982 1648 2048 unquam
1677 1960 1843 2024 mihi
1870 1976 2127 2026 tantum
2157 1981 2448 2025 assume-

350 2090 522 2146 rem,
544 2082 867 2157 quantum
888 2064 1291 2144 existimant,
1314 2063 1432 2130 sed
1455 2066 1699 2143 amice,
1729 2088 1838 2129 me
1866 2064 2072 2131 hodie
2099 2066 2293 2131 amici
2321 2068 2448 2130 mei
2503 2117 2510 2126 .

351 2174 750 2263 praestitisse.
770 2175 937 2237 Nam
957 2188 1032 2236 ut
1050 2170 1339 2260 primum
1357 2172 1604 2236 lineam
1625 2172 1777 2260 lego
1798 2193 1998 2236 unam
2017 2187 2132 2237 aut
2144 2172 2416 2237 alteram
2432 2222 2448 2252 ‚

350 2279 567 2348 coelum
592 2276 900 2369 untdique,
930 2290 991 2341 et
1023 2274 1297 2367 undique
1323 2289 1591 2367 pontus:
1621 2278 1803 2342 nulla
1838 2278 1979 2342 fere
2012 2277 2447 2359 cohaerentia,

352 2386 659 2465 confusa,
692 2383 1100 2463 indistincta,
1132 2405 1398 2463 manca,
1427 2401 1738 2473 corrupta
1771 2406 1849 2449 ac
1881 2385 2275 2475 transposita
2308 2403 2454 2450 om·

352 2493 491 2570 nia,
523 2509 598 2557 ut
621 2491 760 2583 jam
794 2490 1015 2554 mirari
1044 2488 1383 2568 desierim,
1420 2490 1577 2555 licet
1613 2512 1927 2556 excusum
1965 2513 2133 2581 opus
2169 2492 2449 2557 Lutetia?

350 2620 474 2687 per
496 2599 824 2662 Joannem
856 2598 1140 2661 Parvum
1159 2644 1174 2674 ,
1203 2617 1379 2660 anno
1404 2596 1649 2664 Christi
1683 2616 1755 2661 Μ.
1788 2616 1852 2661 n.
1886 2617 1973 2663 lx.
2005 2614 2229 2663 tamen
2258 2600 2449 2689 quasi

353 2705 807 2796 desperatum,
832 2721 901 2770 et
923 2728 1045 2794 pro
1065 2704 1383 2770 derelicto
1407 2702 1707 2770 habitum
1724 2756 1742 2786 ,
1762 2706 1924 2794 legi,
1951 2722 2018 2772 ct
2044 2708 2111 2771 in
2142 2707 2449 2773 manibus

350 2810 579 2879 haberi
608 2813 912 2879 desiisse:
932 2829 1010 2878 ut
1030 2827 1500 2877 testamentum
1527 2811 1595 2876 id
1622 2811 1871 2892 deseri,
1897 2835 1974 2879 ac
1997 2813 2263 2880 destitui
2290 2813 2451 2880 dici-

351 2942 535 2998 mus»,
570 2943 706 3010 quo
733 2936 964 3008 aperto
992 2919 1178 3007 signa
1206 2919 1480 2983 confusa
1516 2933 1586 2983 et
1615 2919 2001 2984 conturbata
2036 2921 2450 3009 conspiciun-

352 3043 481 3092 tur.
526 3028 673 3091 Hoc
714 3024 923 3104 adeo,
974 3045 1111 3116 quo
1153 3026 1313 3091 vitio
1344 3025 1697 3105 evenerit,
1747 3043 1826 3090 ex
1869 3024 2144 3091 Thadaei
2183 3026 2450 3115 Ugoleti

353 3132 630 3220 epistola
646 3179 665 3210 ,
691 3151 894 3220 quam
915 3130 1027 3196 hic
1052 3130 1299 3219 apponi
1318 3130 1488 3221 jussi
1504 3181 1521 3210 ,
1549 3131 1858 3219 cognosci
1887 3146 2124 3219 potest.
2148 3130 2280 3197 Sed
2309 3151 2446 3196 om-

353 3239 513 3303 nino
543 3257 744 3328 quam
771 3235 947 3304 foeda
971 3254 1194 3303 essent
1221 3238 1473 3318 omnia,
1501 3238 1627 3303 nisi
1653 3238 1767 3327 qui
1798 3238 2012 3304 simile
2043 3257 2195 3304 meo
2225 3261 2447 3305 exem-

354 3344 495 3433 plar
513 3343 841 3421 habuerit,
857 3342 1078 3408 nullus
1094 3341 1365 3408 abunde
1374 3342 1721 3433 judicabit.
1745 3345 1919 3433 Ergo
1933 3344 2248 3436 perquiro
2265 3347 2448 3433 prius

358 3451 682 3544 undique,
705 3473 868 3517 num
888 3452 1406 3540 manuscriptum
1421 3502 1439 3532 ,
1460 3469 1576 3517 aut
1594 3452 1825 3517 saltem
1848 3452 2119 3517 alterius
2140 3450 2448 3518 editionis

358 3556 596 3622 librum
624 3559 925 3623 invenire
954 3580 1237 3647 possem.
1272 3558 1499 3621 Unum
1530 3554 1736 3624 modo
1766 3561 1835 3622 F.
1874 3557 2166 3624 Bitaldus
2196 3555 2450 3624 amicus

358 3679 427 3727 et
444 3662 777 3729 familiaris
796 3686 986 3729 mem
1006 3687 1086 3729 ex
1104 3683 1330 3729 sorore
1347 3663 1595 3742 affluis,
1621 3663 1821 3730 mittit
1843 3663 1926 3729 ad
1947 3687 2054 3729 mc
2067 3713 2084 3742 ,
2107 3681 2448 3753 repertum

354 3769 723 3860 Andegavi,
748 3789 818 3836 et
845 3791 1156 3837 excusum
1190 3773 1437 3837 Parma
1463 3793 1641 3836 anno
1677 3774 1870 3836 Doni.
1898 3787 1972 3836 κ.
2005 3790 2192 3837 ecce.
2220 3788 2448 3850 xcnn3

357 3875 474 3942 sed
502 3899 589 3941 ue
618 3876 749 3943 ulla
782 3877 1055 3969 quidem
1084 3877 1372 3943 litterula
1402 3901 1441 3943 a
1468 3879 1687 3966 primo
1717 3877 2090 3944 differebat.
2119 3878 2297 3962 Quid
2325 3879 2447 3968 igi-

357 3985 505 4047 tur?
536 4005 669 4048 non
698 3984 1112 4072 colligemus,
1140 3984 1194 4049 si
1223 3982 1293 4049 id
1322 3983 1389 4047 in
1419 3984 1650 4049 statuis
1679 3998 2052 4073 usurpatur,
2080 4005 2164 4048 ne
2185 3985 2447 4067 Quinti-

355 4087 511 4155 liani
536 4088 807 4180 quidem
832 4088 1109 4156 rudera?
1131 4092 1562 4179 Expostulant
1583 4091 1808 4181 itaque
1831 4090 2051 4170 amici,
2079 4108 2157 4156 ut
2178 4089 2445 4181 quando

357 4197 538 4263 nulla
559 4220 713 4286 spes
738 4199 826 4268 sit
851 4198 1241 4288 exemplaris
1266 4200 1540 4280 veteris,
1572 4196 1898 4290 quidquid
1938 4211 2158 4263 tamen
2189 4196 2445 4285 judicio
2575 4266 2579 4271 ,
