3200 5117
754 589 1390 661 DECLAMATIO
1436 592 1533 658 11.
1582 592 1769 659 PRO
1810 583 2103 657 CAECO.
2389 607 2467 676 27

392 743 606 816 quam
637 716 1009 817 reliquerat
1037 738 1358 790 matrem.
1386 719 1547 790 Non
1581 714 1976 815 exspectatis
1995 770 2015 804 ,
2048 732 2313 786 certum
2343 709 2474 785 ha-

386 831 520 905 beo
547 830 855 934 judices,
885 855 966 905 ut
997 858 1317 906 excusem
1354 829 1544 931 quod
1578 850 1776 931 pater
1811 828 2084 902 induxit
2106 829 2306 900 Caeco
2338 850 2474 896 no-

389 971 679 1018 vercam.
712 948 1004 1019 Factum
1035 966 1137 1019 est
1168 972 1250 1018 eo
1277 965 1594 1045 tempore
1612 1001 1631 1034 ‚
1657 971 1800 1043 quo
1829 942 2181 1016 constabat
2207 960 2471 1040 patrem

391 1059 537 1131 filio
556 1087 795 1133 senem
812 1060 1142 1134 solvendo
1163 1087 1303 1133 non
1326 1085 1468 1133 esse
1489 1074 1507 1106 ¹
1521 1116 1540 1131 .
1556 1058 2058 1134 contenderim
2078 1055 2473 1156 quinimmo

378 1173 658 1275 juvenis
705 1175 912 1247 fuisse
955 1174 1362 1262 consilium,
1401 1195 1480 1246 ut
1520 1195 1744 1274 pater,
1783 1173 1895 1246 cui
1941 1170 2472 1245 matrimonium

335 1304 345 1318 ·
390 1287 763 1386 filiumque
784 1287 1160 1360 abstulerat
1177 1286 1585 1360 incendium
1605 1344 1625 1378 ,
1650 1288 1922 1361 residua
1945 1285 2315 1360 senectutis
2342 1282 2474 1356 alia

392 1403 729 1474 solaretur
765 1427 974 1475 uxore
1006 1428 1029 1474 :·
1063 1422 1130 1475 et
1160 1423 1238 1474 ut
1269 1402 1518 1474 domus
1549 1429 1702 1502 quae
1731 1427 1988 1475 coecum
2026 1421 2300 1474 tantum
2343 1398 2475 1469 ha-

389 1515 603 1588 bebat
644 1536 711 1588 et
743 1541 980 1589 senem
1001 1572 1019 1605 ,
1055 1515 1393 1615 acciperet
1426 1543 1506 1589 ex
1534 1517 1860 1620 conjugio
1894 1514 2278 1588 ministeria
2313 1539 2475 1584 cus-

393 1628 681 1701 todita2.
732 1628 1032 1701 Facinus
1078 1649 1216 1719 cst,
1255 1629 1568 1730 judices,
1616 1631 1802 1728 quod
1857 1631 2076 1704 bonos
2126 1626 2481 1728 privignos

389 1768 700 1815 novercae
729 1742 1003 1815 facilius
1035 1741 1433 1843 decipiunt,
1469 1771 1597 1816 nec
1630 1744 1846 1817 levius
1878 1744 2199 1816 oderunt.
2233 1742 2477 1832 Quam

390 1855 631 1927 multis
663 1854 967 1946 insidiis,
989 1883 1203 1953 quam
1234 1855 1470 1930 multis
1496 1857 1756 1930 artibus
1782 1876 1965 1958 patet
1990 1856 2252 1928 caecitas
2280 1855 2479 1926 inno-

395 1966 946 2042 centislMulier
974 1970 1089 2043 cui
1120 1995 1316 2070 spem
1344 1970 1751 2044 invadendae
1779 1968 2175 2044 hereditatis
2207 1987 2481 2067 praesta-

394 2082 516 2155 bat
559 2082 875 2156 debilitas
921 2085 1260 2184 privigni,
1307 2107 1624 2158 senectus
1665 2086 1929 2177 mariti,
1970 2083 2306 2158 intellexit
2347 2080 2480 2155 hoc

394 2198 623 2270 solum
665 2199 899 2272 deesse
944 2200 1212 2273 sceleris
1257 2201 1642 2292 occasioni,
1676 2223 1755 2274 ut
1793 2201 1984 2301 prius
2027 2201 2481 2272 infamaretur

395 2312 744 2413 parricidii
790 2316 1051 2387 Caecus.
1094 2316 1264 2388 Viso
1310 2315 1517 2414 igitur
1562 2315 1731 2408 hoc,
1785 2315 1975 2416 quod
2026 2313 2159 2386 sibi
2202 2313 2480 2416 juvenis

396 2453 539 2499 non
572 2427 937 2501 videbatur
967 2456 1108 2504 esse
1139 2430 1496 2531 privignus
1516 2430 1569 2521 3,
1604 2456 1954 2504 venenum
1990 2428 2180 2528 quod
2222 2427 2294 2499 in
2335 2426 2476 2498 mi—

397 2542 529 2614 seri
543 2541 708 2614 sinu
730 2542 1117 2636 abdiderat,
1139 2543 1652 2644 deprehensum
1666 2600 1686 2635 ,
1708 2544 2050 2617 nuntiavit
2078 2541 2251 2643 patri
2271 2561 2478 2631 ,tam-

399 2681 615 2754 quam
646 2656 1095 2755 parricidium
1123 2679 1498 2757 pararetur.
1532 2660 1622 2730 Et
1655 2659 1822 2757 quia
1859 2655 2307 2730 mendacium
2346 2679 2478 2752 po-

398 2785 571 2845 terat
617 2771 816 2843 facile
875 2772 1127 2845 nudari
1148 2830 1166 2863 ‚
1221 2775 1277 2846 si
1334 2800 1548 2873 quem
1606 2773 1966 2846 conscium
2017 2770 2478 2858 nominasset,

398 2907 623 2960 totam
652 2885 1071 2959 delationem
1103 2888 1200 2960 sic
1231 2888 1609 2977 ordinavit,
1634 2909 1712 2959 ut
1744 2887 1878 2959 sibi
1908 2886 2295 2960 crederetur
2327 2909 2480 2981 pro-

395 2999 686 3074 missam
719 3000 1087 3073 dimidiam
1123 3023 1389 3102 partem
1420 3002 1804 3092 bonorum,
1837 3000 1892 3073 si
1932 3022 2285 3071 venenum
2328 2995 2492 3068 seni·

395 3114 722 3188 voluisset
756 3117 905 3216 ipsa
937 3117 1308 3216 porrigere.

498 3231 620 3303 IV.
665 3231 971 3323 Videtis,
1000 3229 1310 3332 judices,
1343 3258 1486 3331 qua
1515 3227 2020 3332 proeparatione
2048 3228 2355 3298 Noverca
2390 3222 2479 3296 ad

481 3507 525 3543 ι.
561 3490 771 3544 Patrem
792 3489 921 3564 filio
955 3511 1125 3547 senem
1159 3494 1402 3549 solvendo
1481 3495 1685 3547 bemus.
1706 3491 1978 3546 Obscurus
1999 3503 2051 3543 ot
2070 3489 2249 3541 forsan
2268 3504 2485 3557 eorrup-

398 3590 511 3626 ποια
534 3589 649 3625 esse.
672 3574 798 3626 Post
816 3575 1053 3645 ingentia
1076 3576 1323 3628 nimirum
1351 3589 1404 3628 et
1481 3588 1566 3629 tu
1589 3575 1758 3628 locus.

396 3655 657 3706 immensa
676 3652 810 3706 adeo
830 3656 1043 3720 merita,
1059 3654 1314 3728 quidquid
1331 3653 1405 3708 fa-
1554 3672 1602 3707 2.
1647 3652 1939 3706 Minister-ia
1972 3650 2240 3704 custodita.
2276 3641 2481 3701 Domus

399 3744 545 3784 ceret
576 3744 728 3803 pater
758 3749 869 3783 non
900 3734 1026 3786 satis
1056 3747 1169 3786 erat
1202 3733 1270 3786 ad
1295 3734 1404 3787 sol·
1481 3732 1807 3798 custodiam,
1839 3730 2223 3791 oeconomiam,
2253 3739 2315 3778 ut
2349 3744 2483 3777 uxor

397 3808 662 3861 vendum:
693 3827 855 3881 quare
887 3811 1096 3863 minime
1126 3813 1404 3883 suspicari·
1481 3827 1662 3884 posset
1682 3812 1991 3877 observare,
2014 3822 2067 3864 et
2085 3811 2141 3861 in
2162 3809 2339 3860 officio
2359 3824 2484 3858 con-

402 3886 533 3940 dum
563 3887 657 3939 filii
686 3905 796 3939 non
823 3901 937 3940 tum
966 3887 1213 3943 babuisse
1238 3891 1403 3942 ratio-
1482 3893 1648 3944 tinere
1672 3890 1960 3955 ministros,
1983 3906 2053 3941 ne
2075 3885 2317 3939 fraudem
2337 3884 2481 3936 face·

399 3963 524 4021 n¹em
539 4005 558 4034 ,
581 3985 746 4039 quum
783 3967 1055 4022 induceret
1087 3970 1400 4036 Bovercam.
1478 3984 1598 4024 rent
1620 3970 1863 4023 dominis.

398 4047 772 4121 Emphaticum
792 4063 867 4101 est
885 4068 1086 4117 senem,
1108 4051 1325 4123 quinon
1349 4048 1405 4102 id
1552 4052 1607 4105 3.
1648 4051 1929 4106 Videbatur
1959 4067 2061 4103 esse
2095 4048 2381 4121 privignus.
2424 4042 2483 4097 ld

401 4130 509 4200 egit
523 4166 542 4194 ‚
570 4142 630 4181 ut
656 4129 855 4201 nuptiis
881 4129 1227 4202 dissiparetur
1250 4130 1404 4184 bere-
1483 4147 1590 4202 est,
1609 4136 1828 4185 nimium
1851 4131 2084 4184 tribuens
2107 4125 2483 4181 benevolentia

401 4209 541 4263 ditas
554 4247 575 4276 ‚
603 4208 749 4281 quod
775 4209 834 4261 fit
845 4246 866 4276 ‚
888 4229 1052 4281 quum
1077 4212 1250 4264 minus
1277 4231 1404 4283 pro-
1481 4230 1742 4277 novercae,
1759 4229 1860 4282 qua
1877 4228 2014 4262 eaeco
2030 4226 2165 4281 opus
2184 4215 2296 4260 er'at
2310 4205 2365 4256 in
2378 4204 2483 4280 pri·

400 4286 619 4358 bamus,
635 4307 769 4361 quos
794 4301 1065 4360 susceptos
1086 4302 1135 4341 et
1153 4290 1298 4343 vivos
1316 4290 1404 4344 ba·
1483 4295 1613 4359 mis,
1634 4306 1686 4345 et
1709 4292 1867 4362 igitur
1881 4289 2035 4346 facile
2056 4288 2325 4359 deeeptus.
