3200 5117
732 489 1372 559 DECLAMATIO
1413 486 1555 555 111.
1606 486 1792 598 Pllo
1834 487 2221 553 MILITE.
2446 488 2526 556 55

431 615 509 690 in
541 637 795 689 conatu
824 636 1094 716 pereat:
1128 641 1297 687 nam
1327 612 1385 686 si
1410 612 1633 684 libido
1655 611 1743 684 ad
1767 633 2012 685 votum
2041 612 2348 685 obscoeni
2381 637 2526 685 cor-

434 731 731 831 ruptoris
751 729 1179 831 processerit,
1203 730 1345 801 duo
1367 723 1734 801 occidendi
1760 745 1984 798 erunt.

528 849 617 919 X.
648 847 935 920 Libere
917 868 1153 945 itaque
1179 831 1499 935 dixerim,
1552 844 1638 915 C.
1637 843 1871 933 ·Mari,
1915 869 2129 942 quam
2167 817 2255 914 de
2298 842 2530 915 fortis-

429 963 610 1038 simo
651 964 868 1037 milite
887 963 1299 1037 sententiam
1323 963 1534 1052 feras,
1570 961 1790 1060 magis
1819 982 1938 1033 tua
1970 961 2283 1032 interest:
2318 958 2529 1062 hujus

428 1079 721 1179 quidem
755 1081 990 1179 gloriae
1027 1079 1204 1151 nihil
1238 1077 1397 1177 plus
1425 1078 1628 1179 adjici
1673 1097 1922 1175 potest,
1963 1103 2182 1176 quam
2211 1076 2266 1146 si
2300 1102 2426 1176 pro
2459 1101 2530 1147 re

432 1217 576 1267 tam
607 1196 896 1270 honesta
940 1192 1325 1266 moriatur:
1365 1194 1557 1271 hunc
1598 1191 1962 1266 mirabitur
1994 1191 2148 1263 sola
2191 1191 2527 1262 virtutum

396 1309 831 1410 ⁸incorrupta
860 1309 1046 1381 testis
1072 1328 1401 1398 vetustas3
1436 1308 1568 1380 hoc
1606 1306 1872 1380 factum
1906 1327 2127 1406 patres
2160 1306 2392 1378 liberis
2423 1304 2530 1379 vel

431 1445 590 1525 post
639 1451 914 1524 poenam
962 1423 1382 1523 praecipient.
1425 1427 1538 1495 Tu
1585 1423 1845 1522 cogita,
1902 1422 2098 1522 quid·
2130 1443 2194 1496 te
2239 1410 2529 1508 sensisse

425 1539 753 1613 homines
803 1527 1070 1610 sciant:
1124 1538 1259 1611 hoc
1309 1537 1709 1638 exemplum
1759 1538 1834 1609 in
1880 1559 2200 1610 neutram
2262 1557 2529 1636 partem

446 1672 670 1751 potest
711 1652 919 1725 taceri
949 1679 964 1725 :
1003 1652 1306 1751 cogitare
1335 1650 1599 1725 certum
1636 1673 1736 1724 est
1762 1652 1833 1724 id
1865 1678 2218 1752 quemque
2250 1666 2266 1696 ¹
2307 1676 2532 1749 quum

421 1767 724 1869 judicat,
766 1763 1069 1867 probare,
1090 1769 1261 1868 quid
1301 1770 1374 1840 in
1403 1795 1476 1841 re
1523 1767 1732 1840 simili
1767 1763 1912 1867 ipse
1957 1766 2255 1839 fecisset:
2293 1764 2532 1839 omni-

431 1881 564 1955 bus
602 1883 792 1962 enim
825 1883 916 1955 ad
947 1882 1139 1954 virile
1163 1884 1383 1984 robur¹
1407 1911 1530 1983 per
1557 1884 1927 1983 pueritiam
1963 1883 2089 1954 iter
2120 1901 2248 1970 est,
2286 1900 2352 1952 et
2376 1881 2532 1982 jam

433 2019 671 2070 contra
701 1997 1072 2070 'libidinem
1120 1998 1536 2095 maturuisse
1565 2025 1712 2071 non
1764 1998 2062 2097 p'rodest.
2091 2000 2533 2093 Recognosce

432 2112 857 2198 incrementa
909 2133 1070 2205 tua,
1108 2133 1174 2184 et
1207 2113 1570 2185 honestam
1612 2133 1821 2186 tantae
1870 2109 2339 2212 magnitudini
2388 2134 2536 2182 me·-

434 2226 734 2299 moriam
782 2226 1081 2326 pristinae
1120 2226 1512 2299 tenuitatis:
1549 2227 1698 2299 sine
1728 2228 1945 2300 dubio
1997 2248 2064 2302 te
2107 2226 2195 2302 ad
2236 2245 2336 2297 tot
2373 2251 2534 2296 con-

433 2342 726 2435 sulat-us,
761 2363 836 2414 et
876 2357 1057 2414 actos
1092 2363 1212 2414 aut
1243 2341 1619 2414 destinatos
1671 2341 2065 2441 triumphos
2115 2340 2348 2413 divina
2391 2338 2532 2411 vir·-

432 2447 544 2530 tus
589 2479 712 2558 tua
744 2458 1059 2530 sustulit:
1114 2453 1467 2532 memento
1507 2482 1787 2550 tamen,
1836 2471 1904 2533 et
1943 2482 2018 2534 tu
2065 2461 2195 2533 sub
2246 2460 2531 2532 tribuno

435 2576 775 2664 militasti,
803 2603 931 2649 nec
964 2576 1052 2648 ad
1082 2577 1215 2649 hoc
1245 2577 1598 2677 fastigium
1634 2579 1987 2678 dignitatis
2011 2601 2155 2656 tam
2190 2579 2378 2651 brevi
2406 2578 2532 2652 tibi

430 2691 666 2766 venire
700 2691 1124 2790 contigisset,
1157 2692 1212 2764 si
1241 2719 1389 2764 sero
1416 2693 1755 2792 coepisses.

532 2808 653 2878 XI.
688 2805 936 2878 Dicam
970 2832 1163 2878 nunc
1197 2832 1351 2904 ego
1362 2807 1784 2906 praecipuam
1821 2833 2098 2905 semper
2139 2834 2380 2879 curam
2423 2835 2535 2880 ro-

433 2921 661 2994 manis
707 2920 1019 2993 moribus
1065 2921 1410 3050 pudicitiae
1451 2922 1700 3031 fuisse?
1748 2923 2044 2995 referam
2098 2921 2531 3052 Lucretiam,

430 3062 589 3136 quae
622 3035 951 3109 condito
933 3063 1007 3108 tn
1036 3036 1294 3109 viscera
1329 3063 1453 3110 sua
1487 3039 1703 3129 ferro,
1738 3064 2016 3138 poenam
2054 3065 2095 3108 a
2131 3063 2201 3108 se
2243 3036 2534 3109 necessi-

428 3153 589 3230 tatis
616 3152 863 3252 exegit3
896 3175 967 3226 et
999 3175 1076 3225 ut
1103 3154 1634 3254 quamprimum
1688 3155 1982 3254 pudicus
2016 3154 2295 3226 animus
2319 3181 2360 3225 a
2384 3153 2531 3253 pol

432 3270 582 3342 luto
609 3296 897 3369 corpore
922 3283 1397 3370 separaretur,
1445 3298 1516 3344 se
1560 3270 1710 3370 ipsa
1751 3269 2110 3371 percussit,
2164 3269 2348 3370 quia·
2374 3295 2530 3341 cor-

432 3407 787 3485 ruptorem
838 3413 984 3459 non
1036 3389 1264 3487 potuit
1312 3388 1669 3461 occidere?
1713 3389 1784 3461 Si
1842 3414 2033 3459 nunc
2085 3388 2314 3486 placet
2363 3385 2530 3477 tibi,

431 3501 666 3594 miles,
701 3501 871 3601 quid
901 3529 1030 3602 ego
1053 3503 1455 3602 Virginium
1485 3530 1794 3594 narrem,
1828 3505 1946 3601 qui
1984 3504 2143 3576 filiae
2173 3502 2531 3602 virginita-

432 3636 575 3689 tem
591 3646 781 3718 ,qua
810 3617 953 3691 sola
997 3640 1296 3718 poterat,
1331 3640 1551 3694 morte
1594 3620 1947 3709 defendit,
1992 3641 2412 3719 raptumque
2440 3618 2528 3691 de

512 3837 556 3871 ι.
589 3821 791 3873 Certum
824 3834 895 3875 est
927 3822 981 3873 id
1010 3841 1299 3896 quemque,
1336 3835 1435 3875 etc.
1520 3825 1615 3875 viri
1643 3838 1798 3889 sunt,
1825 3826 1971 3894 pueri
1999 3822 2198 3875 debent
2228 3841 2374 3885 esse;
2403 3834 2457 3876 et
2485 3826 2530 3876 si

430 3897 617 3952 Manet
641 3900 815 3952 Burm.
841 3911 961 3952 cert.
985 3913 1056 3955 est
1077 3920 1360 3975 quemque,
1386 3903 1444 3954 id
1523 3915 1577 3955 tu
1599 3902 1818 3954 damnas
1847 3902 2090 3968 militem,
2121 3901 2254 3954 nihil
2293 3901 2530 3973 proderit

428 3996 550 4031 eum
575 3979 666 4052 qui
680 3984 730 4053 1“.
760 3979 867 4033 hoc
894 4000 1071 4035 sensu.
1097 3984 1339 4054 Quisque
1375 4001 1438 4036 ex
1518 3987 1800 4063 pueritiam
1835 3982 2086 4036 habuisse
2130 3985 2532 4051 intaminatam,

431 4061 641 4134 populo
678 4064 908 4131 cogitat,
948 4066 1059 4115 sine
1101 4062 1267 4115 dubio
1299 4064 1440 4135 judi·
1519 4067 1703 4134 etjam
1731 4066 1897 4116 virum
1927 4061 2158 4129 factum,
2190 4077 2247 4115 ut
2280 4064 2450 4156 possit
2478 4062 2530 4113 vi

432 4159 550 4194 cem
573 4139 627 4193 id
652 4141 1078 4214 probare„quod
1095 4140 1209 4215 ipse
1228 4145 1439 4197 fecisset
1519 4144 1794 4198 libidinem
1815 4164 1844 4197 a
1866 4163 1923 4197 se
1943 4101 2226 4216 repelleie
2251 4146 2374 4215 quia
2394 4143 2437 4194 si
2458 4143 2531 4193 vi·

429 4223 489 4275 in
508 4222 761 4276 resimili:
779 4242 907 4278 nam
921 4241 1133 4293 omnes,
1153 4238 1440 4298 antequam
1521 4225 1690 4279 riliter
1715 4245 1769 4278 se
1793 4239 1965 4296 gerat,
1994 4238 2166 4278 tamen
2191 4225 2488 4284 damnetur.
