3200 5117
773 576 897 653 342
1274 571 1368 632 M.
1422 571 1669 633 rAssn
1717 570 2355 651 QUINTlLlANl

772 721 913 765 non
961 710 1274 791 poteras,
1317 693 1670 780 fastidire,
1712 713 2193 763 contemnere:
2229 694 2383 792 jam
2436 692 2859 789 indignaris,

771 809 959 908 quod
990 829 1053 880 te
1087 809 1333 879 maluit
1365 807 1715 897 remedio,
1748 835 1958 907 quam
1998 809 2234 880 dolore
2265 809 2538 880 sanari?
2569 809 2860 900 Mulier,

773 926 884 996 cui
939 923 1028 995 ad
1076 923 1577 995 dimittendum
1625 950 1937 994 amorem
1983 924 2408 1016 sufficiebat,
2457 948 2530 995 ut
2573 924 2860 1014 odisset,

774 1042 923 1137 ipsa
958 1067 1080 1138 pro
1115 1061 1179 1109 te
1216 1061 1612 1110 commenta
1657 1060 1793 1128 est,
1838 1060 1916 1110 ut
1950 1039 2143 1110 illam
2183 1061 2256 1109 tu
2296 1041 2522 1138 potius
2561 1040 2858 1111 odisses:

777 1158 960 1255 finge
1009 1179 1073 1226 te
1125 1177 1362 1227 tamen
1415 1156 1648 1254 aliqua
1690 1155 1978 1227 remedii
2030 1157 2131 1227 tui
2177 1156 2426 1227 sentire
2479 1177 2861 1245 tormenta,

775 1271 1326 1368 arrogantissime
1363 1270 1812 1341 miserorum:
1853 1291 1925 1342 tu
1966 1292 2197 1341 autem
2241 1272 2558 1370 sperabas
2601 1270 2863 1342 ardoris

775 1384 1134 1456 immodici
1178 1384 1453 1455 felicem
1493 1385 1723 1455 statim
1760 1385 2121 1457 sanitatem
2152 1413 2165 1457 :
2204 1385 2411 1484 quid,
2449 1386 2503 1456 si
2541 1406 2865 1483 queratur

777 1527 953 1598 aeger
980 1499 1406 1571 abstinentiae
1436 1500 1670 1571 dolore
1697 1501 2013 1572 sanatus?
2042 1504 2336 1572 Excussa
2366 1521 2531 1572 sunt
2556 1502 2867 1598 plerum-

775 1642 914 1712 que
960 1615 1444 1712 languentium
1493 1615 1935 1703 verberibus,
1978 1617 2472 1715 redemptaque
2517 1615 2862 1687 debilitate

774 1728 937 1799 vitia
963 1757 976 1798 ε
1014 1728 1291 1826 ignibus
1311 1786 1327 1816 ,
1359 1729 1763 1801 vulneribus
1794 1731 2148 1802 interdum
2182 1733 2543 1830 profutura
2571 1752 2870 1829 grassata

778 1866 972 1933 sunt,
993 1866 1056 1915 et
1076 1871 1227 1942 quae
1251 1846 1538 1916 fuissent
1560 1846 1743 1917 mala
1765 1846 2067 1918 sanitatis
2083 1907 2100 1936 ,
2120 1847 2188 1917 in
2214 1847 2505 1944 gratiam
2529 1846 2872 1917 remedio-

780 1985 936 2028 rum
975 1959 1059 2030 de
1096 1959 1373 2058 majoris
1404 1962 1697 2058 periculi
1734 1962 2247 2060 comparatione
2279 1961 2653 2033 redierunt.

876 2073 1029 2142 XII.
1075 2074 1204 2144 Vix
1250 2076 1592 2145 mehercle
1633 2078 2029 2172 contingere
2070 2097 2330 2173 potest,
2372 2097 2451 2146 ut
2486 2074 2736 2146 hilares
2776 2075 2865 2144 ab

778 2187 908 2258 hac
948 2187 1374 2287 impatientia
1418 2190 1690 2287 laetique
1732 2191 2122 2280 discedant,
2168 2218 2341 2287 qnos
2391 2191 2643 2289 pudor,
2695 2218 2866 2290 quos

781 2299 1043 2370 satietas
1069 2358 1084 2385 ,
1135 2329 1306 2398 quos
1346 2304 1761 2400 poenitentiae
1800 2306 1969 2375 ratio
2014 2306 2334 2378 dimittit:
2386 2333 2514 2377 nec
2560 2307 2706 2378 sine
2743 2305 2872 2377 ali-

780 2440 922 2510 quo
957 2441 1188 2485 morsu
1221 2417 1517 2487 resilitur
1549 2446 1588 2488 a
1620 2419 1855 2507 malis,
1893 2448 2045 2517 quae
2076 2421 2424 2520 voluptate
2457 2443 2862 2494 tennerunt:

783 2529 1033 2600 iterum
1073 2532 1354 2603 materia
1394 2535 1648 2605 amoris
1693 2558 1825 2626 est,
1866 2538 2210 2626 desinere,
2249 2564 2376 2609 nec
2415 2540 2653 2637 queri:
2695 2565 2867 2637 opus

780 2643 916 2714 fuit
950 2645 1097 2743 pari
1131 2645 1511 2720 diversitate
1534 2708 1551 2738 ‚
1583 2650 1842 2722 viribus
1879 2654 2153 2751 quantis
2190 2654 2570 2743 adamasti,
2606 2682 2694 2727 ne
2726 2680 2870 2725 res-

782 2758 1116 2856 piceres¹,
1161 2789 1247 2833 ne
1287 2764 1682 2861 frequenter
1726 2767 1798 2838 in
1840 2768 2073 2839 media
2107 2770 2395 2840 sanitate
2437 2770 2864 2842 subsisteres,

783 2874 1013 2964 Quale
1037 2877 1162 2949 tibi
1191 2881 1581 2953 remedium
1612 2883 1927 2955 debuerit
1950 2886 2268 2956 adhiberi
2293 2888 2395 2958 vel
2430 2914 2507 2957 ex
2530 2886 2870 2958 hodierno

784 2990 1030 3078 sentis,
1058 2992 1334 3091 juvenis
1359 3054 1376 3084 ‚
1417 2998 1713 3069 affectu:
1754 3027 1876 3098 pro
1915 3001 2241 3091 homine,
2283 3002 2403 3099 qui
2440 3021 2591 3100 post
2621 3000 2867 3071 odium

783 3106 1129 3204 queritur,
1159 3112 1346 3207 quod
1375 3139 1514 3184 non
1543 3136 1765 3204 amet,
1797 3143 2042 3214 parum
2074 3118 2238 3205 fuit,
2266 3118 2317 3188 si
2346 3143 2574 3189 amare
2604 3115 2871 3187 desine·

787 3243 919 3290 ret:
967 3221 1126 3292 audi
1173 3224 1408 3321 igitur,
1462 3227 1991 3325 ingratisssime,
2042 3254 2384 3328 quatenus
2426 3232 2512 3304 ad
2559 3230 2871 3331 publicas

785 3361 980 3406 aures
1005 3359 1260 3409 secreta
1293 3362 1517 3411 nostra
1543 3345 1844 3439 proferre
1865 3345 2160 3417 voluisti.
2188 3346 2363 3417 Dedi
2392 3374 2406 3416 :
2436 3346 2607 3445 quid
2637 3345 2823 3417 enim
2848 3404 2866 3434 ‚

785 3452 1017 3550 inquit
1040 3469 1090 3540 ²,
1121 3456 1452 3546 facerem,
1485 3484 1637 3556 qua:
1672 3462 1971 3532 remedia
1996 3484 2113 3533 tua
2140 3463 2362 3534 multa
2386 3461 2872 3562 perdideram?

785 3566 958 3638 ferre
984 3569 1232 3640 misera
1256 3598 1391 3641 non
1423 3594 1733 3669 poteram
1752 3634 1771 3663 ,
1798 3578 1985 3675 quod
2007 3580 2231 3678 tejam
2256 3601 2612 3677 coeperunt
2630 3605 2870 3650 omnes

862 3741 904 3775 1.
931 3726 1013 3776 Ne
1052 3728 1328 3796 respiceres.
1358 3730 1441 3780 Ne
1470 3735 1788 3803 resipisceres.
1875 3749 2054 3787 contra
2074 3741 2263 3790 amoris
2284 3739 2666 3809 impatientiam
2681 3734 2872 3798 Ovidii,

785 3807 872 3855 W.
891 3804 1031 3857 Leid.
1059 3826 1133 3877 pr.
1153 3811 1302 3861 Voss.
1331 3829 1434 3863 sec.
1452 3814 1602 3866 Colb.
1627 3819 1788 3888 (ἐι-ῃ).
1874 3818 2086 3871 Remed.
2114 3839 2161 3870 v.
2191 3820 2319 3882 2=3;
2349 3834 2400 3872 et
2430 3838 2576 3890 seqq.
2609 3821 2872 3890 praecipue

783 3886 953 3938 Colin.
990 3888 1175 3941 Vidov.
1211 3891 1294 3942 Ne
1323 3895 1588 3963 recidet-es,
1622 3918 1786 3968 marg.
1870 3917 1916 3948 v.
1953 3901 2084 3962 223,
2104 3899 2208 3950 vol.
2233 3902 2307 3966 ΙΙ,
2333 3920 2385 3971 p.
2409 3900 2512 3965 406
2537 3912 2727 3951 nostrae
2748 3896 2871 3950 edit·

782 3965 983 4038 Gryph.
1008 3987 1134 4040 ego,
1155 3969 1273 4022 licet
1301 3971 1399 4022 illa²
1422 3972 1675 4027 lectiones
1699 3976 1790 4028 ha·
1875 4000 1898 4023 ι
1920 3981 2027 4030 Nec
2057 3980 2245 4032 crebro
2272 3982 2472 4053 respice
2496 3981 2747 4049 Romam,
2773 3980 2872 4033 Sed

785 4044 977 4112 beant,
1007 4068 1112 4120 quo
1149 4069 1205 4102 se
1235 4054 1369 4104 tueri
1398 4056 1636 4124 possint,
1673 4056 1790 4107 vul·
1873 4083 1895 4107 u
1916 4061 2058 4131 fuge.
2084 4085 2104 4107 n
2138 4063 2228 4114 En.

783 4137 959 4195 gatam
980 4130 1218 4192 retineo,
1245 4149 1360 4201 quae
1387 4151 1509 4184 cum
1545 4137 1790 4204 sequenti
1942 4158 1989 4191 2.
2021 4140 2159 4208 Quid
2186 4143 2326 4192 enim
2345 4179 2360 4204 ‚
2392 4141 2581 4214 inquit.
2613 4140 2749 4213 Quid
2774 4151 2874 4207 est,

785 4205 947 4256 verbo
962 4208 1223 4260 subsistere
1239 4213 1436 4282 optime
1449 4218 1694 4284 congruit
1711 4238 1723 4266 ε
1739 4230 1792 4268 et
1870 4220 2065 4293 inquit,
2089 4224 2177 4273 W.
2203 4221 2340 4273 Illud
2364 4224 2539 4295 inquit
2566 4242 2629 4277 ex
2646 4240 2881 4296 persona

785 4303 1036 4357 praeterea
1062 4291 1297 4345 firmatur
1318 4293 1410 4346 illa
1432 4313 1496 4347 ex
1518 4300 1790 4367 praeceptis
1869 4302 2123 4355 causidici
2147 4302 2480 4377 capiendum.
