3200 5117
568 505 572 514 ·
651 461 927 526 DECL.
973 453 1211 524 xvll.
1258 456 1742 524 VENENUM
1786 454 2267 521 EFFUSUM.
2379 455 2503 542 375

413 606 609 653 nunc
634 602 738 653 ter
764 581 1151 668 abdicatus,
1180 602 1249 652 et
1275 606 1394 652 me
1422 579 1869 652 contenderet
1895 577 1983 650 ad
2010 577 2289 680 judices
2317 602 2513 649 meos

418 696 635 768 redire
661 723 804 768 non
830 723 1106 770 ausum.
1129 698 1316 769 Bene
1346 694 1537 794 quod
1565 694 1666 766 sic
1697 693 1954 781 effudi,
1978 714 2343 790 tamquam
2370 718 2512 763 rur-

415 838 532 883 sus
567 812 708 884 vita
737 812 1112 912 placuisset
1144 837 1159 881 :
1212 837 1604 900 venenum,
1647 809 1839 909 quod
1879 808 2226 880 videretur
2268 807 2515 905 depre-

413 924 750 1014 hensum,
786 951 998 998 nemo
1026 925 1181 997 ideo
1212 924 1464 996 bibisse
1493 924 1925 1012 crederetur,
1969 923 2137 1023 quia
2161 922 2296 994 sibi
2327 949 2515 1021 para-

415 1064 625 1115 verat.
658 1043 786 1113 Dic
821 1069 1047 1130 nunc,
1078 1069 1223 1113 non
1248 1042 1352 1113 fui
1387 1068 1750 1140 passurus,
1795 1042 1853 1113 si
1877 1042 2115 1116 bibere
2142 1039 2509 1114 voluisses:

416 1157 670 1229 deinde
690 1157 820 1229 hoc
845 1157 944 1230 sic
963 1157 1242 1256 probas,
1265 1177 1344 1228 ut
1373 1181 1485 1229 me
1506 1157 1857 1254 hodieque
1883 1155 2152 1229 coneris
2175 1158 2510 1231 occidere.

416 1277 577 1344 Non
607 1300 752 1345 eras
784 1301 1141 1374 passurus:
1170 1274 1492 1374 quando,
1530 1300 1651 1373 per
1678 1274 1924 1363 fidem,
1960 1275 2191 1375 injicis
2219 1274 2517 1352 manus?

413 1388 642 1486 potuit
659 1387 904 1460 eadem
922 1446 941 1479 ,
969 1389 1195 1488 potuit
1212 1389 1449 1488 peragi
1473 1389 1830 1480 brevitate,
1853 1417 1995 1487 qua
2007 1392 2330 1492 jusseras.
2352 1393 2514 1463 Non

417 1531 567 1576 eras
600 1529 968 1604 passurus:
1010 1505 1265 1578 deinde
1304 1533 1449 1579 non
1486 1506 1824 1594 timuisti,
1857 1534 1945 1578 ne
1984 1508 2161 1580 mihi
2192 1509 2515 1581 animum

417 1620 756 1717 pereundi
797 1620 907 1692 vel
946 1619 1081 1694 hoc
1126 1622 1418 1713 faceret,
1462 1623 1653 1722 quod
1694 1622 2035 1722 putabam
2078 1649 2195 1700 me
2231 1624 2517 1727 juberi:

414 1734 687 1805 facinus
720 1755 852 1824 est,
877 1735 936 1810 si
970 1736 1258 1827 morior,
1297 1759 1377 1810 ut
1405 1759 1641 1837 postea
1677 1758 2055 1836 quaeratur,
2096 1765 2186 1810 an
2218 1739 2521 1811 volueris

413 1851 748 1924 occidere.
784 1855 896 1925 Tu
935 1854 1100 1925 licet
1124 1854 1457 1927 invidiam
1490 1861 1679 1930 vocis
1712 1855 1900 1930 illius
1938 1856 2220 1929 alterius
2261 1856 2521 1928 mentis

413 1965 863 2040 simulatione
896 1967 1262 2060 defendas,
1292 1971 1583 2043 occisuri
1620 1991 1857 2042 tamen
1890 1971 2029 2043 fuit
2059 1970 2294 2069 ipsum
2324 1995 2522 2068 expe-

417 2082 844 2154 rimentum:
893 2111 1022 2156 nec
1060 2084 1338 2157 interest
1381 2085 1656 2183 rigoriS,
1704 2086 2023 2185 quaedam
2072 2085 2378 2186 patiaris,
2428 2111 2518 2156 an

415 2216 680 2271 tentes:
722 2223 1092 2298 nunquam
1137 2199 1442 2272 movebit
1466 2220 1737 2298 patrem
1760 2200 1943 2274 filius
1971 2200 2139 2288 hoc,
2170 2198 2359 2296 quod
2386 2223 2525 2270 mo-

420 2311 625 2400 ritur,
675 2337 888 2409 quem
937 2340 1080 2385 non
1125 2313 1345 2385 movit
1385 2312 1551 2403 hoc,
1600 2314 1792 2412 quod
1841 2334 2123 2412 paratus
2170 2332 2270 2384 est
2314 2311 2514 2383 mori.

419 2424 617 2515 Quid
657 2453 855 2502 ‚nunc
899 2427 1179 2518 faciam,
1214 2428 1526 2528 judiceS,
1562 2429 2107 2527 pertinacissimo
2146 2427 2400 2528 rigori?
2441 2426 2521 2504 in

417 2538 613 2636 quod
655 2567 770 2610 me
817 2567 1242 2637 componam
1288 2543 1635 2639 patientioe
1682 2544 1947 2639 genus?
1993 2544 2239 2615 videtis
2281 2543 2521 2614 homi-

422 2680 621 2741 nem,
659 2680 870 2751 quem
900 2655 1138 2726 nullus
1162 2656 1381 2725 animi
1411 2656 1553 2725 mei
1580 2675 1794 2726 status
1824 2679 2088 2748 mutat,
2119 2685 2333 2756 quem
2360 2685 2521 2730 con-

417 2769 679 2840 stantia
707 2790 970 2859 nostra,
1006 2794 1218 2866 quem
1252 2767 1552 2840 offendit
1579 2768 1941 2841 infirmitas
1969 2798 1982 2840 :
2028 2772 2251 2844 vivere
2292 2772 2516 2862 ¹v0l03

421 2883 815 2981 proturbat,
850 2882 1170 2982 expellit:
1217 2883 1396 2955 mori
1432 2909 1679 2972 conor3
1721 2884 2147 2982 interpellat,
2192 2886 2518 2982 exagitat:

409 2997 562 3097 jam
596 2998 895 3070 fortassis
927 2996 1232 3096 aliquid,
1267 2997 1323 3069 si
1356 2997 1560 3070 nobis
1593 2997 1946 3096 hodieque
1977 2998 2353 3071 clementia
2383 3026 2521 3072 ves-

420 3133 526 3184 tra
562 3113 1008 3201 succurrerit,
1033 3115 1336 3212 paravit,
1368 3113 1653 3186 invenit.
1686 3113 1869 3203 Quis
1900 3113 2087 3203 finis,
2124 3114 2279 3211 quis
2301 3114 2517 3186 exitus

423 3227 942 3300 incredibilium
967 3229 1366 3303 malorum?
1396 3231 1481 3302 de
1502 3229 1647 3301 filio
1672 3230 1987 3302 absoluto
2006 3230 2208 3320 fecit,
2240 3250 2318 3303 ut
2340 3231 2517 3301 mori

422 3340 697 3433 mallet,
727 3341 813 3412 de
849 3343 1220 3433 moriente,
1257 3364 1340 3415 nt
1363 3343 1637 3416 viveret.

518 3457 670 3529 XX.
730 3460 874 3529 Vos
915 3484 1074 3528 vero
1094 3514 1114 3546 ,
1161 3458 1575 3530 sanctissimi
1618 3457 1780 3548 viri,
1828 3484 1971 3558 quo
2010 3456 2160 3558 jam
2203 3458 2475 3530 ambitu
2493 3515 2514 3549 ,

423 3572 681 3669 quibus
715 3599 987 3671 possem
1027 3571 1390 3644 convenire
1428 3572 1788 3671 precibus?
1829 3573 1951 3644 Ille
1988 3592 2205 3644 vester
2237 3570 2512 3664 infelix,

419 3686 537 3758 ille
564 3709 784 3760 vester
802 3688 1184 3777 absolutuS,
1211 3686 1374 3759 flere
1398 3690 1646 3760 vetitus
1668 3710 1794 3761 est:
1826 3716 1971 3759 non
1999 3688 2207 3760 habet
2224 3688 2513 3787 gratiam

415 3830 621 3874 suam
645 3803 842 3875 toties
862 3830 1094 3902 genua
1119 3802 1518 3903 complecti,
1539 3825 1611 3877 et
1632 3803 1720 3876 ad
1741 3804 2094 3903 fatigatam
2121 3791 2513 3874 misericor-

499 4043 515 4076 ι
530 4064 542 4075 .
568 4024 752 4077 Vivere
771 4023 889 4075 volo
900 4063 917 4090 ,
939 4026 1233 4095 perarmat,
1252 4025 1425 4096 expel-
1510 4049 1534 4072 ιι
1556 4023 1791 4096 quotidie
1804 4021 2123 4095 proturbare
2143 4023 2356 4075 conaris
2372 4040 2400 4073 e
2415 4020 2511 4073 do-

419 4107 501 4160 lit.
522 4108 660 4178 Lege
688 4130 710 4153 α
725 4107 916 4158 Vivere
937 4105 1094 4158 volo?
1115 4105 1424 4178 proturbat,
1511 4129 1533 4151 ιι
1553 4125 1660 4157 mo.
1684 4129 1706 4151 n
1735 4105 1901 4157 Gnon.
1926 4104 2108 4156 Vivere
2131 4103 2284 4169 nolo,
2308 4101 2509 4176 Grypb.

419 4209 450 4232 ‹-
473 4183 701 4259 expellit.
725 4208 748 4233 ιι
794 4186 997 4258 Supraz
1040 4209 1062 4233 α
1082 4188 1168 4239 Τιι
1207 4187 1425 4238 unicum
1507 4188 1809 4252 proturbat,
1838 4185 1982 4239 Leid.
2008 4202 2113 4240 sec.
2128 4189 2283 4240 Voss.
