3200 5117
600 579 609 588 .
712 479 979 580 DEcL.
1028 512 1150 577 vr.
1197 510 1673 578 conpoms
1719 512 2210 579 PROJEch.
2379 505 2495 577 155

432 647 703 734 gravem
733 662 747 707 ε
805 657 881 708 tn
929 636 1214 722 melius,
1273 662 1480 725 uxor,
1537 660 1691 735 quae
1737 636 2083 707 facturum
2138 632 2495 706 retinebas.

432 754 839 851 Comparate
868 778 1095 841 nunc,
1128 753 1183 822 si
1213 751 1368 850 quis
1399 771 1662 849 patrem
1694 773 1814 849 per
1842 750 2063 822 hostes
2091 748 2272 822 solus
2307 748 2497 834 tulit,

430 866 551 963 qui
583 892 805 963 quum
842 865 1183 936 venientia
1209 865 1280 934 in
1317 885 1584 962 patrem
1615 864 1753 935 tela
1780 864 2177 962 excepisset,
2208 861 2499 961 simplici

430 999 660 1051 tamen
696 999 918 1052 morte
952 979 1318 1049 defunctus
1361 1000 1478 1049 est.
1513 980 1758 1049 Unum
1791 976 2125 1075 legimus,
2158 975 2281 1074 qui
2317 975 2503 1045 vica-

433 1093 564 1165 rias
591 1121 716 1192 pro
747 1113 966 1193 patre,
1002 1119 1145 1165 non
1175 1091 1459 1191 quidem
1494 1092 1723 1190 piratis
1755 1109 1875 1163 aut
1901 1087 2077 1162 mari
2107 1115 2356 1161 manus
2375 1089 2502 1159 ob-

430 1208 692 1298 tulerit,
715 1207 830 1278 sed
859 1208 979 1278 ubi
1000 1205 1248 1277 redimi
1270 1226 1496 1304 posset
1516 1220 1561 1275 ¹.
1584 1208 1704 1277 Me
1732 1204 2095 1276 miserum!
2125 1203 2497 1276 dicendum
2570 1190 2576 1210 ⁶

431 1341 574 1407 est,
627 1321 815 1419 qnod
853 1321 984 1394 hoc
1031 1320 1177 1418 ipso
1224 1319 1605 1391 admoneor
1643 1319 2000 1418 exemplo,
2049 1320 2122 1391 in
2160 1319 2498 1391 honorem

432 1436 701 1535 pietatis
745 1437 952 1510 etiam
997 1436 1308 1509 damnati
1339 1435 1804 1535 sepeliuntur:
1838 1436 1985 1508 haec
2025 1431 2143 1508 alii
2174 1436 2498 1520 laudant,

433 1574 559 1646 ego
588 1535 885 1647 queror(

526 1668 747 1737 XXII.
773 1668 877 1739 Te
901 1666 1221 1766 quidem,
1242 1665 1554 1767 juvenis,
1586 1666 1821 1739 omnia
1849 1666 2077 1740 secula
2095 1667 2500 1765 loquentur,

431 1800 498 1850 et
524 1780 931 1853 admirabile
965 1783 1362 1880 exemplum
1390 1782 1615 1854 tenaci
1652 1781 2002 1853 memoriae
2033 1780 2396 1867 traditum,
2429 1778 2500 1847 in

433 1894 578 1993 ipsa
597 1915 773 1967 astra
794 1895 1170 1968 sublimem
1188 1910 1213 1941 ²
1245 1917 1547 1996 pennata
1575 1896 1784 1968 virtus
1801 1898 1974 1968 feret
1996 1923 2010 1966 z
2042 1894 2160 1967 sed
2179 1892 2506 1965 mihi-ista

433 2009 584 2081 laus
614 2031 735 2083 tna
763 2037 917 2083 care
951 2032 1232 2084 constat.
1258 2014 1417 2083 Non
1449 2031 1592 2084 erat
1618 2013 1825 2084 satius
1859 2009 2109 2083 lectulo
2139 2003 2377 2081 matris
2404 2007 2506 2078 in-

434 2124 799 2216 cumbere,
830 2146 898 2198 et
936 2125 1010 2198 in
1046 2126 1256 2226 hujus
1301 2127 1695 2198 ministeriis
1729 2126 2046 2198 deditum
2090 2150 2325 2195 secura
2369 2121 2506 2193 otia

433 2237 881 2337 impendere?
903 2241 1027 2313 soli
1056 2242 1181 2313 tibi
1211 2242 1589 2340 contigerat
1607 2298 1626 2332 ,
1659 2262 1738 2313 nt
1759 2266 1990 2340 posses
2014 2259 2278 2338 patrem
2313 2261 2508 2309 excu-

437 2378 581 2424 sare
597 2350 652 2443 3,
700 2381 844 2426 non
889 2356 1251 2428 redimere.
1300 2359 1421 2428 Me
1461 2357 1779 2447 interim,
1829 2375 1910 2427 ut
1945 2372 2276 2452 coeperat,
2321 2351 2509 2423 tabes

434 2466 620 2538 lenta
646 2492 1118 2542 consumeret:
1155 2497 1305 2561 me,
1342 2497 1496 2569 qnae
1530 2470 1826 2543 debebat
1854 2469 2026 2559 sola,
2060 2493 2296 2542 senem
2326 2491 2510 2539 mors

436 2581 874 2654 redemisset:
917 2604 982 2655 et
1022 2611 1246 2682 quum
1294 2585 1611 2655 exanime
1643 2607 1888 2680 corpus
1931 2582 2004 2655 in
2047 2582 2296 2653 fluctus
2339 2599 2512 2651 esset

437 2694 781 2794 abjectum
799 2753 818 2787 ,
842 2698 896 2769 si
924 2698 1318 2796 contigisset
1343 2698 1583 2769 similis
1607 2717 2012 2794 tempestas,
2036 2695 2226 2795 qnod
2250 2695 2511 2791 aequins
2575 2692 2582 2696 ’

438 2828 608 2898 erat,
633 2833 707 2880 tu
736 2836 850 2881 me
866 2867 884 2898 ‚
906 2810 1038 2900 fili,
1057 2811 1428 2908 sepelisses.
1460 2808 1729 2880 Fefellit
1748 2829 1830 2880 te·
1847 2808 2190 2906 ingenitus
2209 2806 2511 2879 honestis

439 2924 696 2995 animis
730 2924 961 3023 gloriae
993 2950 1225 2996 amor:
1261 2920 1454 3023 spes4
1484 2923 1611 2995 tibi
1645 2943 1989 3022 perpetuae
2021 2922 2245 2994 laudis
2284 2922 2513 3019 impo-

426 3129 431 3134 -
514 3109 557 3143 1.
596 3092 767 3143 Unum
805 3090 1037 3165 legimus.
1058 3130 1070 3143 .
1091 3133 1103 3145 .
1137 3093 1225 3144 ubi
1255 3091 1438 3144 redimi

436 3174 1001 3304 ffi‘fifffiz‘ztit
1015 3172 1438 3305 fflmsss'oefflffi}

996 3291 1007 3303 ι
1164 3273 1177 3303 2
1200 3273 1225 3299 Β

446 3354 468 3377 ι
488 3331 558 3382 ob
582 3269 1151 3403 crimeziipeeulatus’in
1175 3350 1436 3385 carcerem

447 3433 470 3457 κ
487 3415 785 3482 conjectum
806 3450 823 3480 ,
870 3412 1052 3486 ibique
1093 3413 1400 3467 defunctum
1420 3450 1438 3478 ,

448 3515 471 3539 a
489 3493 750 3546 translatis
768 3495 824 3546 in
846 3511 904 3546 se
924 3494 1146 3548 vinculis
1172 3494 1241 3547 ad
1262 3494 1439 3567 sepul·

447 3595 470 3622 ι
488 3585 657 3625 turam
670 3573 908 3629 redemit.
931 3601 953 3624 ιο
974 3578 1163 3630 Cimon
1180 3588 1356 3629 autem
1377 3595 1440 3628 ex

439 3653 636 3723 Nepot.
654 3654 719 3718 V,
750 3671 794 3720 t,
823 3655 1063 3708 custodia
1086 3653 1337 3708 liberatus
1364 3666 1442 3706 est

438 3745 537 3803 per
572 3748 807 3784 sororem
840 3751 988 3786 suam
1020 3751 1322 3806 germanam
1339 3772 1356 3800 ‚
1390 3746 1443 3786 et

440 3826 691 3874 uxorem,
726 3813 942 3864 nomine
981 3812 1287 3885 Elpinicen,
1330 3830 1441 3883 que

439 3893 622 3962 nupsit
648 3903 821 3943 tamen
842 3894 956 3944 viro
977 3891 1234 3946 ditissimo
1249 3891 1441 3959 Calliae,

440 3985 503 4020 ea
547 3967 698 4039 lege,
736 3981 797 4020 ut
832 3972 1084 4040 pecunias
1123 3973 1180 4021 in
1216 3974 1446 4043 pretium

440 4050 672 4103 canonis
699 4051 981 4103 conferret.
1008 4053 1100 4103 En.

527 4145 576 4180 2.
627 4127 932 4181 Sublimem.
983 4127 1218 4180 Sublime
1264 4127 1444 4181 mallet

444 4205 823 4280 Schnffingim,
840 4210 1144 4282 respiciens,
1159 4207 1443 4277 credo,an

1512 3091 1716 3163 Virgilii
1756 3091 1866 3144 Ecl.
1909 3093 1983 3144 lx
1999 3131 2015 3162 ,
2055 3108 2145 3159 29:
2191 3113 2212 3136 a
2232 3090 2513 3142 Cantantes

1522 3192 1545 3216 s
1563 3169 1786 3223 sublime
1807 3169 1978 3222 ferent
2003 3169 2071 3221 ad
2095 3167 2260 3220 sidera
2285 3166 2464 3239 Cycni.
2486 3189 2508 3211 n

1515 3252 1618 3307 sed
1654 3266 1707 3305 et
1740 3252 1953 3323 vulgata
1989 3249 2141 3308 facile
2172 3248 2384 3302 defendi
2415 3266 2515 3320 po-

1517 3345 1648 3384 test:
1676 3346 1796 3385 ante
1822 3332 2006 3385 oeulos
2031 3345 2208 3383 autem
2230 3329 2318 3381 hic
2342 3327 2514 3382 decla-

1490 3425 1691 3464 ·mator
1733 3412 2018 3463 Horatiana
2061 3408 2148 3462 illa
2196 3426 2258 3461 ex
2302 3407 2391 3459 lib.
2436 3407 2483 3460 11
2498 3445 2513 3464 ,

1518 3492 1606 3545 od.
1636 3511 1696 3558 2,
1723 3490 1940 3546 habuitz
1972 3515 1995 3539 a
2014 3491 2170 3544 Illum
2198 3504 2317 3562 aget
2340 3505 2513 3563 penna

1524 3595 1547 3619 α
1566 3584 1834 3625 metuente
1857 3571 1986 3624 solvi
2010 3571 2171 3623 Fama
2190 3583 2470 3642 superstes.
2490 3593 2512 3616 a

1520 3651 1585 3703 Et
1598 3650 1670 3717 11,
1689 3650 1779 3703 od.
1795 3666 1885 3714 2⁰3
1901 3662 1952 3702 et
1966 3648 2056 3701 lib.
2070 3649 2168 3715 111,
2184 3647 2271 3700 od.
2290 3666 2336 3700 2.
2349 3649 2516 3700 Bnnu.

1593 3730 1647 3783 3.
1666 3731 1941 3785 Excusare.
1959 3732 2231 3793 Exeunte,
2250 3728 2395 3780 Leid-
2413 3746 2516 3781 sec.

1521 3812 1599 3865 Cl.
1638 3811 1838 3865 Schult.
1874 3824 2056 3878 notat,
2094 3823 2296 3882 patrem
2324 3809 2411 3861 hic
2438 3828 2521 3861 re-

1522 3892 1726 3962 spicere
1740 3890 1807 3942 ad
1821 3890 2082 3942 redimere.
2095 3890 2271 3957 Quare
2285 3887 2493 3958 legebat
2503 3926 2519 3952 ,

1522 3982 1741 4024 matrem
1762 3989 2030 4037 excusam,
2050 3981 2253 4042 patrem
2273 3988 2378 4021 non
2399 3968 2524 4020 redi·

1520 4068 1676 4103 mere.
1690 4053 1973 4103 Ascensius
1986 4052 2096 4120 jam
2112 4061 2422 4111 tentaverat,
2433 4064 2524 4117 pa·

1523 4133 1590 4185 tri
1604 4143 1913 4195 testemur-e,
1926 4149 2033 4182 non
2043 4140 2244 4202 patrem
2257 4126 2518 4178 redimere.

1592 4211 1646 4276 4.
1669 4212 1811 4282 Spes.
1830 4211 1965 4263 Nam
1989 4228 2110 4282 spes
2129 4207 2378 4280 imposuit
2399 4204 2525 4273 tibi,
