<?xml version="1.0" encoding="UTF-8"?>
<!DOCTYPE html PUBLIC "-//W3C//DTD XHTML 1.0 Transitional//EN"
    "http://www.w3.org/TR/xhtml1/DTD/xhtml1-transitional.dtd">
<html xmlns="http://www.w3.org/1999/xhtml" xml:lang="en" lang="en">
 <head>
  <title>
</title>
<meta http-equiv="Content-Type" content="text/html;charset=utf-8" />
  <meta name='ocr-system' content='tesseract 3.04.00' />
  <meta name='ocr-capabilities' content='ocr_page ocr_carea ocr_par ocr_line ocrx_word'/>
</head>
<body>
  <div class='ocr_page' id='page_1' title='image "./deinstitutioneo01flacgoog_0188.png"; bbox 0 0 3200 5117; ppageno 0'>
   <div class='ocr_carea' id='block_1_1' title="bbox 770 522 2358 606">
    <p class='ocr_par' dir='ltr' id='par_1_1' title="bbox 770 522 2358 606">
     <span class='ocr_line' id='line_1_1' title="bbox 770 522 2358 606; baseline -0.001 -19"><span class='ocrx_word' id='word_1_1' title='bbox 770 530 882 606; x_wconf 64' lang='lat'><strong>144</strong></span> <span class='ocrx_word' id='word_1_2' title='bbox 1268 525 1359 587; x_wconf 79' lang='lat' dir='ltr'><strong>M.</strong></span> <span class='ocrx_word' id='word_1_3' title='bbox 1412 523 1662 585; x_wconf 67' lang='lat' dir='ltr'><strong>mnu</strong></span> <span class='ocrx_word' id='word_1_4' title='bbox 1709 522 2358 604; x_wconf 57' lang='lat' dir='ltr'><strong>Qcffi‘rlma‘st</strong></span> 
     </span>
    </p>
   </div>
   <div class='ocr_carea' id='block_1_2' title="bbox 753 644 2872 3413">
    <p class='ocr_par' dir='ltr' id='par_1_2' title="bbox 754 644 2872 2718">
     <span class='ocr_line' id='line_1_2' title="bbox 759 644 2870 746; baseline 0 -27"><span class='ocrx_word' id='word_1_5' title='bbox 759 669 1105 746; x_wconf 88' lang='lat' dir='ltr'><strong>postremo</strong></span> <span class='ocrx_word' id='word_1_6' title='bbox 1140 673 1283 718; x_wconf 90' lang='lat' dir='ltr'><strong>non</strong></span> <span class='ocrx_word' id='word_1_7' title='bbox 1319 645 1449 716; x_wconf 91' lang='lat' dir='ltr'><strong>hoc</strong></span> <span class='ocrx_word' id='word_1_8' title='bbox 1491 671 1638 715; x_wconf 85' lang='lat' dir='ltr'><strong>esse</strong></span> <span class='ocrx_word' id='word_1_9' title='bbox 1682 644 1992 717; x_wconf 86' lang='lat' dir='ltr'><strong>deserere</strong></span> <span class='ocrx_word' id='word_1_10' title='bbox 2036 644 2528 717; x_wconf 86' lang='lat' dir='ltr'><strong>contendimus</strong></span> <span class='ocrx_word' id='word_1_11' title='bbox 2553 661 2616 736; x_wconf 77' lang='lat'><strong>¹5</strong></span> <span class='ocrx_word' id='word_1_12' title='bbox 2658 667 2870 744; x_wconf 87' lang='lat' dir='ltr'><strong>atque</strong></span> 
     </span>
     <span class='ocr_line' id='line_1_3' title="bbox 755 762 2870 850; baseline 0 -13"><span class='ocrx_word' id='word_1_13' title='bbox 755 793 839 837; x_wconf 90' lang='lat' dir='ltr'><strong>eo</strong></span> <span class='ocrx_word' id='word_1_14' title='bbox 874 792 1149 835; x_wconf 88' lang='lat' dir='ltr'><strong>causam</strong></span> <span class='ocrx_word' id='word_1_15' title='bbox 1183 762 1647 850; x_wconf 79' lang='lat' dir='ltr'><strong>dimittimuS,</strong></span> <span class='ocrx_word' id='word_1_16' title='bbox 1686 784 1762 833; x_wconf 89' lang='lat' dir='ltr'><strong>ut</strong></span> <span class='ocrx_word' id='word_1_17' title='bbox 1789 789 1933 834; x_wconf 91' lang='lat' dir='ltr'><strong>non</strong></span> <span class='ocrx_word' id='word_1_18' title='bbox 1964 762 2051 833; x_wconf 90' lang='lat' dir='ltr'><strong>sit</strong></span> <span class='ocrx_word' id='word_1_19' title='bbox 2084 762 2550 835; x_wconf 84' lang='lat' dir='ltr'><strong>absolvendus</strong></span> <span class='ocrx_word' id='word_1_20' title='bbox 2593 765 2870 837; x_wconf 84' lang='lat' dir='ltr'><strong>adoles-</strong></span> 
     </span>
     <span class='ocr_line' id='line_1_4' title="bbox 757 879 2868 970; baseline -0 -17"><span class='ocrx_word' id='word_1_21' title='bbox 757 910 956 970; x_wconf 80' lang='lat' dir='ltr'><strong>cenS,</strong></span> <span class='ocrx_word' id='word_1_22' title='bbox 1007 881 1140 951; x_wconf 90' lang='lat' dir='ltr'><strong>nisi</strong></span> <span class='ocrx_word' id='word_1_23' title='bbox 1192 880 1401 950; x_wconf 85' lang='lat' dir='ltr'><strong>etiam</strong></span> <span class='ocrx_word' id='word_1_24' title='bbox 1450 879 1868 951; x_wconf 89' lang='lat' dir='ltr'><strong>laudandus.</strong></span> <span class='ocrx_word' id='word_1_25' title='bbox 1928 879 2075 967; x_wconf 87' lang='lat' dir='ltr'><strong>Qui</strong></span> <span class='ocrx_word' id='word_1_26' title='bbox 2129 901 2363 950; x_wconf 90' lang='lat' dir='ltr'><strong>autem</strong></span> <span class='ocrx_word' id='word_1_27' title='bbox 2418 881 2729 969; x_wconf 85' lang='lat' dir='ltr'><strong>dubitat,</strong></span> <span class='ocrx_word' id='word_1_28' title='bbox 2779 909 2868 953; x_wconf 86' lang='lat' dir='ltr'><strong>an</strong></span> 
     </span>
     <span class='ocr_line' id='line_1_5' title="bbox 758 995 2872 1095; baseline 0 -27"><span class='ocrx_word' id='word_1_29' title='bbox 758 997 994 1095; x_wconf 78' lang='lat' dir='ltr'><strong>scripti</strong></span> <span class='ocrx_word' id='word_1_30' title='bbox 1050 995 1476 1067; x_wconf 79' lang='lat' dir='ltr'><strong>voluntatem</strong></span> <span class='ocrx_word' id='word_1_31' title='bbox 1531 995 1728 1091; x_wconf 90' lang='lat' dir='ltr'><strong>sequi</strong></span> <span class='ocrx_word' id='word_1_32' title='bbox 1796 995 2193 1084; x_wconf 72' lang='lat' dir='ltr'><strong>conveniat,</strong></span> <span class='ocrx_word' id='word_1_33' title='bbox 2250 995 2307 1066; x_wconf 88' lang='lat' dir='ltr'><strong>is</strong></span> <span class='ocrx_word' id='word_1_34' title='bbox 2361 996 2540 1066; x_wconf 84' lang='lat' dir='ltr'><strong>mihi</strong></span> <span class='ocrx_word' id='word_1_35' title='bbox 2599 996 2872 1069; x_wconf 81' lang='lat' dir='ltr'><strong>videtur</strong></span> 
     </span>
     <span class='ocr_line' id='line_1_6' title="bbox 758 1112 2870 1212; baseline 0.001 -28"><span class='ocrx_word' id='word_1_36' title='bbox 758 1116 1210 1212; x_wconf 74' lang='lat' dir='ltr'><strong>quaestionem</strong></span> <span class='ocrx_word' id='word_1_37' title='bbox 1247 1135 1510 1184; x_wconf 86' lang='lat' dir='ltr'><strong>tentare</strong></span> <span class='ocrx_word' id='word_1_38' title='bbox 1555 1113 1863 1183; x_wconf 89' lang='lat' dir='ltr'><strong>incertus</strong></span> <span class='ocrx_word' id='word_1_39' title='bbox 1901 1140 2041 1208; x_wconf 90' lang='lat' dir='ltr'><strong>qua</strong></span> <span class='ocrx_word' id='word_1_40' title='bbox 2080 1112 2164 1183; x_wconf 89' lang='lat' dir='ltr'><strong>de</strong></span> <span class='ocrx_word' id='word_1_41' title='bbox 2206 1139 2309 1183; x_wconf 89' lang='lat' dir='ltr'><strong>re:</strong></span> <span class='ocrx_word' id='word_1_42' title='bbox 2352 1112 2512 1184; x_wconf 86' lang='lat' dir='ltr'><strong>ideo</strong></span> <span class='ocrx_word' id='word_1_43' title='bbox 2544 1114 2870 1211; x_wconf 83' lang='lat' dir='ltr'>pauciora</span> 
     </span>
     <span class='ocr_line' id='line_1_7' title="bbox 756 1226 2872 1331; baseline -0 -31"><span class='ocrx_word' id='word_1_44' title='bbox 756 1230 1122 1331; x_wconf 70' lang='lat' dir='ltr'><strong>adjiciam,</strong></span> <span class='ocrx_word' id='word_1_45' title='bbox 1172 1230 1361 1326; x_wconf 89' lang='lat' dir='ltr'><strong>quod</strong></span> <span class='ocrx_word' id='word_1_46' title='bbox 1399 1227 1600 1299; x_wconf 90' lang='lat' dir='ltr'><strong>nobis</strong></span> <span class='ocrx_word' id='word_1_47' title='bbox 1635 1254 1954 1324; x_wconf 86' lang='lat' dir='ltr'><strong>quoque,</strong></span> <span class='ocrx_word' id='word_1_48' title='bbox 1999 1227 2053 1297; x_wconf 92' lang='lat' dir='ltr'><strong>si</strong></span> <span class='ocrx_word' id='word_1_49' title='bbox 2099 1226 2189 1297; x_wconf 91' lang='lat' dir='ltr'><strong>ita</strong></span> <span class='ocrx_word' id='word_1_50' title='bbox 2225 1228 2545 1326; x_wconf 75' lang='lat' dir='ltr'><strong>pergitis,</strong></span> <span class='ocrx_word' id='word_1_51' title='bbox 2594 1229 2872 1300; x_wconf 84' lang='lat' dir='ltr'><strong>afferret</strong></span> 
     </span>
     <span class='ocr_line' id='line_1_8' title="bbox 757 1342 2869 1442; baseline 0.001 -28"><span class='ocrx_word' id='word_1_52' title='bbox 757 1344 1111 1442; x_wconf 82' lang='lat' dir='ltr'><strong>quandam</strong></span> <span class='ocrx_word' id='word_1_53' title='bbox 1155 1343 1661 1414; x_wconf 79' lang='lat' dir='ltr'>cavillationem</span> <span class='ocrx_word' id='word_1_54' title='bbox 1718 1343 1843 1412; x_wconf 89' lang='lat' dir='ltr'><strong>ista</strong></span> <span class='ocrx_word' id='word_1_55' title='bbox 1889 1342 2230 1416; x_wconf 89' lang='lat' dir='ltr'><strong>sermonis</strong></span> <span class='ocrx_word' id='word_1_56' title='bbox 2281 1342 2742 1439; x_wconf 77' lang='lat' dir='ltr'>ambiguitas:</span> <span class='ocrx_word' id='word_1_57' title='bbox 2789 1371 2869 1416; x_wconf 88' lang='lat' dir='ltr'><strong>ac</strong></span> 
     </span>
     <span class='ocr_line' id='line_1_9' title="bbox 757 1457 2870 1559; baseline 0 -30"><span class='ocrx_word' id='word_1_58' title='bbox 757 1460 972 1531; x_wconf 86' lang='lat' dir='ltr'><strong>videri</strong></span> <span class='ocrx_word' id='word_1_59' title='bbox 1019 1461 1268 1559; x_wconf 87' lang='lat' dir='ltr'><strong>poterit</strong></span> <span class='ocrx_word' id='word_1_60' title='bbox 1310 1486 1597 1530; x_wconf 90' lang='lat' dir='ltr'><strong>omnem</strong></span> <span class='ocrx_word' id='word_1_61' title='bbox 1647 1457 1990 1529; x_wconf 82' lang='lat' dir='ltr'>actionem</span> <span class='ocrx_word' id='word_1_62' title='bbox 2038 1459 2247 1557; x_wconf 87' lang='lat' dir='ltr'><strong>partis</strong></span> <span class='ocrx_word' id='word_1_63' title='bbox 2294 1458 2587 1529; x_wconf 80' lang='lat' dir='ltr'><strong>adversae</strong></span> <span class='ocrx_word' id='word_1_64' title='bbox 2639 1460 2870 1557; x_wconf 87' lang='lat' dir='ltr'><strong>prima</strong></span> 
     </span>
     <span class='ocr_line' id='line_1_10' title="bbox 759 1572 2866 1671; baseline -0.001 -25"><span class='ocrx_word' id='word_1_65' title='bbox 759 1576 987 1647; x_wconf 91' lang='lat' dir='ltr'><strong>statim</strong></span> <span class='ocrx_word' id='word_1_66' title='bbox 1019 1575 1411 1646; x_wconf 83' lang='lat' dir='ltr'><strong>recitatione</strong></span> <span class='ocrx_word' id='word_1_67' title='bbox 1448 1574 1862 1644; x_wconf 85' lang='lat' dir='ltr'><strong>subvertere.</strong></span> <span class='ocrx_word' id='word_1_68' title='bbox 1901 1576 2081 1644; x_wconf 82' lang='lat' dir='ltr'><strong>Nam</strong></span> <span class='ocrx_word' id='word_1_69' title='bbox 2119 1573 2224 1644; x_wconf 84' lang='lat' dir='ltr'><strong>lex</strong></span> <span class='ocrx_word' id='word_1_70' title='bbox 2256 1599 2479 1670; x_wconf 92' lang='lat' dir='ltr'><strong>quum</strong></span> <span class='ocrx_word' id='word_1_71' title='bbox 2511 1572 2714 1662; x_wconf 84' lang='lat' dir='ltr'><strong>dicit,</strong></span> <span class='ocrx_word' id='word_1_72' title='bbox 2744 1574 2866 1671; x_wconf 90' lang='lat' dir='ltr'><strong>qui</strong></span> 
     </span>
     <span class='ocr_line' id='line_1_11' title="bbox 756 1688 2869 1790; baseline -0.001 -28"><span class='ocrx_word' id='word_1_73' title='bbox 756 1713 1072 1790; x_wconf 86' lang='lat' dir='ltr'><strong>parentes</strong></span> <span class='ocrx_word' id='word_1_74' title='bbox 1114 1692 1185 1761; x_wconf 90' lang='lat' dir='ltr'><strong>in</strong></span> <span class='ocrx_word' id='word_1_75' title='bbox 1218 1689 1601 1761; x_wconf 81' lang='lat' dir='ltr'><strong>calamitate</strong></span> <span class='ocrx_word' id='word_1_76' title='bbox 1644 1688 2054 1778; x_wconf 82' lang='lat' dir='ltr'><strong>deseruerit,</strong></span> <span class='ocrx_word' id='word_1_77' title='bbox 2093 1715 2463 1786; x_wconf 84' lang='lat' dir='ltr'><strong>rursusque</strong></span> <span class='ocrx_word' id='word_1_78' title='bbox 2502 1717 2726 1786; x_wconf 90' lang='lat' dir='ltr'><strong>quum</strong></span> <span class='ocrx_word' id='word_1_79' title='bbox 2764 1690 2869 1760; x_wconf 90' lang='lat' dir='ltr'><strong>di-</strong></span> 
     </span>
     <span class='ocr_line' id='line_1_12' title="bbox 755 1807 2866 1908; baseline -0.001 -28"><span class='ocrx_word' id='word_1_80' title='bbox 755 1810 880 1897; x_wconf 90' lang='lat' dir='ltr'><strong>cit,</strong></span> <span class='ocrx_word' id='word_1_81' title='bbox 920 1807 1306 1908; x_wconf 80' lang='lat' dir='ltr'><strong>insepultus</strong></span> <span class='ocrx_word' id='word_1_82' title='bbox 1339 1808 1743 1908; x_wconf 84' lang='lat' dir='ltr'><strong>abjiciatur,</strong></span> <span class='ocrx_word' id='word_1_83' title='bbox 1786 1833 1930 1876; x_wconf 88' lang='lat' dir='ltr'><strong>non</strong></span> <span class='ocrx_word' id='word_1_84' title='bbox 1964 1807 2207 1903; x_wconf 90' lang='lat' dir='ltr'><strong>utique</strong></span> <span class='ocrx_word' id='word_1_85' title='bbox 2247 1807 2320 1877; x_wconf 90' lang='lat' dir='ltr'><strong>id</strong></span> <span class='ocrx_word' id='word_1_86' title='bbox 2366 1807 2745 1904; x_wconf 77' lang='lat' dir='ltr'><strong>significat,</strong></span> <span class='ocrx_word' id='word_1_87' title='bbox 2791 1829 2866 1878; x_wconf 88' lang='lat' dir='ltr'><strong>ut</strong></span> 
     </span>
     <span class='ocr_line' id='line_1_13' title="bbox 754 1923 2863 2024; baseline 0 -28"><span class='ocrx_word' id='word_1_88' title='bbox 754 1954 901 1998; x_wconf 87' lang='lat' dir='ltr'><strong>non</strong></span> <span class='ocrx_word' id='word_1_89' title='bbox 932 1926 1137 1997; x_wconf 89' lang='lat' dir='ltr'><strong>liceat</strong></span> <span class='ocrx_word' id='word_1_90' title='bbox 1162 1952 1324 1996; x_wconf 90' lang='lat' dir='ltr'><strong>eum</strong></span> <span class='ocrx_word' id='word_1_91' title='bbox 1359 1924 1669 2023; x_wconf 89' lang='lat' dir='ltr'><strong>sepeliri,</strong></span> <span class='ocrx_word' id='word_1_92' title='bbox 1701 1944 2064 2021; x_wconf 89' lang='lat' dir='ltr'><strong>postquam</strong></span> <span class='ocrx_word' id='word_1_93' title='bbox 2102 1923 2443 2024; x_wconf 89' lang='lat' dir='ltr'><strong>projectus</strong></span> <span class='ocrx_word' id='word_1_94' title='bbox 2477 1945 2598 1996; x_wconf 89' lang='lat' dir='ltr'><strong>est.</strong></span> <span class='ocrx_word' id='word_1_95' title='bbox 2628 1926 2863 2016; x_wconf 88' lang='lat' dir='ltr'><strong>Quare</strong></span> 
     </span>
     <span class='ocr_line' id='line_1_14' title="bbox 755 2042 2860 2141; baseline -0 -25"><span class='ocrx_word' id='word_1_96' title='bbox 755 2066 878 2116; x_wconf 91' lang='lat' dir='ltr'><strong>aut</strong></span> <span class='ocrx_word' id='word_1_97' title='bbox 916 2044 1089 2113; x_wconf 86' lang='lat' dir='ltr'><strong>mihi</strong></span> <span class='ocrx_word' id='word_1_98' title='bbox 1138 2070 1417 2139; x_wconf 90' lang='lat' dir='ltr'><strong>quoque</strong></span> <span class='ocrx_word' id='word_1_99' title='bbox 1461 2042 1837 2140; x_wconf 88' lang='lat' dir='ltr'><strong>permittite</strong></span> <span class='ocrx_word' id='word_1_100' title='bbox 1881 2043 1980 2113; x_wconf 92' lang='lat' dir='ltr'><strong>sic</strong></span> <span class='ocrx_word' id='word_1_101' title='bbox 2019 2070 2257 2139; x_wconf 72' lang='lat' dir='ltr'><strong>agere,</strong></span> <span class='ocrx_word' id='word_1_102' title='bbox 2290 2042 2645 2141; x_wconf 92' lang='lat' dir='ltr'><strong>quomodo</strong></span> <span class='ocrx_word' id='word_1_103' title='bbox 2673 2042 2860 2131; x_wconf 81' lang='lat' dir='ltr'><strong>volO,</strong></span> 
     </span>
     <span class='ocr_line' id='line_1_15' title="bbox 756 2156 2862 2256; baseline 0 -27"><span class='ocrx_word' id='word_1_104' title='bbox 756 2182 909 2246; x_wconf 82' lang='lat' dir='ltr'><strong>aut,</strong></span> <span class='ocrx_word' id='word_1_105' title='bbox 949 2159 1134 2254; x_wconf 87' lang='lat' dir='ltr'><strong>quod</strong></span> <span class='ocrx_word' id='word_1_106' title='bbox 1176 2159 1395 2256; x_wconf 76' lang='lat' dir='ltr'><strong>magis</strong></span> <span class='ocrx_word' id='word_1_107' title='bbox 1433 2179 1724 2227; x_wconf 85' lang='lat' dir='ltr'><strong>vestram</strong></span> <span class='ocrx_word' id='word_1_108' title='bbox 1772 2156 2185 2255; x_wconf 76' lang='lat' dir='ltr'><strong>religionem</strong></span> <span class='ocrx_word' id='word_1_109' title='bbox 2232 2157 2460 2246; x_wconf 76' lang='lat' dir='ltr'><strong>decet,</strong></span> <span class='ocrx_word' id='word_1_110' title='bbox 2498 2157 2862 2256; x_wconf 81' lang='lat' dir='ltr'><strong>indignam</strong></span> 
     </span>
     <span class='ocr_line' id='line_1_16' title="bbox 755 2273 2861 2372; baseline -0 -27"><span class='ocrx_word' id='word_1_111' title='bbox 755 2274 1199 2345; x_wconf 83' lang='lat' dir='ltr'><strong>sanctissimis</strong></span> <span class='ocrx_word' id='word_1_112' title='bbox 1246 2273 1529 2343; x_wconf 83' lang='lat' dir='ltr'><strong>auribus</strong></span> <span class='ocrx_word' id='word_1_113' title='bbox 1570 2273 1942 2343; x_wconf 83' lang='lat' dir='ltr'><strong>verborum</strong></span> <span class='ocrx_word' id='word_1_114' title='bbox 1981 2274 2419 2371; x_wconf 81' lang='lat' dir='ltr'><strong>captionem²</strong></span> <span class='ocrx_word' id='word_1_115' title='bbox 2457 2300 2538 2344; x_wconf 78' lang='lat' dir='ltr'><strong>ex</strong></span> <span class='ocrx_word' id='word_1_116' title='bbox 2570 2294 2861 2372; x_wconf 90' lang='lat' dir='ltr'><strong>utraque</strong></span> 
     </span>
     <span class='ocr_line' id='line_1_17' title="bbox 756 2386 2862 2488; baseline 0 -29"><span class='ocrx_word' id='word_1_117' title='bbox 756 2408 944 2486; x_wconf 89' lang='lat' dir='ltr'><strong>parte</strong></span> <span class='ocrx_word' id='word_1_118' title='bbox 973 2389 1320 2486; x_wconf 78' lang='lat' dir='ltr'><strong>praecidite</strong></span> <span class='ocrx_word' id='word_1_119' title='bbox 1343 2416 1357 2458; x_wconf 74' lang='grc' dir='ltr'>ε</span> <span class='ocrx_word' id='word_1_120' title='bbox 1380 2410 1449 2459; x_wconf 89' lang='lat' dir='ltr'><strong>et</strong></span> <span class='ocrx_word' id='word_1_121' title='bbox 1475 2415 1699 2484; x_wconf 91' lang='lat' dir='ltr'><strong>quum</strong></span> <span class='ocrx_word' id='word_1_122' title='bbox 1725 2387 1950 2459; x_wconf 87' lang='lat' dir='ltr'><strong>filium</strong></span> <span class='ocrx_word' id='word_1_123' title='bbox 1978 2389 2345 2488; x_wconf 80' lang='lat' dir='ltr'><strong>singularis</strong></span> <span class='ocrx_word' id='word_1_124' title='bbox 2372 2386 2667 2488; x_wconf 83' lang='lat' dir='ltr'><strong>exempli</strong></span> <span class='ocrx_word' id='word_1_125' title='bbox 2687 2416 2862 2487; x_wconf 82' lang='lat' dir='ltr'><strong>-pro-</strong></span> 
     </span>
     <span class='ocr_line' id='line_1_18' title="bbox 756 2503 2858 2605; baseline 0 -31"><span class='ocrx_word' id='word_1_126' title='bbox 756 2504 1037 2592; x_wconf 80' lang='lat' dir='ltr'><strong>bavero,</strong></span> <span class='ocrx_word' id='word_1_127' title='bbox 1072 2505 1340 2575; x_wconf 87' lang='lat' dir='ltr'><strong>fortiter</strong></span> <span class='ocrx_word' id='word_1_128' title='bbox 1380 2503 1657 2592; x_wconf 87' lang='lat' dir='ltr'><strong>sentite,</strong></span> <span class='ocrx_word' id='word_1_129' title='bbox 1691 2504 1964 2575; x_wconf 91' lang='lat' dir='ltr'><strong>nullam</strong></span> <span class='ocrx_word' id='word_1_130' title='bbox 2007 2532 2350 2602; x_wconf 89' lang='lat' dir='ltr'><strong>umquam</strong></span> <span class='ocrx_word' id='word_1_131' title='bbox 2392 2533 2436 2577; x_wconf 90' lang='lat' dir='ltr'><strong>a</strong></span> <span class='ocrx_word' id='word_1_132' title='bbox 2479 2504 2858 2605; x_wconf 89' lang='lat' dir='ltr'><strong>majoribus</strong></span> 
     </span>
     <span class='ocr_line' id='line_1_19' title="bbox 757 2618 2141 2718; baseline 0.001 -30"><span class='ocrx_word' id='word_1_133' title='bbox 757 2619 1003 2689; x_wconf 90' lang='lat' dir='ltr'><strong>nostris</strong></span> <span class='ocrx_word' id='word_1_134' title='bbox 1037 2644 1315 2717; x_wconf 86' lang='lat' dir='ltr'><strong>poenam</strong></span> <span class='ocrx_word' id='word_1_135' title='bbox 1345 2618 1668 2718; x_wconf 85' lang='lat' dir='ltr'><strong>scriptam</strong></span> <span class='ocrx_word' id='word_1_136' title='bbox 1700 2646 1841 2690; x_wconf 90' lang='lat' dir='ltr'><strong>esse</strong></span> <span class='ocrx_word' id='word_1_137' title='bbox 1876 2619 2141 2718; x_wconf 88' lang='lat' dir='ltr'><strong>pietati.</strong></span> 
     </span>
    </p>

    <p class='ocr_par' dir='ltr' id='par_1_3' title="bbox 753 2731 2858 3413">
     <span class='ocr_line' id='line_1_20' title="bbox 852 2731 2858 2833; baseline 0 -28"><span class='ocrx_word' id='word_1_138' title='bbox 852 2737 1039 2805; x_wconf 86' lang='lat' dir='ltr'><strong>Xlll.</strong></span> <span class='ocrx_word' id='word_1_139' title='bbox 1075 2737 1301 2831; x_wconf 88' lang='lat' dir='ltr'><strong>Atque</strong></span> <span class='ocrx_word' id='word_1_140' title='bbox 1331 2734 1403 2804; x_wconf 93' lang='lat' dir='ltr'><strong>in</strong></span> <span class='ocrx_word' id='word_1_141' title='bbox 1437 2761 1554 2820; x_wconf 71' lang='grc' dir='ltr'><strong>ρο,</strong></span> <span class='ocrx_word' id='word_1_142' title='bbox 1592 2735 1781 2831; x_wconf 90' lang='lat' dir='ltr'><strong>quod</strong></span> <span class='ocrx_word' id='word_1_143' title='bbox 1809 2735 2121 2833; x_wconf 85' lang='lat' dir='ltr'><strong>primum</strong></span> <span class='ocrx_word' id='word_1_144' title='bbox 2146 2760 2557 2832; x_wconf 88' lang='lat' dir='ltr'><strong>posueram,</strong></span> <span class='ocrx_word' id='word_1_145' title='bbox 2595 2760 2739 2806; x_wconf 89' lang='lat' dir='ltr'><strong>non</strong></span> <span class='ocrx_word' id='word_1_146' title='bbox 2768 2731 2858 2805; x_wconf 86' lang='lat' dir='ltr'><strong>ad</strong></span> 
     </span>
     <span class='ocr_line' id='line_1_21' title="bbox 753 2850 2854 2950; baseline 0 -29"><span class='ocrx_word' id='word_1_147' title='bbox 753 2850 932 2921; x_wconf 89' lang='lat' dir='ltr'><strong>hanc</strong></span> <span class='ocrx_word' id='word_1_148' title='bbox 978 2878 1122 2922; x_wconf 84' lang='lat' dir='ltr'><strong>rem</strong></span> <span class='ocrx_word' id='word_1_149' title='bbox 1166 2851 1512 2950; x_wconf 86' lang='lat' dir='ltr'><strong>pertinere</strong></span> <span class='ocrx_word' id='word_1_150' title='bbox 1563 2852 1828 2949; x_wconf 79' lang='lat' dir='ltr'><strong>legem,</strong></span> <span class='ocrx_word' id='word_1_151' title='bbox 1866 2879 2007 2923; x_wconf 88' lang='lat' dir='ltr'><strong>non</strong></span> <span class='ocrx_word' id='word_1_152' title='bbox 2059 2851 2181 2921; x_wconf 85' lang='lat' dir='ltr'><strong>diu</strong></span> <span class='ocrx_word' id='word_1_153' title='bbox 2231 2851 2581 2939; x_wconf 84' lang='lat' dir='ltr'><strong>versabor,</strong></span> <span class='ocrx_word' id='word_1_154' title='bbox 2627 2876 2854 2946; x_wconf 89' lang='lat' dir='ltr'><strong>neque</strong></span> 
     </span>
     <span class='ocr_line' id='line_1_22' title="bbox 755 2967 2854 3065; baseline 0.001 -28"><span class='ocrx_word' id='word_1_155' title='bbox 755 2967 1225 3054; x_wconf 76' lang='lat' dir='ltr'><strong>dubitatione,</strong></span> <span class='ocrx_word' id='word_1_156' title='bbox 1257 2996 1473 3065; x_wconf 89' lang='lat' dir='ltr'><strong>quam</strong></span> <span class='ocrx_word' id='word_1_157' title='bbox 1507 2995 1651 3040; x_wconf 90' lang='lat' dir='ltr'><strong>non</strong></span> <span class='ocrx_word' id='word_1_158' title='bbox 1688 2969 1929 3056; x_wconf 79' lang='lat' dir='ltr'><strong>habet,</strong></span> <span class='ocrx_word' id='word_1_159' title='bbox 1966 2969 2253 3041; x_wconf 85' lang='lat' dir='ltr'><strong>afferam</strong></span> <span class='ocrx_word' id='word_1_160' title='bbox 2291 2996 2583 3040; x_wconf 87' lang='lat' dir='ltr'><strong>moram.</strong></span> <span class='ocrx_word' id='word_1_161' title='bbox 2610 2970 2854 3064; x_wconf 85' lang='lat' dir='ltr'><strong>Neque</strong></span> 
     </span>
     <span class='ocr_line' id='line_1_23' title="bbox 753 3084 2851 3183; baseline 0.001 -31"><span class='ocrx_word' id='word_1_162' title='bbox 753 3084 945 3153; x_wconf 89' lang='lat' dir='ltr'><strong>enim</strong></span> <span class='ocrx_word' id='word_1_163' title='bbox 976 3107 1175 3182; x_wconf 78' lang='lat' dir='ltr'><strong>pum,</strong></span> <span class='ocrx_word' id='word_1_164' title='bbox 1200 3084 1251 3155; x_wconf 89' lang='lat' dir='ltr'><strong>si</strong></span> <span class='ocrx_word' id='word_1_165' title='bbox 1284 3107 1436 3155; x_wconf 83' lang='lat' dir='ltr'><strong>aetas</strong></span> <span class='ocrx_word' id='word_1_166' title='bbox 1462 3085 1795 3183; x_wconf 86' lang='lat' dir='ltr'><strong>impediet</strong></span> <span class='ocrx_word' id='word_1_167' title='bbox 1818 3084 2191 3173; x_wconf 80' lang='lat' dir='ltr'><strong>infantem,</strong></span> <span class='ocrx_word' id='word_1_168' title='bbox 2214 3084 2538 3157; x_wconf 87' lang='lat' dir='ltr'><strong>valetudo</strong></span> <span class='ocrx_word' id='word_1_169' title='bbox 2558 3110 2851 3182; x_wconf 74' lang='lat' dir='ltr'><strong>aegrum,</strong></span> 
     </span>
     <span class='ocr_line' id='line_1_24' title="bbox 754 3198 2853 3296; baseline 0.001 -29"><span class='ocrx_word' id='word_1_170' title='bbox 754 3198 1140 3296; x_wconf 85' lang='lat' dir='ltr'><strong>respublica</strong></span> <span class='ocrx_word' id='word_1_171' title='bbox 1167 3198 1499 3295; x_wconf 77' lang='lat' dir='ltr'><strong>legatum,</strong></span> <span class='ocrx_word' id='word_1_172' title='bbox 1522 3200 1657 3269; x_wconf 88' lang='lat' dir='ltr'><strong>dux</strong></span> <span class='ocrx_word' id='word_1_173' title='bbox 1685 3199 2018 3287; x_wconf 83' lang='lat' dir='ltr'><strong>militem,</strong></span> <span class='ocrx_word' id='word_1_174' title='bbox 2043 3199 2512 3273; x_wconf 90' lang='lat' dir='ltr'><strong>nihilominus</strong></span> <span class='ocrx_word' id='word_1_175' title='bbox 2539 3198 2853 3271; x_wconf 86' lang='lat' dir='ltr'><strong>obstricta</strong></span> 
     </span>
     <span class='ocr_line' id='line_1_25' title="bbox 753 3313 2853 3413; baseline 0.002 -31"><span class='ocrx_word' id='word_1_176' title='bbox 753 3313 1162 3385; x_wconf 84' lang='lat' dir='ltr'><strong>crudelitas3</strong></span> <span class='ocrx_word' id='word_1_177' title='bbox 1195 3340 1335 3385; x_wconf 89' lang='lat' dir='ltr'><strong>non</strong></span> <span class='ocrx_word' id='word_1_178' title='bbox 1364 3315 1656 3413; x_wconf 88' lang='lat' dir='ltr'><strong>accipiet</strong></span> <span class='ocrx_word' id='word_1_179' title='bbox 1685 3315 2022 3386; x_wconf 86' lang='lat' dir='ltr'><strong>rationem</strong></span> <span class='ocrx_word' id='word_1_180' title='bbox 2047 3316 2498 3388; x_wconf 82' lang='lat' dir='ltr'><strong>necessitatis:</strong></span> <span class='ocrx_word' id='word_1_181' title='bbox 2537 3336 2608 3386; x_wconf 89' lang='lat' dir='ltr'><strong>et</strong></span> <span class='ocrx_word' id='word_1_182' title='bbox 2630 3341 2853 3412; x_wconf 88' lang='lat' dir='ltr'><strong>quum</strong></span> 
     </span>
    </p>
   </div>
   <div class='ocr_carea' id='block_1_3' title="bbox 746 3464 2854 4328">
    <p class='ocr_par' dir='ltr' id='par_1_4' title="bbox 746 3464 2854 4251">
     <span class='ocr_line' id='line_1_26' title="bbox 830 3464 2854 3536; baseline 0.001 -23"><span class='ocrx_word' id='word_1_183' title='bbox 830 3480 872 3513; x_wconf 84' lang='grc'><strong>1.</strong></span> <span class='ocrx_word' id='word_1_184' title='bbox 910 3464 1031 3514; x_wconf 86' lang='lat' dir='ltr'><strong>Non</strong></span> <span class='ocrx_word' id='word_1_185' title='bbox 1060 3464 1156 3516; x_wconf 81' lang='lat' dir='ltr'><strong>hoc</strong></span> <span class='ocrx_word' id='word_1_186' title='bbox 1178 3484 1276 3516; x_wconf 83' lang='lat' dir='ltr'><strong>esse</strong></span> <span class='ocrx_word' id='word_1_187' title='bbox 1300 3467 1523 3518; x_wconf 77' lang='lat' dir='ltr'><strong>deserere</strong></span> <span class='ocrx_word' id='word_1_188' title='bbox 1550 3480 1762 3518; x_wconf 78' lang='lat' dir='ltr'><strong>comen-</strong></span> <span class='ocrx_word' id='word_1_189' title='bbox 1843 3486 1897 3517; x_wconf 89' lang='lat' dir='ltr'><strong>re</strong></span> <span class='ocrx_word' id='word_1_190' title='bbox 1922 3479 2072 3517; x_wconf 85' lang='lat' dir='ltr'><strong>notat</strong></span> <span class='ocrx_word' id='word_1_191' title='bbox 2098 3466 2374 3536; x_wconf 75' lang='lat' dir='ltr'><strong>indignum</strong></span> <span class='ocrx_word' id='word_1_192' title='bbox 2394 3465 2526 3518; x_wconf 88' lang='lat' dir='ltr'><strong>illud</strong></span> <span class='ocrx_word' id='word_1_193' title='bbox 2549 3478 2744 3536; x_wconf 69' lang='lat' dir='ltr'><strong>arguta.»</strong></span> <span class='ocrx_word' id='word_1_194' title='bbox 2763 3464 2854 3516; x_wconf 84' lang='lat' dir='ltr'><strong>de·</strong></span> 
     </span>
     <span class='ocr_line' id='line_1_27' title="bbox 749 3543 2851 3617; baseline 0.001 -23"><span class='ocrx_word' id='word_1_195' title='bbox 749 3543 941 3595; x_wconf 81' lang='lat' dir='ltr'><strong>dimus.</strong></span> <span class='ocrx_word' id='word_1_196' title='bbox 968 3545 1211 3597; x_wconf 73' lang='lat' dir='ltr'><strong>Declarat</strong></span> <span class='ocrx_word' id='word_1_197' title='bbox 1246 3560 1396 3617; x_wconf 80' lang='lat' dir='ltr'><strong>patei·</strong></span> <span class='ocrx_word' id='word_1_198' title='bbox 1427 3567 1534 3596; x_wconf 86' lang='lat' dir='ltr'><strong>non</strong></span> <span class='ocrx_word' id='word_1_199' title='bbox 1568 3569 1597 3599; x_wconf 90' lang='lat' dir='ltr'><strong>a</strong></span> <span class='ocrx_word' id='word_1_200' title='bbox 1629 3548 1760 3599; x_wconf 73' lang='lat' dir='ltr'><strong>loris</strong></span> <span class='ocrx_word' id='word_1_201' title='bbox 1843 3547 2093 3597; x_wconf 85' lang='lat' dir='ltr'><strong>fensionis</strong></span> <span class='ocrx_word' id='word_1_202' title='bbox 2114 3544 2524 3617; x_wconf 78' lang='lat' dir='ltr'><strong>acumen,quod</strong></span> <span class='ocrx_word' id='word_1_203' title='bbox 2540 3545 2701 3596; x_wconf 88' lang='lat' dir='ltr'><strong>modo</strong></span> <span class='ocrx_word' id='word_1_204' title='bbox 2719 3559 2851 3597; x_wconf 83' lang='lat' dir='ltr'><strong>attu-</strong></span> 
     </span>
     <span class='ocr_line' id='line_1_28' title="bbox 751 3623 2852 3696; baseline 0 -22"><span class='ocrx_word' id='word_1_205' title='bbox 751 3623 1120 3674; x_wconf 79' lang='lat' dir='ltr'><strong>communibus</strong></span> <span class='ocrx_word' id='word_1_206' title='bbox 1136 3624 1235 3673; x_wconf 81' lang='lat' dir='ltr'><strong>sibi</strong></span> <span class='ocrx_word' id='word_1_207' title='bbox 1253 3625 1501 3677; x_wconf 79' lang='lat' dir='ltr'><strong>tuendam</strong></span> <span class='ocrx_word' id='word_1_208' title='bbox 1520 3646 1633 3676; x_wconf 63' lang='lat' dir='ltr'><strong>esse</strong></span> <span class='ocrx_word' id='word_1_209' title='bbox 1653 3641 1756 3678; x_wconf 83' lang='lat' dir='ltr'><strong>tam</strong></span> <span class='ocrx_word' id='word_1_210' title='bbox 1841 3624 1932 3688; x_wconf 81' lang='lat' dir='ltr'><strong>lit,</strong></span> <span class='ocrx_word' id='word_1_211' title='bbox 1972 3639 2023 3675; x_wconf 86' lang='lat' dir='ltr'><strong>ct</strong></span> <span class='ocrx_word' id='word_1_212' title='bbox 2056 3624 2276 3696; x_wconf 80' lang='lat' dir='ltr'><strong>pulchre</strong></span> <span class='ocrx_word' id='word_1_213' title='bbox 2316 3625 2384 3675; x_wconf 88' lang='lat' dir='ltr'><strong>ad</strong></span> <span class='ocrx_word' id='word_1_214' title='bbox 2418 3627 2492 3676; x_wconf 88' lang='lat' dir='ltr'><strong>rei</strong></span> <span class='ocrx_word' id='word_1_215' title='bbox 2523 3625 2852 3677; x_wconf 83' lang='lat' dir='ltr'><strong>voluntatem</strong></span> 
     </span>
     <span class='ocr_line' id='line_1_29' title="bbox 750 3703 2850 3775; baseline 0.001 -24"><span class='ocrx_word' id='word_1_216' title='bbox 750 3703 827 3771; x_wconf 86' lang='lat' dir='ltr'><strong>pii</strong></span> <span class='ocrx_word' id='word_1_217' title='bbox 852 3705 1060 3771; x_wconf 82' lang='lat' dir='ltr'><strong>juvenis</strong></span> <span class='ocrx_word' id='word_1_218' title='bbox 1091 3721 1303 3754; x_wconf 83' lang='lat' dir='ltr'><strong>causam</strong></span> <span class='ocrx_word' id='word_1_219' title='bbox 1323 3741 1338 3766; x_wconf 85' lang='lat'>‚</span> <span class='ocrx_word' id='word_1_220' title='bbox 1373 3717 1424 3754; x_wconf 90' lang='lat' dir='ltr'><strong>at</strong></span> <span class='ocrx_word' id='word_1_221' title='bbox 1455 3724 1563 3756; x_wconf 85' lang='lat' dir='ltr'><strong>uon</strong></span> <span class='ocrx_word' id='word_1_222' title='bbox 1594 3705 1756 3756; x_wconf 85' lang='lat' dir='ltr'><strong>modo</strong></span> <span class='ocrx_word' id='word_1_223' title='bbox 1840 3706 2079 3756; x_wconf 80' lang='lat' dir='ltr'><strong>refertur.</strong></span> <span class='ocrx_word' id='word_1_224' title='bbox 2096 3705 2489 3775; x_wconf 80' lang='lat' dir='ltr'><strong>Similiprorsus</strong></span> <span class='ocrx_word' id='word_1_225' title='bbox 2507 3723 2666 3756; x_wconf 84' lang='lat' dir='ltr'><strong>sensu</strong></span> <span class='ocrx_word' id='word_1_226' title='bbox 2683 3705 2850 3756; x_wconf 84' lang='lat' dir='ltr'><strong>Cicer.</strong></span> 
     </span>
     <span class='ocr_line' id='line_1_30' title="bbox 751 3781 2848 3852; baseline 0.002 -21"><span class='ocrx_word' id='word_1_227' title='bbox 751 3781 1175 3846; x_wconf 79' lang='lat' dir='ltr'><strong>absolutionem,</strong></span> <span class='ocrx_word' id='word_1_228' title='bbox 1202 3782 1292 3833; x_wconf 87' lang='lat' dir='ltr'><strong>sed</strong></span> <span class='ocrx_word' id='word_1_229' title='bbox 1326 3799 1377 3834; x_wconf 86' lang='lat' dir='ltr'><strong>et</strong></span> <span class='ocrx_word' id='word_1_230' title='bbox 1402 3784 1757 3837; x_wconf 85' lang='lat' dir='ltr'><strong>laudationem</strong></span> <span class='ocrx_word' id='word_1_231' title='bbox 1838 3783 1904 3834; x_wconf 91' lang='lat' dir='ltr'><strong>de</strong></span> <span class='ocrx_word' id='word_1_232' title='bbox 1939 3783 2107 3834; x_wconf 86' lang='lat' dir='ltr'><strong>Clarr.</strong></span> <span class='ocrx_word' id='word_1_233' title='bbox 2143 3785 2292 3836; x_wconf 83' lang='lat' dir='ltr'><strong>Orat.</strong></span> <span class='ocrx_word' id='word_1_234' title='bbox 2330 3807 2351 3829; x_wconf 81' lang='grc' dir='ltr'><strong>ιι</strong></span> <span class='ocrx_word' id='word_1_235' title='bbox 2373 3786 2587 3852; x_wconf 83' lang='lat' dir='ltr'><strong>Quanta</strong></span> <span class='ocrx_word' id='word_1_236' title='bbox 2623 3795 2762 3835; x_wconf 82' lang='lat' dir='ltr'><strong>esset</strong></span> <span class='ocrx_word' id='word_1_237' title='bbox 2796 3785 2848 3835; x_wconf 84' lang='lat' dir='ltr'><strong>in</strong></span> 
     </span>
     <span class='ocr_line' id='line_1_31' title="bbox 749 3859 2851 3935; baseline 0.002 -26"><span class='ocrx_word' id='word_1_238' title='bbox 749 3861 850 3928; x_wconf 82' lang='lat' dir='ltr'><strong>ipsi</strong></span> <span class='ocrx_word' id='word_1_239' title='bbox 868 3859 1067 3911; x_wconf 81' lang='lat' dir='ltr'><strong>deberi.</strong></span> <span class='ocrx_word' id='word_1_240' title='bbox 1086 3863 1278 3912; x_wconf 82' lang='lat' dir='ltr'><strong>Verum</strong></span> <span class='ocrx_word' id='word_1_241' title='bbox 1302 3862 1397 3913; x_wconf 81' lang='lat' dir='ltr'><strong>hoc</strong></span> <span class='ocrx_word' id='word_1_242' title='bbox 1417 3882 1515 3914; x_wconf 75' lang='lat' dir='ltr'><strong>esse</strong></span> <span class='ocrx_word' id='word_1_243' title='bbox 1534 3866 1757 3916; x_wconf 74' lang='lat' dir='ltr'><strong>deserere</strong></span> <span class='ocrx_word' id='word_1_244' title='bbox 1845 3885 1865 3907; x_wconf 76' lang='grc' dir='ltr'><strong>ιι</strong></span> <span class='ocrx_word' id='word_1_245' title='bbox 1887 3862 2058 3914; x_wconf 84' lang='lat' dir='ltr'><strong>verbis</strong></span> <span class='ocrx_word' id='word_1_246' title='bbox 2103 3866 2280 3933; x_wconf 83' lang='lat' dir='ltr'><strong>captio</strong></span> <span class='ocrx_word' id='word_1_247' title='bbox 2300 3902 2315 3928; x_wconf 83' lang='lat'>,</span> <span class='ocrx_word' id='word_1_248' title='bbox 2365 3865 2407 3914; x_wconf 77' lang='lat' dir='ltr'><strong>si</strong></span> <span class='ocrx_word' id='word_1_249' title='bbox 2457 3861 2851 3935; x_wconf 76' lang='lat' dir='ltr'><strong>negligerentur</strong></span> 
     </span>
     <span class='ocr_line' id='line_1_32' title="bbox 749 3936 2392 4007; baseline 0.001 -19"><span class='ocrx_word' id='word_1_250' title='bbox 749 3936 979 4007; x_wconf 76' lang='lat' dir='ltr'><strong>elliptice</strong></span> <span class='ocrx_word' id='word_1_251' title='bbox 1013 3936 1245 4005; x_wconf 72' lang='lat' dir='ltr'><strong>dictum,</strong></span> <span class='ocrx_word' id='word_1_252' title='bbox 1272 3953 1331 3990; x_wconf 89' lang='lat' dir='ltr'><strong>ut</strong></span> <span class='ocrx_word' id='word_1_253' title='bbox 1362 3942 1608 3994; x_wconf 80' lang='lat' dir='ltr'><strong>subintel.</strong></span> <span class='ocrx_word' id='word_1_254' title='bbox 1646 3963 1759 3994; x_wconf 84' lang='lat' dir='ltr'><strong>rna-</strong></span> <span class='ocrx_word' id='word_1_255' title='bbox 1845 3966 1867 3987; x_wconf 69' lang='lat' dir='ltr'><strong>a</strong></span> <span class='ocrx_word' id='word_1_256' title='bbox 1889 3943 2188 3994; x_wconf 81' lang='lat' dir='ltr'><strong>voluntates</strong></span> <span class='ocrx_word' id='word_1_257' title='bbox 2209 3945 2232 3990; x_wconf 65' lang='grc' dir='ltr'><strong>ἶ)</strong></span> <span class='ocrx_word' id='word_1_258' title='bbox 2251 3966 2273 3988; x_wconf 74' lang='lat' dir='ltr'><em>n</em></span> <span class='ocrx_word' id='word_1_259' title='bbox 2303 3945 2392 3992; x_wconf 76' lang='lat' dir='ltr'><strong>En.</strong></span> 
     </span>
     <span class='ocr_line' id='line_1_33' title="bbox 748 4020 2849 4094; baseline 0.001 -25"><span class='ocrx_word' id='word_1_260' title='bbox 748 4031 912 4081; x_wconf 83' lang='lat' dir='ltr'><strong>trem;</strong></span> <span class='ocrx_word' id='word_1_261' title='bbox 952 4020 1063 4072; x_wconf 88' lang='lat' dir='ltr'><strong>scil.</strong></span> <span class='ocrx_word' id='word_1_262' title='bbox 1106 4022 1324 4072; x_wconf 83' lang='lat' dir='ltr'><strong>vicarius</strong></span> <span class='ocrx_word' id='word_1_263' title='bbox 1361 4026 1554 4094; x_wconf 78' lang='lat' dir='ltr'><strong>captivi</strong></span> <span class='ocrx_word' id='word_1_264' title='bbox 1591 4027 1753 4094; x_wconf 79' lang='lat' dir='ltr'><strong>patris</strong></span> <span class='ocrx_word' id='word_1_265' title='bbox 1905 4022 1958 4072; x_wconf 87' lang='lat'><strong>3.</strong></span> <span class='ocrx_word' id='word_1_266' title='bbox 2000 4022 2252 4073; x_wconf 78' lang='lat' dir='ltr'><strong>obstricta</strong></span> <span class='ocrx_word' id='word_1_267' title='bbox 2292 4021 2585 4073; x_wconf 77' lang='lat' dir='ltr'><strong>crudelitas.</strong></span> <span class='ocrx_word' id='word_1_268' title='bbox 2624 4023 2849 4074; x_wconf 72' lang='lat' dir='ltr'><strong>Astricta</strong></span> 
     </span>
     <span class='ocr_line' id='line_1_34' title="bbox 748 4097 2845 4175; baseline 0 -24"><span class='ocrx_word' id='word_1_269' title='bbox 748 4118 858 4151; x_wconf 83' lang='lat' dir='ltr'><strong>non</strong></span> <span class='ocrx_word' id='word_1_270' title='bbox 892 4097 1180 4151; x_wconf 87' lang='lat' dir='ltr'><strong>deseruerit</strong></span> <span class='ocrx_word' id='word_1_271' title='bbox 1212 4115 1466 4169; x_wconf 86' lang='lat' dir='ltr'><strong>matrem,</strong></span> <span class='ocrx_word' id='word_1_272' title='bbox 1501 4101 1566 4154; x_wconf 86' lang='lat' dir='ltr'><strong>ad</strong></span> <span class='ocrx_word' id='word_1_273' title='bbox 1594 4122 1751 4175; x_wconf 86' lang='lat' dir='ltr'><strong>quam</strong></span> <span class='ocrx_word' id='word_1_274' title='bbox 1835 4099 1920 4150; x_wconf 78' lang='lat' dir='ltr'><strong>lex</strong></span> <span class='ocrx_word' id='word_1_275' title='bbox 1950 4101 2204 4172; x_wconf 78' lang='lat' dir='ltr'><strong>acciperet</strong></span> <span class='ocrx_word' id='word_1_276' title='bbox 2245 4101 2496 4153; x_wconf 80' lang='lat' dir='ltr'><strong>rationem</strong></span> <span class='ocrx_word' id='word_1_277' title='bbox 2521 4138 2539 4165; x_wconf 88' lang='lat'>,</span> <span class='ocrx_word' id='word_1_278' title='bbox 2580 4100 2727 4153; x_wconf 83' lang='lat' dir='ltr'><strong>Leid.</strong></span> <span class='ocrx_word' id='word_1_279' title='bbox 2765 4119 2845 4172; x_wconf 86' lang='lat' dir='ltr'><strong>pr.</strong></span> 
     </span>
     <span class='ocr_line' id='line_1_35' title="bbox 746 4179 2848 4251; baseline 0.002 -23"><span class='ocrx_word' id='word_1_280' title='bbox 746 4179 991 4230; x_wconf 81' lang='lat' dir='ltr'><strong>maritum</strong></span> <span class='ocrx_word' id='word_1_281' title='bbox 1016 4180 1288 4232; x_wconf 70' lang='lat' dir='ltr'><strong>remiserit.</strong></span> <span class='ocrx_word' id='word_1_282' title='bbox 1317 4183 1408 4232; x_wconf 82' lang='lat' dir='ltr'><strong>En.</strong></span> <span class='ocrx_word' id='word_1_283' title='bbox 1833 4181 2090 4251; x_wconf 78' lang='lat' dir='ltr'><strong>Ascripta,</strong></span> <span class='ocrx_word' id='word_1_284' title='bbox 2106 4180 2388 4232; x_wconf 73' lang='lat' dir='ltr'><strong>Luco3.Cl.</strong></span> <span class='ocrx_word' id='word_1_285' title='bbox 2407 4180 2701 4251; x_wconf 76' lang='lat' dir='ltr'><strong>Schulting.</strong></span> <span class='ocrx_word' id='word_1_286' title='bbox 2717 4179 2848 4232; x_wconf 75' lang='lat' dir='ltr'><strong>mal-</strong></span> 
     </span>
    </p>

    <p class='ocr_par' dir='ltr' id='par_1_5' title="bbox 822 4258 2849 4328">
     <span class='ocr_line' id='line_1_36' title="bbox 822 4258 2849 4328; baseline 0.004 -20"><span class='ocrx_word' id='word_1_287' title='bbox 822 4274 869 4308; x_wconf 80' lang='lat'><strong>2.</strong></span> <span class='ocrx_word' id='word_1_288' title='bbox 898 4258 1181 4310; x_wconf 77' lang='lat' dir='ltr'><strong>Verborum</strong></span> <span class='ocrx_word' id='word_1_289' title='bbox 1206 4263 1518 4328; x_wconf 76' lang='lat' dir='ltr'><strong>captionem.</strong></span> <span class='ocrx_word' id='word_1_290' title='bbox 1543 4260 1753 4313; x_wconf 76' lang='lat' dir='ltr'><strong>Praecla-</strong></span> <span class='ocrx_word' id='word_1_291' title='bbox 1834 4260 1905 4313; x_wconf 84' lang='lat' dir='ltr'><strong>let</strong></span> <span class='ocrx_word' id='word_1_292' title='bbox 1927 4263 2198 4327; x_wconf 75' lang='lat' dir='ltr'><strong>adstricta,</strong></span> <span class='ocrx_word' id='word_1_293' title='bbox 2226 4262 2282 4314; x_wconf 87' lang='lat' dir='ltr'><strong>id</strong></span> <span class='ocrx_word' id='word_1_294' title='bbox 2306 4277 2384 4314; x_wconf 75' lang='lat' dir='ltr'><strong>est</strong></span> <span class='ocrx_word' id='word_1_295' title='bbox 2413 4281 2623 4328; x_wconf 80' lang='lat' dir='ltr'><strong>severa,</strong></span> <span class='ocrx_word' id='word_1_296' title='bbox 2644 4264 2731 4316; x_wconf 76' lang='lat' dir='ltr'><strong>vel</strong></span> <span class='ocrx_word' id='word_1_297' title='bbox 2753 4263 2849 4316; x_wconf 72' lang='lat' dir='ltr'><strong>dis-</strong></span> 
     </span>
    </p>
   </div>
  </div>
 </body>
</html>
