3200 5117
687 550 1337 623 DECLAMATIO
1380 555 1520 660 ΙΙΙ.
1570 552 1762 622 PRO
1802 554 2216 622 MILITE.x
2410 556 2491 625 53

389 703 492 755 tes
510 679 678 753 tales
702 679 1079 769 babemus,
1099 678 1277 750 Mari
1296 734 1315 769 ,
1339 676 1657 749 vicimus.
1681 677 1991 751 Verebar
2010 676 2338 779 equidem
2359 735 2379 770 ,
2405 702 2497 754 ne

390 797 682 896 fugandi
720 795 1135 895 corruptoris
1168 821 1374 866 causa
1414 795 1679 866 ferrum
1712 793 2111 885 strinxisset,
2154 814 2255 886 et,
2305 793 2495 892 quod

394 913 703 986 accidere
751 912 1031 985 interim
1077 902 1289 1000 solet,
1345 908 1523 981 dum
1568 909 1744 981 alter
1793 936 2218 983 recessurum
2267 931 2498 1009 putat,

392 1027 562 1099 alter
582 1053 1076 1127 percussurum
1103 1053 1247 1097 non
1274 1046 1505 1123 putat,
1531 1045 1675 1096 tam
1700 1024 2072 1098 honestum
2099 1050 2275 1124 opus
2300 1052 2496 1098 casus
2524 1097 2535 1109 ,

389 1141 676 1215 fecisset.
703 1144 951 1242 Neque
975 1141 1164 1213 enim
1180 1197 1200 1232 ‚
1224 1161 1302 1213 ut
1321 1139 1591 1240 opinor,
1613 1139 1746 1212 hoc
1771 1167 2050 1241 quoque
2075 1140 2496 1240 exigendum

389 1258 558 1350 fuit,
590 1280 666 1331 ut
692 1286 918 1356 quum
943 1284 1159 1330 caecus
1187 1257 1493 1331 amentia
1514 1278 1873 1355 corruptor
1890 1285 2015 1356 per
2039 1255 2325 1330 vulnera
2351 1257 2500 1357 ipsa

390 1393 622 1446 rueret
660 1371 749 1446 ad
785 1370 1228 1472 prendendos
1268 1370 1665 1469 amplexus,
1700 1371 1900 1443 miles
1933 1372 2142 1445 etiarn
2181 1370 2497 1470 gladium

393 1487 770 1559 reduceret.
811 1488 961 1584 Ego
996 1512 1154 1558 vero
1190 1512 1441 1584 parum
1474 1485 1815 1559 viriliter
1797 1507 2008 1559 istum
2050 1486 2494 1586 indignatum

390 1624 605 1702 puto,
649 1602 705 1674 si
757 1602 836 1674 in
879 1622 1074 1674 tanto
1120 1601 1357 1675 dolore
1402 1601 1766 1676 tribunum
1807 1602 2034 1703 potuit
2080 1628 2491 1720 agnoscere:

388 1720 538 1817 ipse
573 1717 757 1790 nihil
791 1738 1088 1790 excusat.
2093 1767 2102 1776 -

498 1833 681 1903 VIII.
717 1832 1031 1904 Percussi
1052 1831 1369 1931 ‚inquit‚
1401 1833 1530 1907 Gai
1574 1833 1796 1921 Mari,
1829 1833 1962 1905 sub
1993 1789 2345 1933 signisque
2377 1860 2500 1906 oc·

392 1946 568 2038 cidi,
602 1947 800 2020 hausi
838 1947 1127 2020 noxium
1158 1947 1399 2021 ultrice
1428 1948 1703 2020 dextera
1732 1949 2187 2047 sanguinem,
2224 1949 2363 2021 sive
2405 1949 2500 2020 li-

393 2062 563 2150 cuit,
583 2062 721 2134 sive
743 2088 887 2135 non
907 2060 1130 2133 licuit:
1156 2082 1363 2161 atque
1380 2061 1655 2133 utinam
1672 2063 1905 2161 plures
1923 2083 2173 2135 mortes
2189 2062 2499 2161 cepisset,

392 2195 473 2248 ut
494 2174 861 2276 impurum
885 2168 1205 2273 spiritum
1229 2200 1593 2247 renascens
1622 2194 2215 2274 poena‘torqueret.
2243 2178 2499 2248 Parum

391 2317 619 2363 severe
680 2288 1057 2362 militarem
1130 2289 1582 2361 redeuntibus
1641 2288 1995 2389 suppliciis
2057 2287 2497 2390 disciplinam

394 2406 873 2495 continemus,
918 2403 974 2477 si
1015 2404 1334 2476 Tribuno
1383 2424 1540 2504 post
1584 2404 1720 2479 hoc
1765 2406 2028 2478 factum
2071 2403 2253 2477 bene
2305 2406 2503 2503 cessit

394 2520 587 2618 quod
618 2519 885 2592 occisus
921 2534 1056 2591 est:
1094 2546 1295 2592 reum
1329 2546 1492 2618 ergo
1525 2519 1729 2591 caedis
1763 2545 1905 2592 non
1935 2520 2363 2594 inficiatione
2395 2521 2504 2594 de·

392 2636 732 2709 §endam-z
765 2635 910 2709 viro
952 2635 1108 2708 forti
1144 2635 1521 2735 praesertim
1558 2656 1627 2708 et
1665 2636 2019 2709 innocenti
2061 2619 2236 2710 nibil
2273 2640 2497 2720 facere

388 2754 737 2845 convenit,
751 2753 940 2853 quod
965 2753 1372 2852 negandum
1388 2751 1496 2826 sit.
1514 2754 1674 2825 Non
1695 2753 1932 2854 abnuo
1953 2755 2253 2848 crimen:
2274 2756 2497 2829 immo

390 2870 448 2944 si
483 2892 913 2948 accusatores
930 2891 1263 2962 tacerent,
1297 2870 1441 2969 ipse
1475 2895 1855 2943 narrassem
1887 2900 1901 2943 ε
1933 2869 2211 2972 objicite
2246 2873 2493 2972 igitur,

393 2986 515 3059 sed
546 3007 623 3058 ut
648 2986 984 3059 delatores
1019 2984 1256 3075 decet,
1292 3005 1554 3058 totum:
1585 2985 2264 3058 verecundissimum
2302 2986 2496 3060 enim

391 3099 691 3177 militem
713 3101 904 3199 apud
934 3099 1395 3173 sanctissimas
1411 3099 1846 3198 imperatoris
1879 3126 2080 3171 aures
2111 3100 2349 3172 minus
2371 3128 2498 3200 pu·

392 3215 511 3288 det
537 3215 848 3288 confiteri
866 3271 885 3304 ‚
906 3242 1121 3316 quam
1143 3214 1366 3316 queri.
1387 3217 1740 3287 Parumne
1757 3213 2116 3288 dedecoris
2134 3214 2455 3289 subimus
2474 3273 2494 3308 ,

392 3332 583 3431 quod
618 3358 761 3404 non
814 3333 899 3404 de
945 3331 1730 3406 honoribus·fortissimi
1777 3331 1907 3404 viri
1940 3332 2296 3432 queritur?
2327 3355 2393 3406 et
2420 3356 2500 3407 ut

384 3445 793 3545 'longissime
837 3469 992 3521 vota
1035 3447 1448 3548 procedant,
1491 3476 1642 3522 rem
1695 3447 2255 3523 honestissimam
2291 3450 2496 3523 militi

367 3560 630 3634 'fecisse
677 3562 974 3662 impune
1030 3562 1201 3635 erit?-
1241 3564 1617 3662 damnetur
1668 3562 1911 3656 etiarn,
1970 3584 2040 3637 et
2080 3563 2493 3663 pudicitiam

390 3676 735 3777 supplicio
764 3678 1046 3778 pendat.
1072 3677 1453 3752 Convenite
1477 3678 1785 3778 legiones
1805 3736 1823 3768 ,
1850 3678 2187 3752 intendite
2209 3677 2495 3754 ¹animos

392 3811 741 3890 contracta
787 3793 1099 3893 undique
1154 3793 1476 3866 auxilia&
1544 3797 1688 3867 Lex
1733 3794 1984 3867 dicitur
2030 3795 2297 3887 castris,
2363 3821 2493 3867 nec

392 3907 599 4008 pauci
627 3929 820 3998 sunt,
856 3909 979 4008 qui
1001 3908 1146 3998 ‚boc
1178 3910 1408 3982 nolint
1439 3909 1682 4000 licere,
1712 3909 1884 3982 illud
1913 3894 2147 3983 relint.

414 4083 421 4092 .
490 4025 610 4096 IX.
646 4026 806 4097 Non
847 4031 963 4096 me
1007 4024 1287 4098 hercule
1327 4051 1613 4126 possum
1657 4046 1926 4116 tenere,
1960 4053 2101 4125 quo
2139 4026 2376 4099 minus
2415 4025 2490 4099 in

389 4162 864 4215 accusatorem
920 4141 1116 4214 dolor
1174 4169 1371 4216 meus
1418 4164 1763 4243 erumpat.
1814 4143 2012 4234 Quid
2061 4141 2273 4215 dicis?
2314 4163 2390 4214 tu
2437 4142 2492 4217 si

468 4298 517 4334 ι.
538 4281 773 4337 Auxilia.
796 4285 1001 4359 Nempe
1020 4284 1299 4339 auxiliares
1319 4286 1586 4339 sociorum
1608 4284 1792 4357 copiae.
