3200 5117
736 523 862 607 2⁰3
1240 516 1329 578 M.
1381 515 1624 578 FABll
1674 513 2308 595 QUINTILIANI

734 647 945 718 dante
970 671 1105 731 me,
1133 641 1435 741 primam
1455 666 1697 710 vocem
1720 660 1786 709 et
1810 637 1928 709 diu
1950 638 2170 709 solam
2193 638 2430 727 edidit,
2456 639 2629 710 Satis
2647 641 2815 713 vixi:

736 783 812 832 ut
846 788 1004 830 vero
1049 784 1281 827 causas
1329 753 1589 825 itineris
1633 752 1959 841 reddidit,
2008 774 2078 822 et
2109 752 2369 824 venisse
2402 780 2473 826 se
2507 753 2595 824 ad
2633 756 2820 827 redi·-

735 875 1079 946 mendum
1125 869 1497 955 indicavit;
1544 887 1613 939 et
1649 866 1836 936 unde
1864 922 1882 953 ‚
1931 866 2256 964 inquam,
2302 868 2425 939 tibi
2465 869 2820 966 pecunia?

736 989 870 1060 nisi
901 986 1167 1058 redistis
1197 985 1271 1055 in
1303 982 1602 1081 gratiam
1623 1039 1642 1071 ,
1679 1002 1746 1052 et
1773 1001 1840 1052 te
1870 1001 2063 1079 pater
2092 1007 2290 1052 meus
2324 981 2549 1053 misit?

833 1105 1020 1173 Vln.
1054 1100 1312 1172 Audite
1338 1118 1611 1196 gentes,
1645 1095 1882 1168 audite
1911 1095 2189 1196 populi,
2234 1122 2376 1179 non
2408 1098 2610 1168 solita
2627 1096 2818 1198 judi-

732 1220 923 1290 cium
951 1236 1263 1288 nostrum
1290 1239 1543 1284 corona
1562 1211 1996 1282 circumstet:
2030 1211 2183 1300 sed,
2213 1211 2268 1282 si
2294 1210 2555 1309 patitur
2575 1232 2820 1286 natura
2851 1257 2860 1267 ·

736 1360 965 1405 rerum
980 1390 997 1419 ,
1018 1352 1202 1403 totus
1215 1329 1303 1400 ad
1320 1328 1465 1425 cogi
1478 1327 1816 1399 tationem
1833 1325 1985 1397 talis
2005 1328 2300 1424 exempli
2318 1328 2504 1399 orbis
2521 1328 2820 1400 circum-

736 1449 928 1520 fluat.
952 1449 1199 1518 Tacete
1222 1445 1448 1543 priora
1466 1442 1728 1531 secula,
1755 1441 1826 1511 in
1850 1441 2104 1540 quibus
2120 1463 2352 1514 tamen
2376 1471 2415 1513 a
2434 1443 2817 1540 primordio

733 1562 999 1662 generis
1031 1558 1327 1631 humani
1363 1557 1780 1657 paucissima
1821 1557 2142 1628 amicitiae
2191 1558 2388 1656 paria
2429 1559 2817 1631 admirabi-

730 1678 902 1749 liora
930 1678 1180 1748 fecerat
1209 1674 1420 1772 longa
1448 1673 1879 1771 temporibus
1909 1674 2159 1745 nostris
2191 1675 2359 1746 fides
2395 1676 2772 1773 intercepta
2799 1703 2814 1745 τ
2893 1756 2904 1765 ,

731 1791 1078 1890 quidquid
1108 1788 1404 1861 historiae
1439 1787 1904 1876 tradiderunt,
1944 1789 2254 1860 carmina
2289 1791 2666 1880 finxerunt,
2701 1793 2815 1862 fa-

728 1906 910 1980 bulae
954 1906 1385 2011 adjecerunt,
1421 1905 1551 1976 sub
1587 1903 1717 1975 hac
1756 1904 2271 2002 comparatione
2303 1927 2591 1977 taceant.
2631 1907 2815 1996 Quis

729 2021 1060 2107 crederet,
1091 2018 1147 2089 si
1176 2016 1474 2088 dubitari
1499 2037 1760 2115 posset,
1792 2016 1966 2086 inter
1995 2015 2167 2088 duos
2193 2018 2485 2103 amicos,
2511 2045 2809 2114 quorum

730 2138 1027 2209 alterum
1054 2136 1453 2206 immunem
1486 2133 1835 2204 malorum
1867 2132 2193 2205 omnium
2220 2135 2501 2205 fortuna
2522 2135 2812 2223 fecerat,

731 2252 1026 2322 alterum
1063 2248 1299 2347 piratis
1335 2276 1413 2320 ac
1447 2248 1705 2318 lanistae
1740 2242 2148 2337 tradiderat,
2181 2247 2542 2320 meliorem
2577 2249 2818 2321 condi-

733 2366 993 2437 tionem
1023 2365 1232 2435 fuisse
1259 2363 1553 2461 captivi?
1576 2363 1632 2432 si
1659 2363 1843 2435 dives
1868 2390 2089 2434 essem
2108 2422 2125 2453 ,
2155 2363 2412 2461 inquit,
2441 2365 2813 2463 pecuniam

732 2512 854 2584 pro
888 2503 952 2554 te
987 2482 1409 2553 attulissem:
1447 2482 1637 2580 quod
1684 2508 1908 2551 unum
1954 2483 2377 2579 pauperibus
2418 2483 2812 2582 praesidium

730 2620 860 2687 est,
887 2625 1142 2700 maonus
1166 2599 1420 2686 habeo;
1447 2597 1570 2669 has
1601 2598 1840 2696 piratis
1870 2597 2157 2670 daturus
2183 2600 2318 2687 fui,
2350 2600 2472 2671 has
2502 2627 2625 2699 pro
2648 2620 2713 2671 te
2740 2599 2815 2670 in

732 2743 1044 2816 pugnam
1071 2715 1359 2786 vicarias
1394 2714 1596 2785 dabo,
1633 2718 1914 2813 Ignosce
1947 2736 2169 2813 pater,
2198 2717 2388 2812 quod
2409 2717 2630 2788 nimia
2655 2743 2818 2788 con-

732 2833 1040 2904 tentione
1075 2832 1395 2918 affectuS,
1433 2858 1627 2929 paene
1664 2831 1787 2901 tibi
1824 2831 2133 2904 orbitatis
2164 2833 2421 2905 vulnus
2457 2834 2817 2932 impresse-

732 2948 906 3019 rim:
944 2968 1147 3019 testor
1180 2946 1341 3017 deos
1365 3003 1382 3033 ,
1422 2973 1563 3017 non
1598 2974 1720 3043 per
1762 2973 1875 3017 me
1912 2947 2200 3037 stetisse,
2236 2947 2425 3044 quod
2469 2946 2652 3017 vivo:
2691 2973 2816 3017 ne-

732 3090 867 3160 que
884 3063 1075 3135 enim
1100 3062 1191 3132 ita
1211 3089 1322 3132 me
1340 3064 1661 3132 efferarat
1676 3061 1907 3151 ludus,
1930 3084 2055 3133 aut
2079 3062 2148 3132 in
2168 3075 2434 3134 tantum
2456 3060 2814 3133 duraverat

731 3179 1055 3251 animum
1078 3178 1279 3249 caedis
1301 3177 1514 3275 longa'
1530 3177 1888 3248 meditatio
1904 3234 1923 3266 ,
1949 3198 2026 3249 ut
2043 3205 2206 3248 eum
2235 3178 2538 3248 amicum'
2558 3175 2811 3248 vellem

732 3296 992 3384 occidi,
1021 3294 1139 3391 qui
1166 3321 1288 3391 pro
1313 3321 1425 3364 me
1448 3293 1626 3364 mori
1654 3313 1939 3391 poterat.
1968 3294 2444 3365 Vindicabam
2468 3294 2647 3364 mihi
2668 3294 2813 3364 for-

731 3432 979 3482 tunam
1022 3436 1253 3480 meam
1280 3424 1334 3498 ¹3
1372 3430 1441 3481 et
1483 3410 1710 3481 adhuc
1754 3411 2165 3482 necessitatis
2209 3410 2544 3507 gladiator
2588 3410 2813 3509 depu-

733 3552 944 3623 gnare
997 3526 1205 3596 etiam
1255 3524 1605 3614 volebam3
1659 3553 1886 3625 neque
1941 3527 2093 3598 ullis
2140 3526 2457 3624 precibus
2505 3546 2814 3623 poteram

732 3766 896 3818 terat,
923 3751 1321 3821 obstupescenti
1342 3768 1393 3805 et
1414 3768 1588 3806 mente
1610 3774 1733 3826 cap·
1814 3757 2167 3818 necessitatis,
2188 3753 2241 3805 id
2267 3767 2344 3805 est
2370 3765 2587 3805 coactus
2608 3754 2662 3803 in
2685 3751 2813 3804 ludo

733 3847 805 3884 to.
834 3833 1001 3883 Bctm.
1815 3847 1976 3884 artem
2002 3833 2233 3898 discere,
2253 3834 2361 3901 jam
2391 3831 2550 3881 etiam
2573 3830 2814 3883 volebam

810 3930 827 3962 ι
842 3952 852 3961 .
900 3912 951 3963 V
950 3909 1236 3960 indicabam
1282 3911 1414 3961 mihi
1450 3910 1730 3981 fortunam
1815 3925 2003 3982 sponte
2019 3913 2073 3964 in
2095 3928 2251 3964 arena
2269 3909 2817 3981 depugnare.Gladia·

732 4008 919 4041 meam.
946 3986 1293 4039 Vindicabam
1316 3989 1440 4040 mihi
1462 3990 1731 4041 calamita·
1813 4006 1973 4045 torem
1989 3991 2376 4045 necessitatis-CL
2394 3989 2594 4043 Schult.
2612 3989 2812 4042 dictum

732 4088 839 4122 iem
867 4085 1035 4118 meam
1055 4087 1069 4128 ἱ
1093 4084 1267 4137 neque
1287 4086 1401 4119 enm
1427 4070 1482 4119 3¹1
1506 4070 1730 4119 amicum
1811 4088 1964 4145 putat
1980 4115 1996 4141 ,
2020 4089 2079 4127 ut
2097 4075 2242 4128 Dect.
2271 4076 2320 4137 1,
2347 4074 2529 4124 Pectus
2557 4072 2808 4124 odiorum.

732 4147 1033 4202 redundare
1050 4145 1291 4199 volebam
1312 4185 1327 4213 ,
1351 4161 1403 4198 et
1424 4148 1517 4217 qui
1537 4146 1729 4209 adhuc,
1813 4154 1979 4207 Bnm.
1998 4153 2170 4206 Facile
2187 4166 2362 4203 autem
2381 4150 2684 4221 intelligitur
2697 4147 2809 4199 haec

730 4232 787 4285 id
811 4244 906 4297 est,
929 4229 1227 4301 bucusque,
1247 4230 1451 4282 fueram
1472 4228 1733 4300 gladiator
1812 4232 2172 4304 metaphorice
2197 4231 2353 4283 dicta.
2382 4234 2470 4284 Eu.
