<?xml version="1.0" encoding="UTF-8"?>
<!DOCTYPE html PUBLIC "-//W3C//DTD XHTML 1.0 Transitional//EN"
    "http://www.w3.org/TR/xhtml1/DTD/xhtml1-transitional.dtd">
<html xmlns="http://www.w3.org/1999/xhtml" xml:lang="en" lang="en">
 <head>
  <title>
</title>
<meta http-equiv="Content-Type" content="text/html;charset=utf-8" />
  <meta name='ocr-system' content='tesseract 3.04.00' />
  <meta name='ocr-capabilities' content='ocr_page ocr_carea ocr_par ocr_line ocrx_word'/>
</head>
<body>
  <div class='ocr_page' id='page_1' title='image "./deinstitutioneo01flacgoog_0065.png"; bbox 0 0 3200 5117; ppageno 0'>
   <div class='ocr_carea' id='block_1_1' title="bbox 706 561 2394 671">
    <p class='ocr_par' dir='ltr' id='par_1_1' title="bbox 706 561 2394 671">
     <span class='ocr_line' id='line_1_1' title="bbox 706 561 2394 671; baseline -0.003 -1"><span class='ocrx_word' id='word_1_1' title='bbox 706 600 1673 671; x_wconf 80' lang='lat' dir='ltr'><strong>DECLAMAT101.PRO</strong></span> <span class='ocrx_word' id='word_1_2' title='bbox 1717 602 2006 668; x_wconf 75' lang='lat' dir='ltr'><strong>CAEco.</strong></span> <span class='ocrx_word' id='word_1_3' title='bbox 2181 561 2186 575; x_wconf 77' lang='grc'>’</span> <span class='ocrx_word' id='word_1_4' title='bbox 2322 624 2394 666; x_wconf 82' lang='lat'><strong>21</strong></span> 
     </span>
    </p>
   </div>
   <div class='ocr_carea' id='block_1_2' title="bbox 242 705 2461 3582">
    <p class='ocr_par' dir='ltr' id='par_1_2' title="bbox 242 705 2461 3582">
     <span class='ocr_line' id='line_1_2' title="bbox 412 705 2410 829; baseline -0.002 -29"><span class='ocrx_word' id='word_1_5' title='bbox 412 721 607 800; x_wconf 78' lang='lat' dir='ltr'><strong>XVI.</strong></span> <span class='ocrx_word' id='word_1_6' title='bbox 628 728 891 829; x_wconf 83' lang='lat' dir='ltr'>Aliquis</span> <span class='ocrx_word' id='word_1_7' title='bbox 909 729 1051 802; x_wconf 89' lang='lat' dir='ltr'><strong>odit</strong></span> <span class='ocrx_word' id='word_1_8' title='bbox 1072 728 1295 801; x_wconf 88' lang='lat' dir='ltr'><strong>filium</strong></span> <span class='ocrx_word' id='word_1_9' title='bbox 1316 754 1606 814; x_wconf 80' lang='lat' dir='ltr'><strong>caecum,</strong></span> <span class='ocrx_word' id='word_1_10' title='bbox 1626 749 1692 799; x_wconf 89' lang='lat' dir='ltr'><strong>et</strong></span> <span class='ocrx_word' id='word_1_11' title='bbox 1708 726 1834 800; x_wconf 85' lang='lat' dir='ltr'><strong>hac</strong></span> <span class='ocrx_word' id='word_1_12' title='bbox 1853 748 2119 798; x_wconf 90' lang='lat' dir='ltr'><strong>tanturn</strong></span> <span class='ocrx_word' id='word_1_13' title='bbox 2144 705 2410 800; x_wconf 72' lang='lat' dir='ltr'><strong>ultione</strong></span> 
     </span>
     <span class='ocr_line' id='line_1_3' title="bbox 322 841 2406 943; baseline -0.002 -28"><span class='ocrx_word' id='word_1_14' title='bbox 322 864 686 932; x_wconf 82' lang='lat' dir='ltr'><strong>contentus</strong></span> <span class='ocrx_word' id='word_1_15' title='bbox 720 865 847 933; x_wconf 89' lang='lat' dir='ltr'><strong>est,</strong></span> <span class='ocrx_word' id='word_1_16' title='bbox 878 865 955 938; x_wconf 91' lang='lat' dir='ltr'><strong>ut</strong></span> <span class='ocrx_word' id='word_1_17' title='bbox 986 844 1082 915; x_wconf 92' lang='lat' dir='ltr'><strong>illi</strong></span> <span class='ocrx_word' id='word_1_18' title='bbox 1117 844 1410 943; x_wconf 77' lang='lat' dir='ltr'><strong>assignet</strong></span> <span class='ocrx_word' id='word_1_19' title='bbox 1441 842 1780 941; x_wconf 81' lang='lat' dir='ltr'>quietam,</span> <span class='ocrx_word' id='word_1_20' title='bbox 1819 863 1884 914; x_wconf 92' lang='lat' dir='ltr'><strong>et</strong></span> <span class='ocrx_word' id='word_1_21' title='bbox 1911 841 2406 941; x_wconf 52' lang='lat' dir='ltr'><strong>sepositam‚,‚et</strong></span> 
     </span>
     <span class='ocr_line' id='line_1_4' title="bbox 319 949 2401 1064; baseline -0.003 -32"><span class='ocrx_word' id='word_1_22' title='bbox 319 960 691 1038; x_wconf 68' lang='lat' dir='ltr'><strong>meliorem,</strong></span> <span class='ocrx_word' id='word_1_23' title='bbox 711 962 960 1034; x_wconf 90' lang='lat' dir='ltr'><strong>domus</strong></span> <span class='ocrx_word' id='word_1_24' title='bbox 994 959 1296 1059; x_wconf 84' lang='lat' dir='ltr'><strong>partem?</strong></span> <span class='ocrx_word' id='word_1_25' title='bbox 1324 963 1422 1032; x_wconf 89' lang='lat' dir='ltr'><strong>Ita</strong></span> <span class='ocrx_word' id='word_1_26' title='bbox 1453 959 1582 1047; x_wconf 87' lang='lat' dir='ltr'><strong>ais,</strong></span> <span class='ocrx_word' id='word_1_27' title='bbox 1617 986 1744 1057; x_wconf 78' lang='lat' dir='ltr'><strong>ego</strong></span> <span class='ocrx_word' id='word_1_28' title='bbox 1777 958 1869 1031; x_wconf 89' lang='lat' dir='ltr'><strong>sic</strong></span> <span class='ocrx_word' id='word_1_29' title='bbox 1903 949 2401 1064; x_wconf 72' lang='lat' dir='ltr'><strong>intelligebam,</strong></span> 
     </span>
     <span class='ocr_line' id='line_1_5' title="bbox 322 1075 2404 1176; baseline -0.002 -28"><span class='ocrx_word' id='word_1_30' title='bbox 322 1077 515 1175; x_wconf 84' lang='lat' dir='ltr'>quasi</span> <span class='ocrx_word' id='word_1_31' title='bbox 535 1078 900 1170; x_wconf 83' lang='lat' dir='ltr'><strong>abdicaret,</strong></span> <span class='ocrx_word' id='word_1_32' title='bbox 921 1078 1114 1176; x_wconf 83' lang='lat' dir='ltr'><strong>quasi</strong></span> <span class='ocrx_word' id='word_1_33' title='bbox 1135 1077 1516 1176; x_wconf 82' lang='lat' dir='ltr'><strong>expelleret.</strong></span> <span class='ocrx_word' id='word_1_34' title='bbox 1544 1078 1761 1150; x_wconf 87' lang='lat' dir='ltr'><strong>Iratus</strong></span> <span class='ocrx_word' id='word_1_35' title='bbox 1779 1075 1985 1175; x_wconf 78' lang='lat' dir='ltr'><strong>igitur</strong></span> <span class='ocrx_word' id='word_1_36' title='bbox 1997 1102 2200 1148; x_wconf 81' lang='lat' dir='ltr'><strong>senex</strong></span> <span class='ocrx_word' id='word_1_37' title='bbox 2220 1094 2404 1144; x_wconf 90' lang='lat' dir='ltr'><strong>tenet</strong></span> 
     </span>
     <span class='ocr_line' id='line_1_6' title="bbox 310 1191 2404 1293; baseline -0.002 -29"><span class='ocrx_word' id='word_1_38' title='bbox 310 1192 647 1293; x_wconf 86' lang='lat' dir='ltr'><strong>juvenem</strong></span> <span class='ocrx_word' id='word_1_39' title='bbox 689 1222 899 1268; x_wconf 89' lang='lat' dir='ltr'><strong>suum</strong></span> <span class='ocrx_word' id='word_1_40' title='bbox 940 1194 1126 1267; x_wconf 82' lang='lat' dir='ltr'><strong>velut</strong></span> <span class='ocrx_word' id='word_1_41' title='bbox 1169 1195 1486 1267; x_wconf 89' lang='lat' dir='ltr'><strong>interiore</strong></span> <span class='ocrx_word' id='word_1_42' title='bbox 1529 1194 1923 1293; x_wconf 85' lang='lat' dir='ltr'><strong>complexu,</strong></span> <span class='ocrx_word' id='word_1_43' title='bbox 1974 1215 2040 1266; x_wconf 90' lang='lat' dir='ltr'><strong>et</strong></span> <span class='ocrx_word' id='word_1_44' title='bbox 2082 1220 2122 1263; x_wconf 92' lang='lat' dir='ltr'><strong>a</strong></span> <span class='ocrx_word' id='word_1_45' title='bbox 2162 1191 2404 1290; x_wconf 81' lang='lat' dir='ltr'><strong>limine</strong></span> 
     </span>
     <span class='ocr_line' id='line_1_7' title="bbox 321 1306 2405 1408; baseline 0 -29"><span class='ocrx_word' id='word_1_46' title='bbox 321 1308 578 1390; x_wconf 81' lang='lat' dir='ltr'><strong>obstat?</strong></span> <span class='ocrx_word' id='word_1_47' title='bbox 617 1313 845 1408; x_wconf 78' lang='lat' dir='ltr'><strong>Rogo,</strong></span> <span class='ocrx_word' id='word_1_48' title='bbox 880 1310 1067 1407; x_wconf 90' lang='lat' dir='ltr'><strong>quod</strong></span> <span class='ocrx_word' id='word_1_49' title='bbox 1103 1309 1275 1381; x_wconf 89' lang='lat' dir='ltr'><strong>duos</strong></span> <span class='ocrx_word' id='word_1_50' title='bbox 1315 1331 1577 1408; x_wconf 88' lang='lat' dir='ltr'><strong>separat</strong></span> <span class='ocrx_word' id='word_1_51' title='bbox 1616 1308 1845 1382; x_wconf 89' lang='lat' dir='ltr'><strong>media</strong></span> <span class='ocrx_word' id='word_1_52' title='bbox 1884 1309 2091 1380; x_wconf 88' lang='lat' dir='ltr'><strong>domo</strong></span> <span class='ocrx_word' id='word_1_53' title='bbox 2125 1330 2188 1379; x_wconf 91' lang='lat' dir='ltr'><strong>te</strong></span> <span class='ocrx_word' id='word_1_54' title='bbox 2223 1306 2405 1379; x_wconf 90' lang='lat' dir='ltr'><strong>inte-</strong></span> 
     </span>
     <span class='ocr_line' id='line_1_8' title="bbox 248 1422 2404 1520; baseline 0 -29"><span class='ocrx_word' id='word_1_55' title='bbox 248 1495 257 1504; x_wconf 67' lang='grc'><strong>,</strong></span> <span class='ocrx_word' id='word_1_56' title='bbox 317 1448 555 1519; x_wconf 79' lang='lat' dir='ltr'><strong>gram,</strong></span> <span class='ocrx_word' id='word_1_57' title='bbox 583 1449 856 1517; x_wconf 80' lang='lat' dir='ltr'><strong>sanam3</strong></span> <span class='ocrx_word' id='word_1_58' title='bbox 884 1423 1087 1494; x_wconf 88' lang='lat' dir='ltr'><strong>illum</strong></span> <span class='ocrx_word' id='word_1_59' title='bbox 1113 1423 1495 1512; x_wconf 86' lang='lat' dir='ltr'><strong>infelicem,</strong></span> <span class='ocrx_word' id='word_1_60' title='bbox 1520 1448 1807 1515; x_wconf 80' lang='lat' dir='ltr'><strong>caecum,</strong></span> <span class='ocrx_word' id='word_1_61' title='bbox 1833 1422 2268 1496; x_wconf 85' lang='lat' dir='ltr'><strong>contumeliae</strong></span> <span class='ocrx_word' id='word_1_62' title='bbox 2287 1449 2404 1520; x_wconf 84' lang='lat' dir='ltr'><strong>op-</strong></span> 
     </span>
     <span class='ocr_line' id='line_1_9' title="bbox 250 1537 2401 1638; baseline -0.001 -28"><span class='ocrx_word' id='word_1_63' title='bbox 250 1605 257 1610; x_wconf 90' lang='lat'><strong>.</strong></span> <span class='ocrx_word' id='word_1_64' title='bbox 314 1558 742 1635; x_wconf 82' lang='lat' dir='ltr'><strong>Portunum,</strong></span> <span class='ocrx_word' id='word_1_65' title='bbox 786 1537 1054 1638; x_wconf 85' lang='lat' dir='ltr'><strong>injuriae</strong></span> <span class='ocrx_word' id='word_1_66' title='bbox 1098 1539 1414 1610; x_wconf 85' lang='lat' dir='ltr'><strong>facilem:</strong></span> <span class='ocrx_word' id='word_1_67' title='bbox 1464 1558 1696 1610; x_wconf 87' lang='lat' dir='ltr'><strong>utrum</strong></span> <span class='ocrx_word' id='word_1_68' title='bbox 1738 1540 1880 1611; x_wconf 88' lang='lat' dir='ltr'><strong>filio</strong></span> <span class='ocrx_word' id='word_1_69' title='bbox 1927 1539 2262 1626; x_wconf 80' lang='lat' dir='ltr'><strong>irascitur,</strong></span> <span class='ocrx_word' id='word_1_70' title='bbox 2310 1564 2401 1608; x_wconf 84' lang='lat' dir='ltr'><strong>an</strong></span> 
     </span>
     <span class='ocr_line' id='line_1_10' title="bbox 316 1649 2400 1752; baseline -0 -32"><span class='ocrx_word' id='word_1_71' title='bbox 316 1649 558 1722; x_wconf 81' lang='lat' dir='ltr'><strong>uxori?</strong></span> <span class='ocrx_word' id='word_1_72' title='bbox 579 1650 791 1744; x_wconf 88' lang='lat' dir='ltr'><strong>Nolo,</strong></span> <span class='ocrx_word' id='word_1_73' title='bbox 815 1650 1071 1749; x_wconf 88' lang='lat' dir='ltr'><strong>inquit,</strong></span> <span class='ocrx_word' id='word_1_74' title='bbox 1085 1650 1364 1752; x_wconf 86' lang='lat' dir='ltr'><strong>juvenis</strong></span> <span class='ocrx_word' id='word_1_75' title='bbox 1385 1651 1590 1723; x_wconf 87' lang='lat' dir='ltr'><strong>utaris</strong></span> <span class='ocrx_word' id='word_1_76' title='bbox 1615 1678 1883 1723; x_wconf 86' lang='lat' dir='ltr'><strong>amoena</strong></span> <span class='ocrx_word' id='word_1_77' title='bbox 1908 1651 2156 1736; x_wconf 86' lang='lat' dir='ltr'><strong>domus</strong></span> <span class='ocrx_word' id='word_1_78' title='bbox 2180 1669 2400 1749; x_wconf 81' lang='lat' dir='ltr'><strong>parte,</strong></span> 
     </span>
     <span class='ocr_line' id='line_1_11' title="bbox 318 1764 2404 1864; baseline 0 -29"><span class='ocrx_word' id='word_1_79' title='bbox 318 1790 411 1838; x_wconf 85' lang='lat' dir='ltr'><strong>ne</strong></span> <span class='ocrx_word' id='word_1_80' title='bbox 437 1764 582 1836; x_wconf 83' lang='lat' dir='ltr'><strong>haec</strong></span> <span class='ocrx_word' id='word_1_81' title='bbox 606 1792 759 1863; x_wconf 85' lang='lat' dir='ltr'><strong>quae</strong></span> <span class='ocrx_word' id='word_1_82' title='bbox 783 1765 1219 1838; x_wconf 86' lang='lat' dir='ltr'><strong>nitidioribus</strong></span> <span class='ocrx_word' id='word_1_83' title='bbox 1243 1766 1429 1839; x_wconf 87' lang='lat' dir='ltr'><strong>tectis</strong></span> <span class='ocrx_word' id='word_1_84' title='bbox 1449 1767 1789 1839; x_wconf 88' lang='lat' dir='ltr'><strong>elaborata</strong></span> <span class='ocrx_word' id='word_1_85' title='bbox 1807 1787 1996 1854; x_wconf 83' lang='lat' dir='ltr'><strong>sunt,</strong></span> <span class='ocrx_word' id='word_1_86' title='bbox 2017 1764 2404 1864; x_wconf 88' lang='lat' dir='ltr'><strong>pertineant</strong></span> 
     </span>
     <span class='ocr_line' id='line_1_12' title="bbox 316 1878 2413 1986; baseline 0 -35"><span class='ocrx_word' id='word_1_87' title='bbox 316 1878 410 1951; x_wconf 86' lang='lat' dir='ltr'><strong>ad</strong></span> <span class='ocrx_word' id='word_1_88' title='bbox 437 1878 672 1951; x_wconf 86' lang='lat' dir='ltr'><strong>oculos</strong></span> <span class='ocrx_word' id='word_1_89' title='bbox 699 1901 871 1953; x_wconf 87' lang='lat' dir='ltr'><strong>tuos.</strong></span> <span class='ocrx_word' id='word_1_90' title='bbox 909 1880 1085 1972; x_wconf 89' lang='lat' dir='ltr'><strong>Quis</strong></span> <span class='ocrx_word' id='word_1_91' title='bbox 1119 1903 1261 1954; x_wconf 87' lang='lat' dir='ltr'><strong>tam</strong></span> <span class='ocrx_word' id='word_1_92' title='bbox 1286 1882 1534 1954; x_wconf 89' lang='lat' dir='ltr'><strong>stulte</strong></span> <span class='ocrx_word' id='word_1_93' title='bbox 1515 1883 1825 1955; x_wconf 80' lang='lat' dir='ltr'><strong>irascitur</strong></span> <span class='ocrx_word' id='word_1_94' title='bbox 1849 1908 2056 1969; x_wconf 67' lang='lat' dir='ltr'><strong>caeco,</strong></span> <span class='ocrx_word' id='word_1_95' title='bbox 2105 1902 2182 1952; x_wconf 94' lang='lat' dir='ltr'><strong>ut</strong></span> <span class='ocrx_word' id='word_1_96' title='bbox 2212 1900 2413 1986; x_wconf 88' lang='lat' dir='ltr'><strong>putet</strong></span> 
     </span>
     <span class='ocr_line' id='line_1_13' title="bbox 319 1992 2413 2094; baseline 0.001 -30"><span class='ocrx_word' id='word_1_97' title='bbox 319 1992 504 2066; x_wconf 89' lang='lat' dir='ltr'><strong>illius</strong></span> <span class='ocrx_word' id='word_1_98' title='bbox 559 1995 877 2067; x_wconf 85' lang='lat' dir='ltr'><strong>interesse</strong></span> <span class='ocrx_word' id='word_1_99' title='bbox 930 1993 1051 2066; x_wconf 84' lang='lat' dir='ltr'><strong>ubi</strong></span> <span class='ocrx_word' id='word_1_100' title='bbox 1101 1994 1406 2066; x_wconf 88' lang='lat' dir='ltr'><strong>habitare</strong></span> <span class='ocrx_word' id='word_1_101' title='bbox 1448 1996 1810 2093; x_wconf 85' lang='lat' dir='ltr'><strong>jubeatur:</strong></span> <span class='ocrx_word' id='word_1_102' title='bbox 1868 1999 1972 2067; x_wconf 88' lang='lat' dir='ltr'><strong>Te</strong></span> <span class='ocrx_word' id='word_1_103' title='bbox 2015 1995 2256 2094; x_wconf 89' lang='lat' dir='ltr'><strong>potius</strong></span> <span class='ocrx_word' id='word_1_104' title='bbox 2287 1993 2413 2067; x_wconf 62' lang='lat' dir='ltr'><strong>ille,</strong></span> 
     </span>
     <span class='ocr_line' id='line_1_14' title="bbox 242 2109 2402 2200; baseline 0.001 -21"><span class='ocrx_word' id='word_1_105' title='bbox 242 2193 249 2200; x_wconf 88' lang='lat'><strong>.</strong></span> <span class='ocrx_word' id='word_1_106' title='bbox 317 2110 711 2200; x_wconf 83' lang='lat' dir='ltr'><strong>submovet,</strong></span> <span class='ocrx_word' id='word_1_107' title='bbox 735 2110 867 2182; x_wconf 86' lang='lat' dir='ltr'><strong>tuis</strong></span> <span class='ocrx_word' id='word_1_108' title='bbox 888 2109 1217 2182; x_wconf 86' lang='lat' dir='ltr'><strong>invidiam</strong></span> <span class='ocrx_word' id='word_1_109' title='bbox 1236 2111 1398 2182; x_wconf 87' lang='lat' dir='ltr'><strong>facit</strong></span> <span class='ocrx_word' id='word_1_110' title='bbox 1417 2110 1670 2182; x_wconf 86' lang='lat' dir='ltr'><strong>oculis:</strong></span> <span class='ocrx_word' id='word_1_111' title='bbox 1701 2110 1823 2181; x_wconf 91' lang='lat' dir='ltr'><strong>tibi</strong></span> <span class='ocrx_word' id='word_1_112' title='bbox 1844 2110 2035 2199; x_wconf 88' lang='lat' dir='ltr'><strong>dicit,</strong></span> <span class='ocrx_word' id='word_1_113' title='bbox 2059 2110 2402 2199; x_wconf 86' lang='lat' dir='ltr'><strong>Sufficiat,</strong></span> 
     </span>
     <span class='ocr_line' id='line_1_15' title="bbox 319 2201 2412 2327; baseline 0.002 -35"><span class='ocrx_word' id='word_1_114' title='bbox 319 2222 477 2294; x_wconf 86' lang='lat' dir='ltr'><strong>satis</strong></span> <span class='ocrx_word' id='word_1_115' title='bbox 497 2245 626 2313; x_wconf 87' lang='lat' dir='ltr'><strong>est,</strong></span> <span class='ocrx_word' id='word_1_116' title='bbox 647 2224 1489 2327; x_wconf 75' lang='lat' dir='ltr'><strong>habes-majorem‘domus</strong></span> <span class='ocrx_word' id='word_1_117' title='bbox 1510 2245 1774 2322; x_wconf 87' lang='lat' dir='ltr'><strong>partem</strong></span> <span class='ocrx_word' id='word_1_118' title='bbox 1801 2251 1816 2294; x_wconf 70' lang='grc' dir='ltr'><strong><em>τ</em></strong></span> <span class='ocrx_word' id='word_1_119' title='bbox 1837 2201 2193 2296; x_wconf 84' lang='lat' dir='ltr'><strong>absentem</strong></span> <span class='ocrx_word' id='word_1_120' title='bbox 2214 2245 2412 2323; x_wconf 85' lang='lat' dir='ltr'><strong>puta‚·</strong></span> 
     </span>
     <span class='ocr_line' id='line_1_16' title="bbox 320 2336 2399 2437; baseline 0.001 -30"><span class='ocrx_word' id='word_1_121' title='bbox 320 2336 571 2409; x_wconf 85' lang='lat' dir='ltr'><strong>misero</strong></span> <span class='ocrx_word' id='word_1_122' title='bbox 609 2338 681 2409; x_wconf 89' lang='lat' dir='ltr'><strong>in</strong></span> <span class='ocrx_word' id='word_1_123' title='bbox 716 2339 1012 2437; x_wconf 86' lang='lat' dir='ltr'><strong>paternis</strong></span> <span class='ocrx_word' id='word_1_124' title='bbox 1046 2339 1308 2411; x_wconf 83' lang='lat' dir='ltr'><strong>aedibus</strong></span> <span class='ocrx_word' id='word_1_125' title='bbox 1343 2339 1650 2437; x_wconf 88' lang='lat' dir='ltr'><strong>aliquem</strong></span> <span class='ocrx_word' id='word_1_126' title='bbox 1690 2338 2032 2437; x_wconf 74' lang='lat' dir='ltr'><strong>angulum</strong></span> <span class='ocrx_word' id='word_1_127' title='bbox 2065 2338 2399 2437; x_wconf 82' lang='lat' dir='ltr'><strong>relinque.</strong></span> 
     </span>
     <span class='ocr_line' id='line_1_17' title="bbox 316 2452 2410 2551; baseline 0.001 -30"><span class='ocrx_word' id='word_1_128' title='bbox 316 2452 518 2522; x_wconf 87' lang='lat' dir='ltr'><strong>Pater</strong></span> <span class='ocrx_word' id='word_1_129' title='bbox 543 2452 664 2550; x_wconf 89' lang='lat' dir='ltr'><strong>qui</strong></span> <span class='ocrx_word' id='word_1_130' title='bbox 689 2452 830 2524; x_wconf 90' lang='lat' dir='ltr'><strong>filio</strong></span> <span class='ocrx_word' id='word_1_131' title='bbox 856 2454 985 2525; x_wconf 88' lang='lat' dir='ltr'><strong>sub</strong></span> <span class='ocrx_word' id='word_1_132' title='bbox 1010 2479 1298 2525; x_wconf 85' lang='lat' dir='ltr'><strong>noverca</strong></span> <span class='ocrx_word' id='word_1_133' title='bbox 1318 2453 1614 2551; x_wconf 74' lang='lat' dir='ltr'><strong>assignat</strong></span> <span class='ocrx_word' id='word_1_134' title='bbox 1635 2473 1958 2525; x_wconf 86' lang='lat' dir='ltr'><strong>secretam</strong></span> <span class='ocrx_word' id='word_1_135' title='bbox 1986 2453 2236 2525; x_wconf 82' lang='lat' dir='ltr'><strong>domus</strong></span> <span class='ocrx_word' id='word_1_136' title='bbox 2261 2479 2410 2550; x_wconf 88' lang='lat' dir='ltr'><strong>par-</strong></span> 
     </span>
     <span class='ocr_line' id='line_1_18' title="bbox 320 2564 2409 2664; baseline 0.002 -31"><span class='ocrx_word' id='word_1_137' title='bbox 320 2581 496 2655; x_wconf 86' lang='lat' dir='ltr'><strong>tem,</strong></span> <span class='ocrx_word' id='word_1_138' title='bbox 539 2565 903 2637; x_wconf 86' lang='lat' dir='ltr'><strong>confitetur</strong></span> <span class='ocrx_word' id='word_1_139' title='bbox 941 2565 1133 2637; x_wconf 63' lang='lat' dir='ltr'><strong>niori</strong></span> <span class='ocrx_word' id='word_1_140' title='bbox 1173 2593 1244 2637; x_wconf 89' lang='lat' dir='ltr'><strong>se</strong></span> <span class='ocrx_word' id='word_1_141' title='bbox 1278 2564 1597 2638; x_wconf 87' lang='lat' dir='ltr'><strong>abdicare</strong></span> <span class='ocrx_word' id='word_1_142' title='bbox 1621 2579 1638 2610; x_wconf 89' lang='lat'>¹</span> <span class='ocrx_word' id='word_1_143' title='bbox 1683 2591 1825 2639; x_wconf 88' lang='lat' dir='ltr'><strong>non</strong></span> <span class='ocrx_word' id='word_1_144' title='bbox 1864 2592 2080 2664; x_wconf 88' lang='lat' dir='ltr'><strong>posse.</strong></span> <span class='ocrx_word' id='word_1_145' title='bbox 2130 2564 2409 2638; x_wconf 87' lang='lat' dir='ltr'><strong>Transit</strong></span> 
     </span>
     <span class='ocr_line' id='line_1_19' title="bbox 319 2678 2400 2779; baseline 0.002 -30"><span class='ocrx_word' id='word_1_146' title='bbox 319 2679 409 2750; x_wconf 86' lang='lat' dir='ltr'><strong>ad</strong></span> <span class='ocrx_word' id='word_1_147' title='bbox 465 2678 657 2752; x_wconf 86' lang='lat' dir='ltr'><strong>aliud</strong></span> <span class='ocrx_word' id='word_1_148' title='bbox 710 2708 930 2779; x_wconf 76' lang='lat' dir='ltr'><strong>genus</strong></span> <span class='ocrx_word' id='word_1_149' title='bbox 994 2681 1430 2753; x_wconf 86' lang='lat' dir='ltr'><strong>defensionis.</strong></span> <span class='ocrx_word' id='word_1_150' title='bbox 1483 2681 1629 2754; x_wconf 90' lang='lat' dir='ltr'><strong>Sibi</strong></span> <span class='ocrx_word' id='word_1_151' title='bbox 1676 2709 1950 2754; x_wconf 90' lang='lat' dir='ltr'><strong>causam</strong></span> <span class='ocrx_word' id='word_1_152' title='bbox 2009 2682 2210 2754; x_wconf 86' lang='lat' dir='ltr'><strong>caedis</strong></span> <span class='ocrx_word' id='word_1_153' title='bbox 2255 2709 2400 2754; x_wconf 88' lang='lat' dir='ltr'><strong>non</strong></span> 
     </span>
     <span class='ocr_line' id='line_1_20' title="bbox 316 2792 2400 2892; baseline 0.003 -30"><span class='ocrx_word' id='word_1_154' title='bbox 316 2792 813 2892; x_wconf 67' lang='lat' dir='ltr'><strong>fuisse,quum</strong></span> <span class='ocrx_word' id='word_1_155' title='bbox 843 2795 954 2866; x_wconf 85' lang='lat' dir='ltr'><strong>hic</strong></span> <span class='ocrx_word' id='word_1_156' title='bbox 978 2795 1170 2867; x_wconf 90' lang='lat' dir='ltr'><strong>heres</strong></span> <span class='ocrx_word' id='word_1_157' title='bbox 1205 2796 1641 2870; x_wconf 74' lang='lat' dir='ltr'><strong>inventussit</strong></span> <span class='ocrx_word' id='word_1_158' title='bbox 1672 2795 1991 2868; x_wconf 90' lang='lat' dir='ltr'><strong>omnium</strong></span> <span class='ocrx_word' id='word_1_159' title='bbox 2024 2797 2400 2869; x_wconf 88' lang='lat' dir='ltr'><strong>bonorum.</strong></span> 
     </span>
     <span class='ocr_line' id='line_1_21' title="bbox 318 2907 2408 3011; baseline 0.001 -31"><span class='ocrx_word' id='word_1_160' title='bbox 318 2907 503 2998; x_wconf 87' lang='lat' dir='ltr'><strong>Quis</strong></span> <span class='ocrx_word' id='word_1_161' title='bbox 532 2909 723 2981; x_wconf 88' lang='lat' dir='ltr'><strong>enim</strong></span> <span class='ocrx_word' id='word_1_162' title='bbox 749 2910 922 2983; x_wconf 84' lang='lat' dir='ltr'><strong>alius</strong></span> <span class='ocrx_word' id='word_1_163' title='bbox 955 2939 1095 2984; x_wconf 87' lang='lat' dir='ltr'><strong>esse</strong></span> <span class='ocrx_word' id='word_1_164' title='bbox 1125 2912 1398 3001; x_wconf 89' lang='lat' dir='ltr'><strong>debeat,</strong></span> <span class='ocrx_word' id='word_1_165' title='bbox 1428 2932 1506 2983; x_wconf 90' lang='lat' dir='ltr'><strong>ut</strong></span> <span class='ocrx_word' id='word_1_166' title='bbox 1525 2911 1690 2983; x_wconf 87' lang='lat' dir='ltr'><strong>huic</strong></span> <span class='ocrx_word' id='word_1_167' title='bbox 1713 2911 2227 3011; x_wconf 87' lang='lat' dir='ltr'><strong>properandum</strong></span> <span class='ocrx_word' id='word_1_168' title='bbox 2252 2912 2408 2982; x_wconf 47' lang='lat' dir='ltr'><strong>fue«</strong></span> 
     </span>
     <span class='ocr_line' id='line_1_22' title="bbox 318 3022 2408 3126; baseline 0 -32"><span class='ocrx_word' id='word_1_169' title='bbox 318 3022 408 3094; x_wconf 84' lang='lat' dir='ltr'><strong>rit</strong></span> <span class='ocrx_word' id='word_1_170' title='bbox 436 3022 524 3095; x_wconf 88' lang='lat' dir='ltr'><strong>ad</strong></span> <span class='ocrx_word' id='word_1_171' title='bbox 559 3023 1041 3098; x_wconf 85' lang='lat' dir='ltr'><strong>hereditatem?</strong></span> <span class='ocrx_word' id='word_1_172' title='bbox 1094 3026 1310 3098; x_wconf 88' lang='lat' dir='ltr'><strong>Filius</strong></span> <span class='ocrx_word' id='word_1_173' title='bbox 1339 3026 1628 3126; x_wconf 84' lang='lat' dir='ltr'><strong>scriptus</strong></span> <span class='ocrx_word' id='word_1_174' title='bbox 1657 3052 1803 3102; x_wconf 86' lang='lat' dir='ltr'><strong>non</strong></span> <span class='ocrx_word' id='word_1_175' title='bbox 1839 3024 2034 3095; x_wconf 90' lang='lat' dir='ltr'><strong>timet</strong></span> <span class='ocrx_word' id='word_1_176' title='bbox 2061 3023 2408 3121; x_wconf 66' lang='lat' dir='ltr'><strong>poeniten-</strong></span> 
     </span>
     <span class='ocr_line' id='line_1_23' title="bbox 318 3138 2461 3244; baseline 0.001 -35"><span class='ocrx_word' id='word_1_177' title='bbox 318 3139 485 3210; x_wconf 85' lang='lat' dir='ltr'><strong>tiam</strong></span> <span class='ocrx_word' id='word_1_178' title='bbox 520 3143 927 3214; x_wconf 82' lang='lat' dir='ltr'><strong>testamenti.</strong></span> <span class='ocrx_word' id='word_1_179' title='bbox 978 3142 1327 3244; x_wconf 71' lang='lat' dir='ltr'><strong>Omnium</strong></span> <span class='ocrx_word' id='word_1_180' title='bbox 1360 3144 1708 3214; x_wconf 87' lang='lat' dir='ltr'><strong>bonorum</strong></span> <span class='ocrx_word' id='word_1_181' title='bbox 1742 3141 1938 3212; x_wconf 88' lang='lat' dir='ltr'><strong>heres</strong></span> <span class='ocrx_word' id='word_1_182' title='bbox 1975 3138 2247 3234; x_wconf 82' lang='lat' dir='ltr'><strong>relictus</strong></span> <span class='ocrx_word' id='word_1_183' title='bbox 2282 3160 2408 3212; x_wconf 72' lang='lat' dir='ltr'><strong>est.</strong></span> <span class='ocrx_word' id='word_1_184' title='bbox 2458 3144 2461 3147; x_wconf 71' lang='grc'><strong>’</strong></span> 
     </span>
     <span class='ocr_line' id='line_1_24' title="bbox 317 3253 2399 3355; baseline 0 -31"><span class='ocrx_word' id='word_1_185' title='bbox 317 3255 477 3326; x_wconf 86' lang='lat' dir='ltr'><strong>Non</strong></span> <span class='ocrx_word' id='word_1_186' title='bbox 500 3282 660 3353; x_wconf 81' lang='lat' dir='ltr'><strong>ergo</strong></span> <span class='ocrx_word' id='word_1_187' title='bbox 685 3255 1092 3328; x_wconf 87' lang='lat' dir='ltr'><strong>irascebatur</strong></span> <span class='ocrx_word' id='word_1_188' title='bbox 1110 3277 1319 3355; x_wconf 83' lang='lat' dir='ltr'><strong>pater,</strong></span> <span class='ocrx_word' id='word_1_189' title='bbox 1342 3283 1565 3355; x_wconf 87' lang='lat' dir='ltr'><strong>quum</strong></span> <span class='ocrx_word' id='word_1_190' title='bbox 1589 3255 1778 3327; x_wconf 88' lang='lat' dir='ltr'><strong>daret</strong></span> <span class='ocrx_word' id='word_1_191' title='bbox 1800 3275 2125 3326; x_wconf 89' lang='lat' dir='ltr'><strong>secretam</strong></span> <span class='ocrx_word' id='word_1_192' title='bbox 2150 3253 2399 3326; x_wconf 87' lang='lat' dir='ltr'><strong>domus</strong></span> 
     </span>
     <span class='ocr_line' id='line_1_25' title="bbox 316 3367 2398 3470; baseline -0 -31"><span class='ocrx_word' id='word_1_193' title='bbox 316 3389 608 3467; x_wconf 86' lang='lat' dir='ltr'><strong>partem.</strong></span> <span class='ocrx_word' id='word_1_194' title='bbox 644 3372 801 3442; x_wconf 90' lang='lat' dir='ltr'><strong>Non</strong></span> <span class='ocrx_word' id='word_1_195' title='bbox 830 3392 1117 3470; x_wconf 89' lang='lat' dir='ltr'><strong>possunt</strong></span> <span class='ocrx_word' id='word_1_196' title='bbox 1142 3371 1265 3441; x_wconf 90' lang='lat' dir='ltr'><strong>tibi</strong></span> <span class='ocrx_word' id='word_1_197' title='bbox 1294 3371 1553 3443; x_wconf 89' lang='lat' dir='ltr'><strong>diversa</strong></span> <span class='ocrx_word' id='word_1_198' title='bbox 1576 3370 1929 3468; x_wconf 82' lang='lat' dir='ltr'><strong>prodesse3</strong></span> <span class='ocrx_word' id='word_1_199' title='bbox 1962 3367 2201 3439; x_wconf 88' lang='lat' dir='ltr'><strong>eadem</strong></span> <span class='ocrx_word' id='word_1_200' title='bbox 2231 3368 2398 3469; x_wconf 88' lang='lat' dir='ltr'><strong>obji-</strong></span> 
     </span>
     <span class='ocr_line' id='line_1_26' title="bbox 319 3480 2401 3582; baseline 0 -28"><span class='ocrx_word' id='word_1_201' title='bbox 319 3508 505 3554; x_wconf 89' lang='lat' dir='ltr'><strong>ceres</strong></span> <span class='ocrx_word' id='word_1_202' title='bbox 544 3511 691 3575; x_wconf 91' lang='lat' dir='ltr'><strong>reo,</strong></span> <span class='ocrx_word' id='word_1_203' title='bbox 733 3483 789 3555; x_wconf 89' lang='lat' dir='ltr'><strong>si</strong></span> <span class='ocrx_word' id='word_1_204' title='bbox 830 3483 1272 3557; x_wconf 85' lang='lat' dir='ltr'><strong>exheredatus</strong></span> <span class='ocrx_word' id='word_1_205' title='bbox 1316 3505 1505 3556; x_wconf 88' lang='lat' dir='ltr'><strong>esset.</strong></span> <span class='ocrx_word' id='word_1_206' title='bbox 1560 3482 1754 3582; x_wconf 76' lang='lat' dir='ltr'><strong>Elige</strong></span> <span class='ocrx_word' id='word_1_207' title='bbox 1801 3503 2034 3555; x_wconf 90' lang='lat' dir='ltr'><strong>utrum</strong></span> <span class='ocrx_word' id='word_1_208' title='bbox 2072 3482 2295 3554; x_wconf 84' lang='lat' dir='ltr'><strong>voles:</strong></span> <span class='ocrx_word' id='word_1_209' title='bbox 2344 3480 2401 3554; x_wconf 88' lang='lat' dir='ltr'><strong>si</strong></span> 
     </span>
    </p>
   </div>
   <div class='ocr_carea' id='block_1_3' title="bbox 320 3730 2410 4286">
    <p class='ocr_par' dir='ltr' id='par_1_3' title="bbox 320 3730 2410 4286">
     <span class='ocr_line' id='line_1_27' title="bbox 396 3730 2403 3806; baseline 0.002 -25"><span class='ocrx_word' id='word_1_210' title='bbox 396 3748 442 3782; x_wconf 80' lang='grc' dir='ltr'><strong>ι.</strong></span> <span class='ocrx_word' id='word_1_211' title='bbox 472 3730 737 3785; x_wconf 78' lang='lat' dir='ltr'><strong>Abdicare.</strong></span> <span class='ocrx_word' id='word_1_212' title='bbox 771 3732 994 3786; x_wconf 80' lang='lat' dir='ltr'><strong>Abdieat</strong></span> <span class='ocrx_word' id='word_1_213' title='bbox 1027 3734 1190 3787; x_wconf 78' lang='lat' dir='ltr'><strong>filium</strong></span> <span class='ocrx_word' id='word_1_214' title='bbox 1218 3754 1318 3806; x_wconf 86' lang='lat' dir='ltr'><strong>pa·</strong></span> <span class='ocrx_word' id='word_1_215' title='bbox 1398 3748 1574 3787; x_wconf 86' lang='lat' dir='ltr'><strong>catum</strong></span> <span class='ocrx_word' id='word_1_216' title='bbox 1599 3732 1764 3786; x_wconf 82' lang='lat' dir='ltr'><strong>fllium</strong></span> <span class='ocrx_word' id='word_1_217' title='bbox 1787 3747 1938 3805; x_wconf 82' lang='lat' dir='ltr'><strong>pater</strong></span> <span class='ocrx_word' id='word_1_218' title='bbox 1958 3750 2070 3784; x_wconf 88' lang='lat' dir='ltr'><strong>non</strong></span> <span class='ocrx_word' id='word_1_219' title='bbox 2096 3731 2235 3785; x_wconf 84' lang='lat' dir='ltr'><strong>alere</strong></span> <span class='ocrx_word' id='word_1_220' title='bbox 2259 3746 2403 3786; x_wconf 88' lang='lat' dir='ltr'><strong>tene·</strong></span> 
     </span>
     <span class='ocr_line' id='line_1_28' title="bbox 320 3807 2410 3885; baseline 0.002 -23"><span class='ocrx_word' id='word_1_221' title='bbox 320 3823 417 3876; x_wconf 85' lang='lat' dir='ltr'><strong>ter,</strong></span> <span class='ocrx_word' id='word_1_222' title='bbox 436 3807 565 3861; x_wconf 86' lang='lat' dir='ltr'><strong>dum</strong></span> <span class='ocrx_word' id='word_1_223' title='bbox 580 3811 727 3877; x_wconf 77' lang='lat' dir='ltr'><strong>vivit,</strong></span> <span class='ocrx_word' id='word_1_224' title='bbox 749 3810 1026 3864; x_wconf 74' lang='lat' dir='ltr'><strong>exheredat</strong></span> <span class='ocrx_word' id='word_1_225' title='bbox 1047 3827 1167 3884; x_wconf 82' lang='lat' dir='ltr'><strong>post</strong></span> <span class='ocrx_word' id='word_1_226' title='bbox 1185 3832 1319 3864; x_wconf 85' lang='lat' dir='ltr'><strong>mor·</strong></span> <span class='ocrx_word' id='word_1_227' title='bbox 1397 3815 1573 3882; x_wconf 81' lang='lat' dir='ltr'><strong>batur,</strong></span> <span class='ocrx_word' id='word_1_228' title='bbox 1588 3816 1747 3867; x_wconf 86' lang='lat' dir='ltr'><strong>immo</strong></span> <span class='ocrx_word' id='word_1_229' title='bbox 1766 3833 2008 3885; x_wconf 72' lang='lat' dir='ltr'><strong>egenum,</strong></span> <span class='ocrx_word' id='word_1_230' title='bbox 2022 3813 2252 3867; x_wconf 78' lang='lat' dir='ltr'><strong>vestibus</strong></span> <span class='ocrx_word' id='word_1_231' title='bbox 2273 3831 2410 3884; x_wconf 59' lang='lat' dir='ltr'><strong>spo·-v</strong></span> 
     </span>
     <span class='ocr_line' id='line_1_29' title="bbox 320 3890 2402 3964; baseline 0.002 -24"><span class='ocrx_word' id='word_1_232' title='bbox 320 3904 443 3943; x_wconf 84' lang='lat' dir='ltr'><strong>tem.</strong></span> <span class='ocrx_word' id='word_1_233' title='bbox 467 3892 581 3944; x_wconf 81' lang='lat' dir='ltr'><strong>Hoc</strong></span> <span class='ocrx_word' id='word_1_234' title='bbox 602 3892 685 3957; x_wconf 83' lang='lat' dir='ltr'><strong>fit,</strong></span> <span class='ocrx_word' id='word_1_235' title='bbox 706 3910 869 3964; x_wconf 84' lang='lat' dir='ltr'><strong>quum</strong></span> <span class='ocrx_word' id='word_1_236' title='bbox 887 3895 1055 3964; x_wconf 83' lang='lat' dir='ltr'><strong>privat</strong></span> <span class='ocrx_word' id='word_1_237' title='bbox 1075 3913 1195 3946; x_wconf 88' lang='lat' dir='ltr'><strong>eum</strong></span> <span class='ocrx_word' id='word_1_238' title='bbox 1215 3913 1320 3945; x_wconf 88' lang='lat' dir='ltr'><strong>om·</strong></span> <span class='ocrx_word' id='word_1_239' title='bbox 1398 3893 1583 3945; x_wconf 89' lang='lat' dir='ltr'><strong>liatum</strong></span> <span class='ocrx_word' id='word_1_240' title='bbox 1599 3893 1913 3958; x_wconf 74' lang='lat' dir='ltr'><strong>dimittebat,</strong></span> <span class='ocrx_word' id='word_1_241' title='bbox 1929 3911 2027 3943; x_wconf 88' lang='lat' dir='ltr'><strong>nec</strong></span> <span class='ocrx_word' id='word_1_242' title='bbox 2043 3890 2297 3943; x_wconf 84' lang='lat' dir='ltr'><strong>defuncto</strong></span> <span class='ocrx_word' id='word_1_243' title='bbox 2313 3910 2402 3963; x_wconf 81' lang='lat' dir='ltr'><strong>pa·</strong></span> 
     </span>
     <span class='ocr_line' id='line_1_30' title="bbox 320 3969 2408 4044; baseline 0 -23"><span class='ocrx_word' id='word_1_244' title='bbox 320 3972 375 4021; x_wconf 84' lang='lat' dir='ltr'><strong>ni</strong></span> <span class='ocrx_word' id='word_1_245' title='bbox 391 3975 515 4042; x_wconf 85' lang='lat' dir='ltr'><strong>jure</strong></span> <span class='ocrx_word' id='word_1_246' title='bbox 540 3969 661 4023; x_wconf 82' lang='lat' dir='ltr'><strong>filii:</strong></span> <span class='ocrx_word' id='word_1_247' title='bbox 693 3972 841 4044; x_wconf 86' lang='lat' dir='ltr'><strong>quod</strong></span> <span class='ocrx_word' id='word_1_248' title='bbox 872 3975 945 4025; x_wconf 87' lang='lat' dir='ltr'><strong>sic</strong></span> <span class='ocrx_word' id='word_1_249' title='bbox 971 3974 1095 4025; x_wconf 88' lang='lat' dir='ltr'><strong>olim</strong></span> <span class='ocrx_word' id='word_1_250' title='bbox 1127 3974 1314 4027; x_wconf 81' lang='lat' dir='ltr'><strong>fiebat:</strong></span> <span class='ocrx_word' id='word_1_251' title='bbox 1400 3976 1465 4026; x_wconf 83' lang='lat' dir='ltr'><strong>tri</strong></span> <span class='ocrx_word' id='word_1_252' title='bbox 1487 3977 1540 4026; x_wconf 88' lang='lat' dir='ltr'><strong>in</strong></span> <span class='ocrx_word' id='word_1_253' title='bbox 1557 3973 1902 4027; x_wconf 82' lang='lat' dir='ltr'><strong>hereditatem</strong></span> <span class='ocrx_word' id='word_1_254' title='bbox 1915 3970 2258 4025; x_wconf 74' lang='lat' dir='ltr'><strong>succedebat:</strong></span> <span class='ocrx_word' id='word_1_255' title='bbox 2275 3970 2408 4024; x_wconf 85' lang='lat' dir='ltr'><strong>hinc.</strong></span> 
     </span>
     <span class='ocr_line' id='line_1_31' title="bbox 322 4048 2401 4125; baseline -0.001 -21"><span class='ocrx_word' id='word_1_256' title='bbox 322 4070 483 4121; x_wconf 82' lang='lat' dir='ltr'><strong>quum</strong></span> <span class='ocrx_word' id='word_1_257' title='bbox 509 4051 645 4104; x_wconf 79' lang='lat' dir='ltr'><strong>fitius</strong></span> <span class='ocrx_word' id='word_1_258' title='bbox 668 4067 873 4123; x_wconf 86' lang='lat' dir='ltr'><strong>patrem</strong></span> <span class='ocrx_word' id='word_1_259' title='bbox 895 4055 1083 4125; x_wconf 81' lang='lat' dir='ltr'><strong>injuria</strong></span> <span class='ocrx_word' id='word_1_260' title='bbox 1109 4056 1318 4108; x_wconf 79' lang='lat' dir='ltr'><strong>affecis-</strong></span> <span class='ocrx_word' id='word_1_261' title='bbox 1398 4055 1608 4118; x_wconf 81' lang='lat' dir='ltr'><strong>Noster,</strong></span> <span class='ocrx_word' id='word_1_262' title='bbox 1638 4053 1727 4104; x_wconf 90' lang='lat' dir='ltr'><strong>lib.</strong></span> <span class='ocrx_word' id='word_1_263' title='bbox 1753 4053 1875 4118; x_wconf 84' lang='lat' dir='ltr'><strong>Vll,</strong></span> <span class='ocrx_word' id='word_1_264' title='bbox 1903 4070 2021 4121; x_wconf 86' lang='lat' dir='ltr'><strong>cap.</strong></span> <span class='ocrx_word' id='word_1_265' title='bbox 2056 4050 2086 4103; x_wconf 84' lang='lat'><em>5</em></span> <span class='ocrx_word' id='word_1_266' title='bbox 2105 4072 2136 4112; x_wconf 52' lang='lat' dir='ltr'><strong>z,</strong></span> <span class='ocrx_word' id='word_1_267' title='bbox 2158 4072 2180 4095; x_wconf 72' lang='lat' dir='ltr'>a</span> <span class='ocrx_word' id='word_1_268' title='bbox 2201 4048 2401 4101; x_wconf 77' lang='lat' dir='ltr'><strong>Mavult</strong></span> 
     </span>
     <span class='ocr_line' id='line_1_32' title="bbox 323 4129 2394 4206; baseline -0.002 -22"><span class='ocrx_word' id='word_1_269' title='bbox 323 4147 427 4198; x_wconf 79' lang='lat' dir='ltr'><strong>set,</strong></span> <span class='ocrx_word' id='word_1_270' title='bbox 452 4146 545 4184; x_wconf 85' lang='lat' dir='ltr'><strong>aut</strong></span> <span class='ocrx_word' id='word_1_271' title='bbox 567 4135 740 4185; x_wconf 79' lang='lat' dir='ltr'><strong>minus</strong></span> <span class='ocrx_word' id='word_1_272' title='bbox 761 4133 1013 4186; x_wconf 69' lang='lat' dir='ltr'><strong>obediens</strong></span> <span class='ocrx_word' id='word_1_273' title='bbox 1039 4136 1086 4186; x_wconf 90' lang='lat' dir='ltr'><strong>ei</strong></span> <span class='ocrx_word' id='word_1_274' title='bbox 1110 4137 1287 4187; x_wconf 83' lang='lat' dir='ltr'><strong>fuisset</strong></span> <span class='ocrx_word' id='word_1_275' title='bbox 1300 4173 1318 4202; x_wconf 84' lang='lat'><strong>‚</strong></span> <span class='ocrx_word' id='word_1_276' title='bbox 1405 4157 1427 4181; x_wconf 73' lang='lat' dir='ltr'><strong>u</strong></span> <span class='ocrx_word' id='word_1_277' title='bbox 1446 4136 1704 4206; x_wconf 70' lang='lat' dir='ltr'><strong>corrigere</strong></span> <span class='ocrx_word' id='word_1_278' title='bbox 1721 4133 1907 4196; x_wconf 82' lang='lat' dir='ltr'><strong>filium,</strong></span> <span class='ocrx_word' id='word_1_279' title='bbox 1921 4149 2078 4203; x_wconf 87' lang='lat' dir='ltr'><strong>quam</strong></span> <span class='ocrx_word' id='word_1_280' title='bbox 2096 4129 2353 4182; x_wconf 85' lang='lat' dir='ltr'><strong>abdicare.</strong></span> <span class='ocrx_word' id='word_1_281' title='bbox 2371 4152 2394 4177; x_wconf 69' lang='lat' dir='ltr'><strong>a</strong></span> 
     </span>
     <span class='ocr_line' id='line_1_33' title="bbox 323 4208 2400 4286; baseline -0.002 -22"><span class='ocrx_word' id='word_1_282' title='bbox 323 4232 445 4264; x_wconf 83' lang='lat' dir='ltr'><strong>etun</strong></span> <span class='ocrx_word' id='word_1_283' title='bbox 475 4228 628 4284; x_wconf 84' lang='lat' dir='ltr'><strong>pater</strong></span> <span class='ocrx_word' id='word_1_284' title='bbox 661 4213 725 4265; x_wconf 85' lang='lat' dir='ltr'><strong>ad</strong></span> <span class='ocrx_word' id='word_1_285' title='bbox 750 4213 955 4286; x_wconf 87' lang='lat' dir='ltr'><strong>judices</strong></span> <span class='ocrx_word' id='word_1_286' title='bbox 980 4215 1236 4279; x_wconf 85' lang='lat' dir='ltr'><strong>vocabat,</strong></span> <span class='ocrx_word' id='word_1_287' title='bbox 1268 4230 1321 4267; x_wconf 86' lang='lat' dir='ltr'><strong>et</strong></span> <span class='ocrx_word' id='word_1_288' title='bbox 1399 4216 1567 4285; x_wconf 84' lang='lat' dir='ltr'><strong>Supra</strong></span> <span class='ocrx_word' id='word_1_289' title='bbox 1594 4213 1698 4265; x_wconf 90' lang='lat' dir='ltr'><strong>hoc</strong></span> <span class='ocrx_word' id='word_1_290' title='bbox 1723 4233 1839 4285; x_wconf 81' lang='lat' dir='ltr'><strong>cap.</strong></span> <span class='ocrx_word' id='word_1_291' title='bbox 1881 4235 1902 4258; x_wconf 86' lang='grc' dir='ltr'><strong>ιι</strong></span> <span class='ocrx_word' id='word_1_292' title='bbox 1919 4214 2083 4280; x_wconf 81' lang='lat' dir='ltr'><strong>Quasi</strong></span> <span class='ocrx_word' id='word_1_293' title='bbox 2108 4210 2267 4262; x_wconf 81' lang='lat' dir='ltr'><strong>filium</strong></span> <span class='ocrx_word' id='word_1_294' title='bbox 2301 4208 2400 4261; x_wconf 47' lang='lat' dir='ltr'><strong>ab*</strong></span> 
     </span>
    </p>
   </div>
   <div class='ocr_carea' id='block_1_4' title="bbox 320 4288 2324 4364">
    <p class='ocr_par' dir='ltr' id='par_1_4' title="bbox 320 4288 2324 4364">
     <span class='ocr_line' id='line_1_34' title="bbox 320 4288 2324 4364; baseline -0.001 -22"><span class='ocrx_word' id='word_1_295' title='bbox 320 4289 548 4359; x_wconf 73' lang='lat' dir='ltr'><strong>probata</strong></span> <span class='ocrx_word' id='word_1_296' title='bbox 570 4310 731 4345; x_wconf 78' lang='lat' dir='ltr'><strong>cama</strong></span> <span class='ocrx_word' id='word_1_297' title='bbox 755 4291 1049 4347; x_wconf 83' lang='lat' dir='ltr'><strong>abdicabat.</strong></span> <span class='ocrx_word' id='word_1_298' title='bbox 1076 4294 1156 4345; x_wconf 85' lang='lat' dir='ltr'><strong>Sic</strong></span> <span class='ocrx_word' id='word_1_299' title='bbox 1181 4291 1321 4345; x_wconf 79' lang='lat' dir='ltr'><strong>abdi-</strong></span> <span class='ocrx_word' id='word_1_300' title='bbox 1405 4315 1428 4339; x_wconf 67' lang='lat' dir='ltr'><strong><em>a</em></strong></span> <span class='ocrx_word' id='word_1_301' title='bbox 1446 4292 1673 4358; x_wconf 77' lang='lat' dir='ltr'><strong>dicaret,</strong></span> <span class='ocrx_word' id='word_1_302' title='bbox 1698 4293 1846 4364; x_wconf 78' lang='lat' dir='ltr'><strong>quasi</strong></span> <span class='ocrx_word' id='word_1_303' title='bbox 1868 4290 2166 4361; x_wconf 80' lang='lat' dir='ltr'><strong>expelleret.</strong></span> <span class='ocrx_word' id='word_1_304' title='bbox 2183 4312 2204 4336; x_wconf 74' lang='lat' dir='ltr'><strong>n</strong></span> <span class='ocrx_word' id='word_1_305' title='bbox 2234 4288 2324 4342; x_wconf 65' lang='lat' dir='ltr'><strong>Em.</strong></span> 
     </span>
    </p>
   </div>
  </div>
 </body>
</html>
