3200 5117
639 566 884 630 DECL.
930 564 1029 631 X..
1058 561 1576 630 SEPULCRUM
1623 563 2213 646 INCANTATUM.
2343 567 2464 654 23⁶7

386 686 742 759 lacrimas:
784 707 1124 784 quantam
1160 684 1352 757 enim
1382 713 1422 754 a
1460 683 1706 761 marito
1752 684 2098 782 acceperit,
2135 683 2467 784 injuriam

387 803 554 875 scire
575 804 827 876 vultis?
855 802 996 876 sola
1022 822 1240 879 mater
1270 801 1495 873 filium
1525 800 1856 898 perdidit,
1891 822 2019 871 nec
2048 820 2270 898 potest
2298 802 2472 879 invi-

386 917 575 997 diam
602 917 1087 993 faeere=morti.
1126 922 1306 988 Ante
1349 916 1581 1011 itaque
1616 940 1831 1013 quam
1864 914 2463 1014 sciatiS,.judices‚

386 1032 541 1128 quis
573 1032 813 1120 dolor,
846 1032 1085 1130 quisve
1120 1056 1402 1118 memor,
1438 1055 1592 1127 quae
1629 1050 1820 1111 tanta
1847 1027 2281 1126 impatientia
2314 1056 2471 1100 eru-

382 1147 591 1244 perit,
622 1168 702 1219 ut
729 1147 985 1219 mulier
1006 1142 1385 1242 aliquando
1411 1143 1731 1214 dulcium
1756 1142 1966 1215 oblita
1991 1143 2468 1232 tenebrarum,

351 1259 659 1333 clarum·
678 1262 977 1333 nitorem
1011 1260 1308 1358 publicae
1339 1258 1550 1346 luciS,
1584 1278 1652 1333 et
1678 1257 1868 1330 diem
1900 1258 2108 1329 etiam
2141 1259 2332 1332 domi
2366 1259 2471 1330 in-

380 1372 647 1459 visum,
675 1373 751 1443 in
778 1375 927 1445 foto
945 1428 965 1459 ,
992 1364 1304 1467 interque
1321 1369 1505 1467 leges
1533 1370 1856 1453 notabilis
1886 1392 1952 1443 et
1978 1371 2306 1470 sepulcris
2331 1372 2473 1444 abs·

378 1505 594 1571 tracta
642 1505 1022 1583 pateretur,
1069 1484 1690 1580 certum-profecto
1722 1483 2021 1571 habetis,
2064 1512 2209 1558 non
2246 1485 2469 1573 auda-

384 1596 569 1673 ciam
589 1653 609 1687 ,
655 1624 883 1696 neque
924 1596 1492 1695 impudentiam,
1548 1623 1677 1667 nec
1737 1597 2105 1670 vanitatem
2154 1625 2470 1699 unquam

384 1710 697 1811 querelas
730 1712 1054 1785 habuisse
1082 1712 1522 1789 miserorum.
1549 1711 1788 1800 Quam
1818 1739 2063 1787 verum
2094 1734 2194 1785 est
2214 1771 2233 1803 ,
2269 1715 2471 1812 quid-

385 1825 556 1923 quid
582 1825 912 1898 exclamat
933 1826 1290 1899 calamitas
1308 1882 1327 1916 ,
1358 1850 1486 1897 nec
1511 1824 1601 1897 ab
1635 1825 2024 1897 infelicibus
2049 1827 2192 1898 ficti
2220 1847 2469 1903 temere

387 1960 643 2012 exeunt
666 1940 995 2038 gemitus!
1035 1941 1323 2039 mulier,
1366 1966 1520 2039 quae
1557 1942 2052 2038 sanguinantes
2081 1941 2470 2042 adjudices

383 2056 673 2154 porrigit
712 2056 1027 2146 lacertos,
1070 2083 1223 2156 quae
1256 2057 1463 2148 scisso
1496 2057 1897 2152 laniatoque
1930 2057 2164 2147 vultu,
2200 2085 2351 2157 quae
2381 2058 2470 2129 li-

383 2169 559 2257 vidis
584 2172 925 2268 profertur
950 2170 1282 2244 uberibus
1299 2228 1319 2261 ,
1344 2196 1604 2268 magno
1634 2170 1866 2242 dolore
1892 2171 2199 2268 cogitur,
2236 2195 2314 2244 ut
2341 2174 2472 2245 hoc

386 2285 619 2383 potius
663 2308 853 2385 agat,
897 2314 1108 2385 quam
1146 2287 1408 2369 cineres
1439 2285 1820 2377 osculetur,
1862 2314 2076 2385 quam
2103 2289 2468 2386 complec-

386 2419 565 2475 tatur
598 2404 890 2475 urnam:
932 2402 1149 2500 gravis
1182 2401 1363 2473 testis
1396 2399 1694 2503 querelae
1726 2428 1865 2473 suae
1899 2401 2304 2477 orbitasest.

485 2516 569 2585 X.
624 2517 711 2587 Et
740 2537 1117 2616 antequam
1160 2518 1499 2614 adgenus
1540 2515 2010 2615 illataeinique
2046 2516 2318 2616 injuriae
2345 2544 2468 2589 ve-

386 2627 545 2714 nio,
575 2654 731 2717 cut,
760 2631 1040 2720 marite,
1072 2656 1224 2727 quae
1256 2655 1340 2700 ex
1370 2650 1436 2699 te
1468 2629 1695 2699 filium
1726 2629 2050 2725 perdidit,
2082 2630 2465 2727 quidquam

388 2761 615 2840 potest
637 2743 877 2840 queri?
901 2744 1195 2837 crudelis
1216 2742 1581 2817 orbitatem
1606 2742 1769 2813 feris
1793 2742 2022 2814 adhuc
2045 2743 2178 2813 alio
2204 2744 2467 2833 dolore,

390 2878 755 2955 tamquam
802 2885 1048 2957 parum
1095 2856 1434 2931 desideria
1475 2855 1887 2943 conficiant,
1933 2882 2085 2953 quae
2129 2857 2216 2928 de
2265 2861 2468 2932 unico

388 2971 605 3070 gerit:
642 2999 783 3044 non
820 2974 1075 3071 pateris
1103 2974 1414 3043 animam
1441 2991 1676 3039 vacare
1705 2967 2005 3039 lacrimis
2036 2970 2179 3041 suis
2211 2992 2318 3059 tu,
2349 2975 2468 3070 qui

389 3087 621 3175 sinum
654 3088 895 3180 debes,
931 3090 1052 3188 qui
1082 3087 1423 3184 colloquia
1451 3107 1518 3156 et
1545 3083 1925 3182 amplexus,
1952 3084 2192 3177 Quam
2222 3086 2471 3159 misera

391 3224 491 3275 est
518 3230 674 3301 quae
706 3207 1046 3304 queritur,
1078 3226 1147 3278 et
1174 3205 1258 3279 de
1286 3201 1530 3274 solatio
1555 3214 1571 3243 ¹
1611 3226 1737 3285 suo
1771 3226 1916 3271 non
1945 3198 2260 3300 conjugis
2290 3201 2469 3273 desi·
2573 3208 2580 3215 ’

391 3393 474 3430 tos
499 3380 702 3447 liceret,
732 3384 916 3456 {quotis
938 3385 1108 3456 exiqat
1127 3383 1378 3436 lacrimas.
1463 3367 2003 3429 contin-voluntatem.
2030 3379 2143 3428 Hoc
2165 3392 2272 3443 est,
2296 3381 2349 3431 in
2374 3379 2467 3433 tali

390 3462 583 3533 Exiqat
595 3476 674 3517 est
685 3464 915 3534 expellat
922 3504 940 3530 ,
956 3479 1014 3516 ut
1029 3467 1212 3519 Senec.
1226 3464 1381 3515 Herc.
1463 3470 1608 3513 statu
1619 3457 1774 3511 decet
1787 3457 1991 3511 bonum
2012 3459 2256 3511 maritum
2270 3459 2470 3517 deside·

391 3541 514 3593 OEt.
539 3558 557 3592 ι
569 3543 668 3610 274
680 3579 697 3607 ‚
712 3541 793 3594 vel
808 3546 1081 3617 exprimat,
1099 3558 1154 3595 ut
1170 3546 1378 3596 Terent.
1460 3540 1549 3591 riis
1565 3539 1743 3588 uxoris
1759 3537 1900 3607 large
1918 3537 2187 3607 indulgere
2205 3562 2216 3590 :
2245 3540 2375 3591 nihil
2389 3561 2469 3595 as·

390 3622 523 3673 Eun.
554 3622 604 3686 Ι,
638 3640 655 3673 1
674 3660 689 3685 ,
716 3623 980 3695 loquitur:
1004 3625 1138 3677 male
1159 3625 1385 3698 postulet
1460 3632 1614 3686 Pffl'ev
1641 3613 1769 3666 nihil
1796 3629 1977 3667 comm
1999 3615 2334 3669 Volumfllem·
2354 3623 2466 3692 “jus

393 3699 620 3770 explicat
642 3699 850 3768 Badius,
876 3705 1042 3755 Βῃῃῃ,
1465 3694 1660 3747 dicere.
1675 3695 1974 3748 Gnon.N0u
1991 3698 2247 3769 conjuqis,
2271 3698 2468 3753 habent

468 3788 510 3822 1.
547 3771 671 3841 Quoe
707 3774 964 3845 queritur,
1000 3784 1051 3824 et
1085 3775 1146 3826 de
1180 3774 1380 3838 solatio.
1467 3796 1652 3831 omnes
1674 3778 1854 3849 scripti
1873 3792 1924 3831 et
1949 3777 2104 3830 ed'ui:
2137 3803 2159 3826 α
2179 3780 2256 3831 De
2276 3779 2467 3843 solatio

390 3849 735 3905 scribendum
752 3867 859 3905 est:
881 3877 902 3899 α
918 3854 1090 3920 Quam
1107 3857 1293 3909 misera
1307 3871 1385 3909 est
1471 3880 1492 3903 ιι
1513 3859 1640 3911 suo!
1667 3878 1777 3913 non
1803 3860 2041 3930 conjugis
2074 3859 2125 3912 d.
2151 3859 2186 3911 l.
2217 3861 2465 3934 indulge;

397 3954 420 3978 ι
440 3950 555 4003 quae
574 3933 810 4003 queritur
832 3948 882 3985 et
907 3932 973 3985 de
995 3934 1183 3987 solatio
1210 3939 1338 3988 suo?
1356 3962 1377 3985 ιι
1470 3961 1493 3984 κ
1513 3952 1690 3991 tamen
1709 3939 1836 3991 nihil
1855 3957 2054 4009 aspere,
2067 3938 2198 4011 nihil
2221 3956 2418 3997 contra.
2440 3968 2461 3993 u

391 4007 493 4061 hoc
508 4012 769 4075 est,etiarn
786 4010 851 4061 de
866 4011 976 4075 ino,
989 4031 1018 4062 a
1035 4031 1138 4081 quo
1151 4013 1386 4067 consola·
1466 4020 1595 4073 Obr.
1609 4020 1699 4073 sed
1716 4020 1793 4074 Cl.
1808 4019 2008 4073 Schult.
2021 4019 2246 4073 volebat:
2266 4026 2467 4092 :Quam

390 4089 587 4141 tionem
612 4089 848 4157 accipere
871 4087 1116 4141 debebat.
1146 4091 1277 4142 Dein
1299 4091 1387 4142 tle-
1472 4120 1493 4143 ι
1515 4086 1806 4153 misen-'aest
1834 4116 1948 4167 quae
1970 4101 2208 4169 queritur
2236 4100 2301 4153 de
2325 4104 2466 4157 sola-

392 4169 495 4224 leta
520 4171 829 4241 negatione,
863 4171 1099 4242 Conjuqis
1132 4170 1385 4226 desideriis
1470 4200 1492 4223 α
1513 4181 1586 4229 tio
1623 4197 1752 4243 sun,
1789 4198 1895 4230 non
1930 4181 2168 4251 conjugis
2197 4182 2463 4245 desideriis

393 4246 536 4321 larye
559 4246 772 4321 t'nddlqe
787 4288 802 4317 ,
837 4247 974 4299 nihil
1003 4269 1174 4320 aspere
1189 4285 1209 4317 ,
1248 4250 1385 4305 nihil
1472 4280 1494 4305 c
1511 4259 1654 4329 large
1677 4259 1915 4330 indulget
1931 4297 1948 4325 ‚
1974 4274 2076 4311 etc.
2095 4285 2116 4309 ιο
