3200 5117
600 521 1053 622 ‘DECLAM
1100 557 1179 620 v.
1230 555 1509 622 AEGER
1556 555 2169 623 REDEMPTUS.
2326 558 2443 622 123

364 681 1546 781 ti8‚ambituquelacrimarum?hoc
1564 680 1727 753 vicit
1742 707 1914 781 aeger
1930 739 1949 771 ‚
1966 681 2156 783 quod
2175 707 2319 754 non
2338 708 2450 753 ro-

363 798 565 897 gabat
581 825 595 868 :
618 797 999 870 assidebam
1015 799 1267 869 misero
1280 853 1301 887 ‚
1314 796 1719 870 demittebat
1728 797 1985 887 oculos,
2001 798 2447 896 interroganti

364 939 767 1012 responsum
787 914 874 985 de
894 913 1197 984 lacrimis
1213 933 1480 985 tantum
1498 912 1901 1011 gemituque
1918 911 2248 984 reddebat
2266 940 2279 982 :
2297 939 2448 1011 age-

365 1027 482 1099 bat
512 1056 625 1101 me
652 1030 1074 1101 deliberante
1099 1029 1248 1129 jam
1280 1029 1570 1119 victum,
1606 1055 1825 1127 quum
1854 1049 2133 1128 repente
2165 1029 2449 1102 miseras

368 1167 618 1214 manus
655 1143 842 1214 velut
882 1142 1249 1215 recidentis
1287 1143 1642 1241 amplexus
1682 1144 1909 1242 posuit
1944 1144 2016 1215 in
2056 1144 2212 1216 sinu
2264 1171 2444 1216 meo.

464 1256 617 1326 XX.
652 1258 740 1327 Et
770 1283 993 1355 quum
1031 1257 1205 1327 lassa
1242 1257 1531 1354 suspiria
1578 1283 1700 1356 per
1749 1258 2061 1332 ardentes
2104 1259 2450 1332 anhelitus

368 1370 609 1468 egestis
623 1396 800 1469 saepe
816 1369 1186 1443 visceribus
1199 1429 1219 1460 ‚
1233 1398 1455 1469 quum
1472 1372 1591 1443 diu
1605 1373 1861 1447 collatis
1873 1395 2163 1473 uterque
2177 1375 2450 1473 singul-

368 1486 556 1557 tibus
593 1485 1109 1557 miscuissemus
1144 1484 1351 1557 lassas
1396 1487 1544 1558 sine
1579 1513 1740 1559 voce
1778 1489 2133 1579 lacrimam,
2166 1491 2447 1561 tandem

372 1599 611 1697 spiritu
633 1598 743 1670 vix
762 1599 835 1669 in
856 1598 1268 1698 paucissima
1285 1600 1490 1673 verba
1508 1602 1788 1676 collecto
1803 1660 1821 1692 ,
1842 1603 1969 1675 tibi
1992 1605 2278 1703 quidem
2292 1663 2312 1694 ‚
2334 1605 2451 1676 in-

372 1713 554 1810 quit,
571 1715 814 1811 gratias
828 1741 960 1812 ago
972 1772 991 1805 ,
1007 1736 1228 1814 pater,
1245 1717 1434 1814 quod
1450 1717 1931 1818 redempturus
1950 1740 2324 1818 utrumque
2339 1747 2455 1791 ve-

372 1826 533 1898 nisti
554 1854 570 1897 :
588 1854 732 1899 non
749 1828 923 1900 adeo
938 1850 1175 1901 tamen
1195 1856 1433 1902 sensus
1454 1858 1643 1905 meos
1663 1833 1960 1932 languor
1976 1834 2323 1910 hebetavit
2339 1892 2357 1924 ‚
2379 1855 2454 1906 ut

377 1944 635 2016 exitum
659 1946 1077 2018 conditionis
1101 1946 1309 2048 hujus
1334 1948 1648 2047 ignorem
1675 1976 1690 2020 ε
1722 1977 1849 2050 ego
1877 1950 2299 2040 luxuriosus,
2327 1975 2457 2046 ego

378 2059 711 2157 perditus,
741 2086 931 2132 nunc
957 2087 1114 2134 vero
1143 2086 1348 2161 super
1375 2063 1740 2135 infamiam
1771 2066 2082 2137 nominis
2105 2065 2314 2165 hujus
2339 2065 2460 2136 im·

380 2174 689 2248 morior¹.
716 2176 1004 2248 Utinam
1031 2177 1160 2249 hoc
1184 2178 1424 2254 saltem
1457 2179 1632 2250 mihi
1655 2206 1803 2252 sero
1823 2182 1962 2256 fata
1988 2194 2014 2227 ²
2036 2200 2456 2281 proestarent,

380 2312 461 2363 ut
499 2291 858 2363 residuum
901 2291 1276 2365 laborantis
1308 2293 1562 2366 animae
1596 2295 1671 2366 in
1718 2316 1839 2368 tuo
1875 2321 2290 2396 poneremus
2319 2321 2462 2366 am-

382 2405 616 2504 plexu!
647 2407 767 2479 sed
796 2409 851 2479 si
884 2435 1078 2481 mora
1100 2430 1199 2481 est
1225 2409 1499 2510 longior
1523 2410 2053 2510 properantibus
2078 2430 2460 2510 exspectare

384 2543 784 2618 pereuntem
805 2580 824 2613 ,
856 2523 950 2595 ite
982 2524 1411 2624 superstites,
1444 2528 1532 2597 ite
1560 2526 1821 2615 felices3
1850 2526 1974 2597 has
2000 2545 2271 2597 tantum
2304 2524 2464 2596 reli-

387 2639 585 2734 quias
609 2640 1086 2713 commendate
1110 2641 1375 2740 piratis,
1401 2668 1489 2713 ne
1516 2669 1783 2714 mersus
1803 2639 2189 2740 profundo,
2215 2661 2285 2712 et
2307 2666 2464 2738 pro-

377 2752 600 2853 jectus
627 2755 698 2825 in
727 2754 971 2828 fluctus
992 2813 1015 2847 ‚
1034 2758 1296 2830 exitum
1326 2758 1575 2830 faciam
1595 2757 1931 2846 hominis,
1962 2757 2049 2828 ad
2076 2782 2287 2853 quem
2318 2781 2458 2827 non

381 2869 650 2940 venerit
672 2877 899 2967 pater:
922 2871 1110 2944 unde
1131 2873 1323 2944 enim
1343 2898 1610 2970 sperare
1630 2897 1911 2970 possum
1930 2928 1950 2959 ‚
1981 2883 2057 2940 ut
2074 2868 2425 2941 revertaris
2441 2926 2461 2958 ‚

387 3003 464 3054 ut
498 2984 707 3056 facias
728 2982 797 3055 ³?
825 2988 1026 3058 Tunc
1061 3014 1266 3086 super
1316 2988 1609 3086 abrupta
1653 2987 1855 3058 verba
1905 3006 2046 3057 tota
2081 2985 2462 3058 defectione

387 3100 720 3171 conticuit
732 3158 751 3190 ‚
770 3101 1150 3201 strictisque
1167 3102 1487 3175 vitalibus
1502 3104 1682 3174 circa
1696 3102 2005 3175 dolorem
2022 3128 2230 3173 suum
2248 3126 2467 3174 mem-

385 3214 511 3287 bra
533 3215 911 3314 riguerunt.
933 3217 1321 3290 Exclamavi
1337 3276 1356 3309 ,
1386 3220 1600 3290 fateor
1617 3276 1636 3309 ,
1661 3218 1838 3318 quid
1865 3218 2011 3317 agis
2035 3215 2318 3294 infelix?
2343 3242 2468 3287 cur

393 3329 863 3429 desperatione
896 3331 1292 3405 collaberis?
1323 3333 1550 3406 attolle
1578 3335 1952 3434 paullisper
1988 3332 2259 3420 oculos,
2294 3357 2467 3402 con-

396 3445 597 3516 firma
614 3504 632 3537 ,
662 3446 835 3519 dura
857 3504 876 3537 ,
896 3443 969 3519 te‘
980 3448 1189 3520 frater
1215 3449 1419 3548 elegit
1435 3448 1487 3519 4.
1520 3451 1691 3528 Visa
1723 3472 1822 3522 est
1847 3470 1998 3549 post
2023 3449 2204 3521 hanc
2228 3474 2466 3519 vocem

467 3653 518 3716 ‚¹⁶
543 3638 832 3692 Immon'or.
854 3642 933 3693 Ita
956 3654 1013 3694 ut
1033 3645 1240 3714 expiare
1258 3644 1389 3697 infa·
1468 3642 1661 3697 frustra
1697 3643 1907 3696 liberor.
1947 3646 2164 3698 Senum.
2204 3647 2288 3696 An
2323 3661 2431 3694 non
2452 3678 2471 3708 ,

394 3719 553 3770 niam
572 3738 679 3772 non
698 3723 924 3793 possim,
940 3713 1090 3777 tanto
1106 3728 1277 3779 minus
1297 3726 1394 3778 tibi
1471 3725 1652 3778 saltem
1675 3726 1857 3777 misero
1868 3726 1992 3798 fata
2013 3724 2350 3797 proestarent?

393 3798 701 3870 placiturus.
714 3803 902 3856 Similis
912 3804 1111 3858 locutio
1124 3808 1391 3860 Dec.XIX:
1544 3803 1595 3854 3.
1627 3804 1695 3855 Ue
1705 3804 1895 3876 facias.
1920 3804 2162 3875 Abrupta
2186 3805 2353 3854 oratio
2368 3838 2385 3866 ,
2411 3812 2473 3851 ut

403 3879 724 3953 «Plerosque
767 3883 947 3951 videas
986 3887 1194 3939 fortiter
1238 3906 1396 3958 snper
1472 3903 1595 3936 mox
1607 3885 1823 3950 fatetur,
1838 3884 2037 3938 scilicet
2052 3897 2110 3936 ut
2118 3884 2293 3956 facias
2295 3885 2473 3956 justa,

405 3979 538 4012 nsua
560 3962 757 4015 scelera
782 3967 1080 4019 morientes.
1101 3990 1123 4014 ιι
1152 3966 1371 4019 Senum.
1472 3966 1555 4017 vel
1588 3969 1857 4039 exequias.-
1891 3966 2160 4019 metuebat
2195 3966 2368 4030 enim,
2405 3982 2473 4015 ne

471 4058 519 4091 2.
557 4041 680 4093 Sem
706 4042 831 4113 fata
862 4054 1178 4116 proestarent.
1216 4044 1396 4097 Malim
1474 4046 1793 4118 insepultum
1833 4066 2025 4119 corpus
2068 4046 2382 4116 abjiceretur
2419 4045 2475 4094 in

397 4122 552 4189 serio,
576 4141 718 4176 nunc
741 4143 825 4177 me
848 4126 999 4197 quasi
1020 4125 1209 4177 ludunt
1224 4164 1241 4192 ‚
1271 4126 1395 4179 dum
1477 4143 1636 4178 mare.
1665 4126 1880 4180 Senum-r.

398 4213 452 4255 te
488 4202 556 4255 ad
589 4222 674 4257 me
710 4205 1010 4276 perducunt
1044 4226 1270 4279 aegrum,
1308 4209 1397 4278 qui
1548 4208 1597 4273 4.
1628 4208 1701 4259 Te
1716 4208 1893 4277 frater
1908 4205 2076 4276 eleqit.
2104 4205 2177 4257 Te
2197 4222 2349 4275 super
2368 4201 2475 4252 ele·
