3200 5117
702 526 884 612 xxxvj
1236 523 1699 587 EDITORIS
1747 525 2236 588 PRAEFATIO

702 651 809 712 vel
851 647 1227 737 conjectura
1262 672 1523 736 possem
1546 699 1560 726 ,
1592 648 1719 711 hoc
1754 649 2157 729 Quintiliano
2185 651 2292 738 pie
2323 649 2794 714 concederem:

703 779 869 819 neve
909 772 1168 843 paterer
1208 755 1325 820 has
1366 757 1662 820 forenses
1703 755 2196 834 meditationeS‚
2241 780 2362 842 ego
2403 759 2514 846 qui
2556 760 2620 819 in
2653 759 2797 821 foro

702 862 942 925 versari
971 863 1241 939 vellem,
1271 862 1515 925 iterum
1538 862 1857 950 supprimi
1886 880 1950 924 et
1974 862 2162 925 obrui
2186 885 2197 924 :
2235 886 2339 924 me
2367 864 2611 925 nullam
2640 865 2794 942 fori,

702 972 768 1032 in
803 995 935 1059 quo
963 989 1101 1034 tum
1129 970 1291 1033 nihil
1324 970 1659 1056 agebatur,
1693 969 1937 1032 habere
1974 972 2496 1034 excusationem:
2531 972 2691 1059 quin
2727 988 2798 1035 ut

702 1076 953 1164 aliquid
1000 1076 1067 1138 in
1120 1099 1196 1138 co
1246 1076 1523 1138 maxime
1571 1091 1895 1161 ageretur,
1943 1099 2070 1162 qua
2120 1098 2264 1137 sum
2308 1092 2534 1153 aetate‚
2582 1077 2796 1141 nullos

703 1180 922 1245 adhuc
947 1182 1031 1245 ob
1063 1182 1500 1269 frequentiam
1528 1182 1782 1268 postico
1811 1203 1916 1242 me
1943 1181 2170 1242 fallere
2198 1181 2489 1245 clientes.
2524 1186 2672 1245 Non
2700 1199 2799 1247 est

706 1311 945 1350 munus
982 1288 1107 1349 hoe
1141 1305 1274 1350 tam
1319 1288 1529 1374 impar
1571 1310 1607 1349 a
1651 1309 1756 1347 me
1800 1284 2138 1373 rejiciendi
2181 1287 2395 1350 locus:
2442 1310 2562 1350 nec
2601 1287 2792 1367 mihi,

706 1392 884 1481 quod
911 1395 978 1454 C.
1006 1393 1235 1468 Laelio,
1264 1391 1668 1470 conceditur,
1694 1391 1803 1479 qui
1828 1415 2017 1455 causa
2043 1391 2379 1479 ampliata,
2405 1416 2609 1480 quum
2635 1395 2794 1456 exis·

704 1498 967 1560 timaret
995 1521 1061 1560 se
1092 1498 1258 1560 ultra
1294 1496 1454 1559 nihil
1486 1520 1709 1583 posse,
1742 1496 2050 1559 censebat
2077 1520 2334 1558 eausam
2364 1496 2446 1559 ad
2477 1499 2609 1562 Ser.
2645 1498 2793 1560 Gal-

703 1602 857 1665 bam
882 1603 1328 1667 defereudam.
1355 1606 1579 1666 Victus
1613 1626 1768 1688 ergo
1796 1626 1929 1665 non
1958 1619 2088 1665 tam
2120 1602 2559 1689 proculdubio
2589 1605 2796 1692 preci-

704 1708 867 1788 bus,
923 1734 1118 1798 quam
1168 1710 1526 1774 multorum
1579 1711 1872 1773 virorum
1920 1711 2342 1784 auctoritate,
2399 1729 2538 1773 tum
2589 1708 2794 1800 quum

708 1817 900 1877 etiam
936 1822 1043 1898 (ut
1074 1819 1289 1880 minus
1319 1817 1480 1879 mihi
1517 1816 1677 1880 vitio
1706 1817 1875 1879 verti
1910 1817 2150 1903 possit)
2179 1840 2406 1880 omnes
2441 1818 2654 1879 omnia
2688 1840 2794 1880 ve·

709 1937 920 1985 terum
940 1923 1231 1987 instituta
1256 1941 1319 1986 et
1342 1941 1763 1986 monumenta
1789 1924 2133 1985 restituere
2157 1941 2221 1985 et
2244 1946 2565 2009 reponere
2587 1922 2797 1986 videri

705 2029 969 2108 volunt,
1002 2033 1476 2111 Quintilianum
1499 2081 1512 2106 ,
1547 2054 1744 2116 quam
1781 2053 2082 2115 possum,
2119 2029 2384 2093 tandem
2425 2029 2796 2095 cunctando

708 2136 847 2222 ipse
883 2136 1190 2212 restituo,
1231 2160 1305 2199 ac
1346 2138 1411 2198 in
1451 2139 1663 2199 lucem
1697 2161 1772 2198 ex
1806 2137 2036 2198 misera
2072 2136 2481 2216 conditione,
2515 2139 2699 2224 quasi
2730 2138 2794 2201 in

705 2241 1077 2306 libertatem
1106 2267 1356 2322 assem,
1383 2243 1683 2306 vindico:
1721 2246 1809 2305 sic
1837 2261 2084 2321 tamen,
2122 2260 2193 2307 ut
2224 2245 2534 2333 quoniam
2566 2244 2760 2307 nullis
2780 2295 2794 2324 ‚

705 2347 832 2410 nisi
878 2371 955 2409 ex
998 2349 1262 2436 ingenio
1308 2369 1531 2413 nostro
1573 2350 1791 2438 (quod
1837 2351 2048 2415 sentio
2089 2375 2287 2441 quam
2330 2352 2412 2414 sit
2455 2352 2801 2438 exiguum)

711 2471 1041 2543 tamquam
1073 2481 1106 2519 e
1135 2456 1333 2520 domo
1359 2457 1661 2522 adductis
1687 2459 2213 2545 probationibu3‚
2242 2483 2365 2522 nee
2388 2459 2637 2547 absque
2668 2459 2796 2522 ulla

707 2560 949 2626 codicis
979 2564 1245 2628 alterius
1284 2564 1446 2640 lide,
1474 2567 1679 2628 veluti
1716 2590 2063 2653 sponsore,
2100 2565 2498 2655 assiduoque
2533 2565 2795 2654 fidejus-

710 2690 855 2731 sore
886 2668 1213 2756 judicium
1252 2672 1498 2758 agitur:
1538 2673 1753 2736 caeteri
1791 2673 2073 2736 liberum
2111 2671 2428 2751 habeant,
2466 2670 2626 2760 quid
2663 2694 2802 2734 om-

709 2777 867 2838 nino
892 2778 1107 2864 sequi,
1133 2797 1198 2842 et
1221 2780 1651 2868 projudicato
1673 2779 1916 2844 habere
1938 2781 2161 2843 velint.
2185 2778 2360 2860 Quid
2387 2779 2800 2867 praestiterim

712 2908 843 2946 non
883 2907 1104 2946 meum
1154 2904 1254 2948 est
1291 2887 1529 2950 dicere.
1576 2891 1719 2951 Hoc
1757 2912 1964 2950 unum
2006 2887 2333 2950 affirmare
2371 2887 2616 2963 ausim,
2649 2909 2795 2949 cum

709 2989 925 3078 aliqua
974 3013 1149 3055 nunc
1198 2991 1634 3056 delectatione
1674 3009 1736 3055 et
1787 2992 2062 3056 utilitate
2112 2992 2225 3055 has
2275 2989 2798 3054 Declamationes

708 3096 836 3183 legi
871 3120 1096 3183 posse,
1133 3121 1281 3186 quae
1312 3099 1415 3161 vix
1447 3116 1638 3161 antea
1666 3115 2001 3187 poterant,
2037 3098 2154 3161 etsi
2187 3097 2601 3161 exstitissent.
2633 3097 2798 3160 Sane

713 3227 919 3291 quum
959 3206 1392 3293 intelligerem
1433 3205 1535 3284 id,
1578 3207 2238 3295 quantulumcunque
2278 3207 2390 3283 sit,
2419 3202 2598 3292 quod
2637 3224 2798 3290 prae·

713 3309 843 3372 stiti
863 3359 879 3387 ,
909 3310 1063 3374 viris
1089 3310 1481 3377 doctissimis
1513 3313 1665 3376 satis
1695 3312 2040 3399 approbari
2069 3335 2081 3374 ;
2124 3311 2297 3373 inter
2327 3332 2493 3397 quos
2529 3307 2797 3370 honoris

714 3429 779 3476 et
820 3416 1079 3480 virtutis
1127 3439 1317 3481 causa
1361 3418 1630 3481 nomino
1678 3420 1733 3480 J.
1781 3420 2189 3506 Ferrerium‚
2242 3418 2313 3478 F.
2363 3412 2797 3490 Balduinum,

714 3520 780 3582 B.
832 3522 1274 3602 Brissonium,
1326 3526 1395 3586 L.
1441 3548 1476 3587 a
1517 3527 1816 3606 Quercu,
1863 3546 2148 3611 quorum
2192 3523 2259 3585 in
2298 3520 2398 3584 his
2433 3516 2689 3608 judicio
2735 3535 2801 3581 et
2859 3597 2864 3604 ἠ

714 3649 915 3713 opera
945 3652 1098 3692 sane
1125 3653 1322 3718 quam
1353 3653 1510 3694 usus
1536 3654 1683 3694 sum
1714 3629 2142 3706 familiariter,
2169 3629 2359 3691 facile
2389 3624 2693 3714 permisi,
2732 3625 2798 3686 in

710 3733 930 3796 lucem
969 3734 1036 3797 id
1072 3736 1310 3814 exiret,
1347 3756 1497 3799 eum
1533 3738 1787 3825 aliquot
1830 3737 1994 3798 meis
2040 3734 2123 3798 ad
2168 3733 2581 3797 obscuriores
2620 3732 2800 3794 locos

713 3840 886 3902 notis
915 3857 979 3903 et
1002 3839 1712 3907 animadversionibus:
1747 3844 1815 3905 in
1842 3841 2112 3930 quibus,
2140 3863 2223 3903 ne
2250 3860 2518 3927 quoque
2546 3836 2801 3922 longior

716 3966 925 4008 essem
941 3994 957 4024 ,
980 3947 1475 4034 castigationum
1499 3965 1565 4012 et
1584 3948 2124 4012 emendationum
2146 3962 2518 4009 nostrarum
2540 3964 2799 4006 causam

716 4067 781 4113 et
819 4051 1139 4116 rationem
1178 4053 1317 4117 fere
1357 4077 1489 4119 non
1532 4055 1759 4132 attuli,
1803 4054 1982 4141 quod
2021 4073 2420 4140 unaquaque
2463 4047 2800 4113 Declamas

717 4156 892 4222 tione
921 4159 1085 4224 lecta
1118 4161 1321 4225 semel
1347 4184 1422 4226 ae
1449 4162 1723 4237 iterum,
1755 4160 1944 4224 facile
1978 4160 2150 4223 bene
2174 4157 2500 4248 judioenti
2526 4175 2799 4244 appare·
