3200 5117
808 574 933 658 390
1314 577 1403 637 M.
1455 575 1704 637 FABII
1752 573 2396 656 QUINTILIANI

806 723 1013 766 num:
1042 697 1279 766 inhibe
1308 697 1507 782 ictus3
1540 697 1868 766 subtrahe
1899 695 2273 794 paullisper
2304 697 2530 793 ignes:
2558 692 2913 792 quidquid

809 832 907 881 est
932 811 1118 907 quod
1148 812 1419 898 eruisti,
1449 812 1680 909 profer
1699 811 1771 881 in
1794 812 2151 898 medium;
2190 829 2546 882 memento
2573 830 2641 880 te
2660 811 2907 882 fecisse

811 926 895 997 de
929 926 1095 1015 filio,
1129 948 1407 1024 propter
1432 927 1622 1024 quod
1652 927 1773 998 tibi
1801 955 1942 996 non
1966 927 2215 997 debeat
2244 925 2455 997 credi.
2480 924 2673 1016 Quid
2704 925 2915 1023 spiri-

809 1063 959 1112 tum
992 1040 1225 1112 dolore
1253 1041 1668 1140 praecipitas?
1688 1042 1860 1139 quid
1889 1042 2151 1111 miserae
2181 1039 2534 1112 intervalla
2554 1040 2909 1138 patientiae

809 1157 1141 1255 pertinaci
1181 1156 1581 1228 crudelitate
1623 1157 2017 1244 continuaS,
2052 1157 2105 1226 si
2137 1157 2387 1228 frustra
2420 1155 2546 1227 tibi
2583 1157 2909 1228 sufficere

812 1272 1062 1358 credis,
1092 1272 1279 1368 quod
1309 1271 1643 1358 audieriS,
1674 1272 2032 1360 nuntiare,
2068 1270 2416 1369 proferre?
2449 1270 2801 1343 incestum
2833 1290 2913 1341 ut

812 1386 1164 1474 credatur,
1193 1384 1338 1482 ipse
1374 1385 1578 1454 debet
1608 1385 1856 1455 audiri.
1890 1386 2202 1456 Mirabar
2231 1406 2297 1455 et
2324 1412 2486 1482 ego,
2507 1385 2821 1484 judices,
2854 1384 2909 1455 si

813 1523 957 1571 tam
1007 1499 1313 1570 nefanda
1349 1499 1628 1597 quaestio
1670 1499 1885 1570 alium
1931 1500 2189 1570 exitum
2236 1499 2565 1597 potuisset
2607 1499 2910 1588 habere,

811 1645 1029 1716 quam
1069 1638 1399 1687 mortem:
1435 1617 1544 1688 hic
1586 1638 1687 1686 est
1723 1614 2065 1714 parricidii
2103 1615 2369 1712 pudor;
2409 1616 2503 1687 sic
2532 1615 2909 1703 desinunt,

812 1762 964 1830 quae
1000 1734 1301 1831 incipere
1341 1760 1484 1805 non
1520 1732 1781 1803 debent
1819 1760 1832 1801 ;
1886 1732 2151 1803 facinus
2196 1732 2590 1829 quaestionis
2613 1789 2632 1821 ,
2684 1734 2911 1829 operis

812 1850 1062 1921 scelere
1089 1847 1386 1948 majore,
1423 1848 1599 1919 exire
1628 1847 1749 1917 tibi
1781 1847 2033 1917 videris
2065 1874 2186 1943 per
2216 1847 2600 1918 orbitatem.
2634 1848 2913 1919 Scimus

815 1965 1004 2036 unde
1025 1964 1288 2035 venerit
1313 1964 1442 2035 ista
1462 1962 1840 2048 contenti03
1866 1962 2044 2032 nihil
2066 1963 2342 2033 extorsit
2361 1963 2613 2034 saevitia
2632 1961 2909 2034 misero:

816 2081 1031 2151 vincit
1074 2101 1545 2179 torquentem,
1582 2079 1703 2177 qui
1749 2077 2108 2149 occiditur.
2144 2078 2448 2179 Jamjam
2485 2105 2630 2150 non
2660 2078 2909 2168 miror,

814 2196 1003 2294 quod
1047 2217 1200 2294 post
1247 2196 1370 2265 ista
1417 2222 1558 2265 non
1601 2193 1814 2264 habes
1848 2222 2121 2282 vocem,
2163 2195 2368 2265 verba
2403 2220 2546 2264 non
2589 2193 2909 2264 invenis:

816 2310 1111 2380 unicum
1144 2311 1290 2381 sine
1323 2331 1484 2380 teste
1521 2310 1868 2394 lacerasti,
1904 2310 2193 2380 unicum
2240 2308 2582 2399 occidisti;
2612 2309 2741 2382 soli
2780 2309 2910 2380 tibi

816 2425 1068 2495 deinde
1096 2446 1342 2495 notum
1369 2424 1465 2493 vis
1487 2425 1706 2494 videri
1738 2424 1958 2495 celare
1994 2425 2265 2495 facinus
2285 2482 2302 2512 ,
2340 2445 2406 2496 et
2441 2425 2512 2495 in
2539 2425 2911 2523 parricidio

815 2539 1061 2637 quaeris
1099 2539 1382 2610 aliunde
1413 2539 1754 2611 tristitiam
1784 2568 1796 2609 :
1833 2562 2244 2639 praepostera
2272 2566 2375 2612 res
2401 2561 2500 2612 est
2531 2541 2760 2612 filium
2795 2566 2911 2612 oc-

816 2656 1065 2744 cidere,
1094 2655 1348 2725 deinde
1377 2656 1775 2726 erubescere
1803 2683 1817 2726 :
1851 2659 1949 2726 fas
1981 2684 2121 2726 non
2151 2678 2271 2744 est,
2295 2684 2438 2728 non
2462 2684 2605 2728 esse
2636 2679 2908 2745 notum,

819 2790 1096 2868 propter
1146 2769 1334 2868 quod
1387 2797 1457 2841 se
1514 2771 1856 2868 parricida
1904 2793 2101 2869 putat
2151 2772 2625 2844 innocentem.
2683 2773 2911 2869 Eligas

819 2907 1055 2956 utrum
1085 2885 1302 2974 voleS,
1337 2907 1457 2955 aut
1490 2906 1832 2957 tormenta
1867 2887 2157 2957 damnes
2186 2913 2462 2957 necesse
2498 2907 2629 2976 est,
2668 2906 2788 2957 aut
2814 2884 2912 2956 si-

819 3000 1164 3070 lentium:
1219 3001 1406 3095 quod
1454 3026 1596 3069 non
1644 2999 1850 3069 debet
1892 3001 2211 3088 indicari,
2249 3001 2458 3099 quaeri
2503 3028 2648 3072 non
2684 3000 2909 3072 debet.

821 3115 1039 3186 Possis
1082 3115 1296 3187 videri
1344 3116 1645 3186 fortassis
1674 3171 1691 3204 ,
1740 3114 2215 3187 crudelissime
2263 3143 2504 3205 senex,
2554 3115 2913 3187 silentium

823 3231 962 3300 filio
992 3251 1339 3328 praestare,
1377 3229 1432 3299 si
1462 3231 1750 3302 viveret:
1799 3252 2211 3329 consumpta
2243 3253 2339 3303 est
2371 3232 2638 3329 paterni
2673 3231 2913 3303 nomi-

821 3344 928 3414 nis
983 3343 1259 3441 religio,
1315 3344 1542 3413 omnis
1586 3344 1850 3441 pietatis
1890 3345 2162 3416 sublata
2202 3346 2621 3416 reverentia:
2678 3346 2735 3417 si
2783 3344 2913 3416 hoc

822 3461 939 3531 ille
972 3463 1256 3550 meruit,
1298 3483 1364 3531 et
1392 3488 1643 3559 parum
1675 3462 1745 3531 in
1780 3464 2188 3557 quaestione,
2238 3489 2485 3561 parum
2517 3461 2801 3534 ultionis
2836 3461 2910 3533 in

819 3596 1035 3647 morte
1062 3597 1178 3646 est.
1205 3577 1575 3646 Vindicare
1607 3577 1702 3646 vis
1738 3578 2286 3649 confessionem?
2316 3578 2559 3649 traduc
2590 3578 2910 3668 cadaver,
2952 3647 2961 3652 .

822 3715 887 3762 ct
922 3718 1127 3788 super
1157 3692 1275 3762 illa
1311 3693 1601 3762 vulnera
1637 3720 1878 3764 omnes
1905 3721 2087 3792 pone
2116 3721 2353 3766 causas
2382 3723 2395 3764 ε
2435 3721 2579 3766 non
2611 3716 2713 3766 est
2737 3695 2912 3796 ejus-

820 3806 982 3876 dem
1012 3807 1239 3894 fateri,
1278 3833 1402 3878 cur
1437 3809 1744 3897 torseriS,
1782 3830 1847 3879 et
1878 3829 2132 3898 tacere,
2167 3837 2291 3881 cur
2314 3809 2666 3881 occideris·

919 3921 1071 3990 XV.
1127 3921 1320 4010 Quid
1364 3924 1499 4012 εἰς,
1558 3923 1984 3995 severissime
2029 3924 2419 4023 parricida?
2461 3925 2695 3996 filium
2737 3950 2912 3995 con·-

820 4036 1169 4133 sumpsisti
1192 4064 1313 4134 per
1338 4037 1611 4137 flagella
1627 4096 1644 4127 ,
1673 4067 1790 4136 per
1812 4040 2129 4110 laminas.
2154 4044 2352 4112 Potes
2370 4039 2634 4113 tacere?
2658 4040 2915 4112 viscera

824 4148 905 4219 de
933 4149 1067 4219 tuis
1095 4174 1426 4251 concepta
1453 4153 1802 4244 vitalibuS,
1829 4154 2245 4253 sanguinem
2263 4213 2281 4244 ,
2314 4156 2435 4254 qui
2458 4154 2543 4227 de
2569 4178 2691 4228 tua
2714 4154 2916 4227 fluxit

823 4264 1098 4354 anima,
1133 4292 1275 4336 non
1308 4268 1611 4359 insania,
1646 4296 1789 4340 non
1823 4271 2087 4359 furore,
2124 4265 2274 4358 sed',
2312 4291 2660 4369 qnantum
2688 4269 2791 4344 vis
2822 4269 2917 4341 vi-

1764 4521 1783 4556 0
