3200 5117
919 500 1191 606 Dect).
1243 543 1362 609 1x.
1413 547 1991 620 GLAnlATon.
2219 510 2226 521 ³
2374 584 2499 654 209

418 655 675 746 evinci,
700 685 1135 760 quamquam
1154 691 1229 737 se
1252 693 1397 740 non
1422 673 1949 769 superfuturum
1982 677 2244 779 alioqui
2270 686 2503 762 mina-

416 767 639 863 batur,
683 772 894 873 idque
943 803 1169 849 unum
1214 782 1614 856 affirmabat
1656 786 2007 883 interesse,
2053 814 2286 869 utrum
2322 803 2499 875 vica-

414 884 600 959 rium
618 888 906 962 mallem
924 892 1175 965 habere
1190 898 1425 970 mortis
1439 957 1457 989 ‚
1477 927 1568 971 an
1585 903 1912 976 comitem
1931 934 1945 977 ε
1970 935 2114 981 non
2130 912 2283 987 vici.
2301 918 2498 1008 Quid

415 1000 625 1099 igitur
674 1026 908 1078 actum
952 1008 1038 1079 sit
1077 1011 1415 1107 quaeritis?
1457 1014 1651 1086 duxit
1692 1045 1803 1089 me
1853 1022 1941 1092 ad
1986 1032 2493 1125 munerarium,

404 1116 704 1216 judices:
743 1149 913 1217 quas
947 1150 1073 1221 ego
1107 1125 1292 1199 illius
1327 1156 1588 1227 preces,
1627 1159 1844 1229 quam
1879 1140 2256 1235 pertinaces
2289 1146 2495 1222 lacri-

412 1259 560 1304 mas
578 1292 597 1322 ,
624 1261 837 1330 quam
860 1238 1328 1313 miserabilem
1351 1245 1878 1321 obtestationem
1901 1252 2076 1325 vidi!
2103 1283 2314 1331 nemo
2343 1291 2494 1336 um-

412 1372 629 1443 quam
652 1349 746 1421 sic
770 1352 1031 1448 rogavit
1054 1355 1452 1428 missionem
1477 1386 1491 1429 :
1517 1362 2025 1438 transferuntur
2052 1369 2124 1441 in
2153 1372 2357 1447 illum
2383 1378 2493 1450 de-

412 1484 628 1536 tracta
678 1468 945 1564 corpori
988 1496 1146 1542 meo
1194 1498 1418 1563 arma,
1472 1496 1539 1546 et
1587 1478 1769 1549 male
1817 1484 2062 1581 aptatis
2104 1488 2492 1592 insignibus

410 1576 811 1651 festinatum
838 1608 963 1679 par
995 1584 1424 1681 producitur.

505 1693 624 1763 IX.
655 1694 849 1784 Quid
874 1723 987 1768 me
1012 1697 1395 1785 admonetis
1419 1696 1903 1804 supremarum
1928 1716 2136 1789 amici
2165 1722 2303 1795 mei
2331 1753 2492 1823 pre-

409 1833 607 1897 cum,
653 1809 908 1905 quibus
949 1813 1092 1885 haec
1130 1816 1496 1911 alimenta,
1543 1850 1697 1896 caro
1733 1851 1991 1926 empta,
2036 1833 2228 1935 inopi
2280 1845 2491 1938 patris

407 1926 739 1998 senectuti
763 1928 1015 2025 petita?
1034 1931 1467 2032 adjutorium
1493 1937 1623 2011 boc
1649 1943 1734 2013 ad
1756 1969 2036 2020 causam
2057 1954 2354 2049 putatis?
2378 1985 2491 2032 me

405 2039 653 2135 pudet,
680 2042 871 2140 quod
892 2066 1164 2143 rogatus
1190 2075 1368 2122 sum.
1394 2054 1520 2123 Per
1539 2053 1755 2144 hanc⁷
1782 2057 2038 2157 inquit,
2065 2065 2243 2138 mihi
2263 2068 2490 2146 lucem

406 2152 758 2245 ultimam,
794 2159 917 2254 per
950 2160 1380 2235 notissimam
1416 2169 1670 2241 amoris
1699 2174 1914 2244 nostri
1947 2177 2194 2269 fidem,
2230 2210 2374 2258 non
2407 2190 2491 2260 si-

400 2295 528 2369 nas
576 2273 972 2346 mendicare
1025 2298 1391 2374 parentem
1435 2309 1717 2355 meum:
1762 2291 2125 2385 sustineas,
2176 2300 2489 2400 adjuves,

403 2408 673 2482 praestes
708 2383 1070 2479 affectum,
1109 2392 1165 2464 si
1203 2421 1510 2469 mereor:
1551 2419 1630 2469 tu
1668 2399 1757 2471 sis
1790 2402 1892 2473 illi
1929 2407 2223 2484 vicarius
2266 2443 2487 2492 meus.

403 2499 545 2568 Nec
567 2499 766 2596 plura
787 2501 1058 2575 dicendi
1082 2525 1356 2603 tempus
1380 2508 1542 2596 fuit3
1556 2509 1847 2611 jamque
1869 2544 2193 2618 suprema
2220 2554 2344 2626 per
2368 2559 2491 2630 ga.

403 2609 586 2682 leam
598 2612 928 2686 dederam
940 2618 1197 2707 oscula,
1210 2618 1668 2721 digressisque
1680 2626 1751 2697 in
1766 2629 2111 2706 diversum
2129 2654 2144 2682 ¹
2162 2642 2492 2719 ministris

403 2726 779 2821 permissus
806 2729 995 2800 Mars
1018 2752 1183 2802 erat.
1222 2734 1289 2804 O
1318 2748 1529 2830 quam
1561 2739 1883 2815 sollicitus
1916 2753 2242 2844 spectavi!
2270 2783 2487 2855 quam

401 2841 696 2913 attonita
724 2842 987 2914 mente!
1018 2872 1230 2943 quam
1260 2847 1470 2920 simili
1501 2855 1806 2951 corporis
1839 2862 2061 2932 motu!
2098 2871 2361 2962 quoties
2395 2874 2484 2947 ad

399 2954 730 3029 infestum
766 2984 1208 3051 mucronem,
1244 2965 1442 3062 quasi
1473 2965 1620 3064 ipse
1654 2989 1941 3068 peterer‚
1977 3002 2091 3049 me
2125 2988 2482 3062 summisi!

403 3073 668 3168 quoties
702 3074 788 3144 ad
820 3096 1110 3148 conatus
1141 3100 1401 3151 erectus
1436 3083 1626 3155 sum!
1665 3086 1733 3157 O
1772 3089 2021 3165 misera
2050 3097 2405 3195 cogitatio!
2442 3135 2483 3178 o

401 3187 693 3259 crudelis
720 3211 967 3263 natura
999 3195 1260 3268 metus!
1293 3200 1541 3271 merito
1572 3221 1686 3291 tu,
1716 3205 1976 3296 amice,
2009 3238 2323 3311 pugnare
2353 3247 2488 3295 ma-

400 3296 610 3371 luisti.
643 3304 938 3377 Facinus
973 3307 1376 3408 indignum‚
1414 3314 1615 3386 illum
1653 3320 2007 3415 animum,
2044 3326 2244 3401 illum
2277 3335 2484 3409 ardo-

404 3437 550 3484 rem
585 3441 728 3489 non
761 3423 1124 3521 contigisse
1157 3430 1423 3520 castris,
1465 3459 1608 3507 non
1645 3436 1908 3512 bellicis
1949 3448 2477 3544 certaminibus,

402 3523 523 3595 ubi
558 3554 718 3602 vera
748 3532 990 3625 virtuS‚
1027 3539 1221 3611 nulla
1252 3548 1615 3642 pugnandi
1650 3548 1797 3648 lege
1830 3558 2200 3652 praemium
2234 3566 2481 3638 scribi-

399 3638 541 3711 tur!
580 3668 716 3740 qua
748 3647 814 3717 vi
856 3651 1175 3748 praelium
1212 3656 1582 3749 invaserat,
1620 3664 1827 3740 iratus
1866 3671 2252 3751 etiamnum
2294 3702 2480 3754 tam-

400 3779 616 3851 quam
649 3758 1030 3836 adversario
1063 3795 1251 3860 meo,
1286 3772 1374 3844 ad
1409 3798 1654 3848 onmes
1688 3779 1984 3881 impetus
2019 3791 2481 3890 excipiebatur

426 4050 429 4055 ,
476 4022 519 4057 1.
537 4006 808 4065 ministris.
834 4015 1031 4083 Quales
1054 4020 1110 4071 hi
1134 4024 1385 4079 ministri?
1484 4054 1507 4077 α
1526 4045 1693 4086 tracta
1711 4040 1925 4108 corpori
1941 4058 2058 4091 meo
2081 4060 2255 4111 arma,
2272 4060 2325 4099 et
2343 4050 2477 4102 male

395 4102 587 4157 nempe
624 4107 851 4159 quorum
888 4113 1052 4168 opera
1088 4097 1286 4154 lanistae
1317 4107 1400 4157 usi
1484 4132 1505 4155 οι
1526 4115 1718 4183 aptatis
1737 4115 2028 4185 insignibus
2051 4120 2355 4176 festinatum
2380 4146 2480 4197 par

396 4164 463 4216 ad
484 4170 751 4224 ornandos
769 4174 1116 4245 gladiator-<³03
1138 4194 1199 4232 ut
1215 4183 1398 4252 paullo
1485 4214 1507 4237 a
1526 4194 1855 4263 producitur.
1875 4220 1896 4243 ι
1916 4196 2480 4277 Semnan—Digressu-

394 4260 516 4300 ante
537 4272 549 4301 :
581 4274 604 4298 α
623 4253 1039 4313 Transfer-untur
1061 4262 1113 4329 in
1136 4261 1287 4317 illum
1307 4265 1397 4319 de—
1479 4288 1578 4341 que
1594 4294 1610 4322 :
1636 4273 1848 4344 plurimi
1873 4294 1979 4328 non
2004 4277 2201 4332 habent
2220 4299 2334 4351 que.
2363 4286 2452 4336 En.

620 4338 666 4390 5.
2140 4368 2203 4435 14
