3200 5117
813 522 929 587 166
1308 519 1400 584 M.
1451 516 1698 581 FABH
1747 515 2383 600 QUINTILIANI

803 645 1054 713 viatus·
1093 640 1398 737 agnoscit
1427 640 1716 710 assiduis
1748 639 2110 737 suppliciis
2141 639 2380 709 durata
2414 639 2751 736 patientia
2773 697 2792 729 ,
2824 661 2893 711 et

803 758 1073 827 homini
1109 782 1247 827 non
1280 778 1379 826 est
1408 783 1579 825 nova
1613 782 1713 825 res
1745 755 1943 826 dolor
1974 756 2275 852 corporis
2310 755 2659 853 appliciti,
2701 755 2891 853 quod

804 877 1007 945 scissa
1039 875 1461 971 lacerataque
1491 895 1671 943 veste
1707 874 2014 970 primum
2049 874 2224 943 ferre
2253 899 2390 942 non
2427 893 2642 969 potest
2674 871 2893 968 pudo-

806 1019 988 1080 rem,
1039 991 1228 1088 quod
1266 990 1481 1059 nescit
1524 988 1612 1058 ad
1649 988 2082 1084 flagellorum
2128 988 2302 1058 vices
2347 986 2669 1058 membra
2702 1014 2896 1058 com-

805 1133 1093 1204 ponere,
1120 1132 1246 1175 nec
1269 1104 1412 1175 ullo
1434 1104 1710 1173 verbera
1737 1104 1990 1200 frangit
2014 1130 2325 1174 occursu.
2354 1105 2493 1174 Nos
2517 1159 2534 1189 ,
2567 1104 2855 1200 inquam
2872 1161 2891 1191 ,

804 1248 1082 1309 sumuS,
1142 1249 1314 1318 quos
1377 1222 1558 1317 leges
1612 1246 2118 1316 supervacuum
2165 1240 2490 1318 putavere
2543 1219 2848 1315 torqueri
2876 1246 2889 1287 :

807 1339 990 1407 unde
1017 1337 1221 1408 nobis
1250 1339 1426 1407 inter
1452 1338 1575 1406 ista
1606 1334 1992 1405 secretum?
2021 1336 2087 1404 in
2120 1335 2481 1405 tormentis
2511 1333 2731 1403 libero
2760 1333 2893 1404 ho·-

806 1454 980 1523 mini
1020 1479 1195 1550 opus
1239 1474 1336 1523 est
1372 1452 1742 1551 patientia,
1783 1473 1855 1521 ut
1896 1478 2137 1522 verum
2173 1451 2372 1523 dicat.
2410 1449 2542 1521 Sed
2569 1506 2586 1538 ,
2628 1449 2892 1546 inquit,

809 1569 962 1637 ideo
981 1570 1280 1665 torqueri
1306 1595 1448 1639 non
1472 1567 1677 1638 debes
1694 1624 1711 1654 ,
1727 1568 1893 1665 quia
1910 1567 2115 1664 exigis
2132 1623 2149 1653 ,
2169 1587 2248 1637 ut
2264 1562 2673 1663 torquearis:
2698 1562 2893 1634 aliud

807 1706 1001 1773 sunt,
1038 1684 1359 1773 inimice,
1395 1703 1740 1754 tormenta
1765 1741 1782 1771 ,
1826 1682 2016 1753 aliud
2051 1681 2222 1753 velle
2267 1679 2594 1779 torqueri.
2633 1679 2892 1750 Felices

807 1801 1005 1870 illos²
1041 1801 1159 1899 qui
1196 1826 1506 1871 recusare
1532 1797 1983 1871 voluerunt³z
2022 1820 2323 1869 meretur
2347 1796 2791 1868 elementiam
2828 1816 2894 1866 et

804 1916 1109 1986 favorem
1134 1974 1151 2003 ,
1186 1916 1500 2013 quisquis
1531 1914 1618 1985 ad
1656 1915 1770 1985 illa
1806 1937 2108 1987 tremens
2142 1912 2611 2011 exanimisque
2641 1912 2894 2010 perdu-

806 2030 1012 2116 citur,
1041 2056 1249 2126 quem
1270 2030 1377 2097 vix
1403 2056 1444 2099 a
1465 2029 1755 2125 genibus
1782 2049 1990 2099 tortor
2013 2027 2330 2117 abducit,
2354 2027 2463 2097 eui
2481 2028 2632 2127 jam
2656 2026 2890 2097 scissas

803 2172 1081 2241 quoque
1117 2143 1401 2215 difficile
1441 2144 1651 2241 possis
1687 2145 1946 2242 eripere
1985 2166 2214 2214 vestes,
2253 2147 2398 2241 Ego
2439 2142 2894 2240 quemadmo—

806 2260 979 2329 dum
1016 2260 1216 2330 vultis
1260 2261 1608 2356 deprecer,
1645 2261 1762 2357 qui
1809 2261 2045 2331 videor
2084 2288 2478 2358 provocasse
2527 2259 2893 2330 tortorem?

810 2374 955 2464 ille,
988 2376 1101 2445 ille
1126 2377 1270 2446 sine
1298 2377 1444 2447 ulla
1476 2378 1914 2447 miseratione
1947 2378 2300 2465 laceratur,
2332 2377 2438 2449 cui
2472 2378 2557 2447 ad
2584 2374 2892 2473 singulos

811 2489 981 2559 ictus
1012 2489 1287 2579 dieitur,
1320 2491 1464 2587 ipse
1490 2491 1765 2562 voluisti
1793 2519 1806 2561 :
1840 2520 2056 2589 quem
2084 2521 2222 2563 non
2251 2492 2443 2563 decet
2468 2518 2742 2589 rogare,
2773 2489 2888 2588 qui

808 2605 1110 2675 creditur
1140 2604 1399 2703 fingere
1432 2606 2032 2703 proclamatione5‚
2070 2607 2393 2678 simulare
2428 2605 2769 2704 gemitus:
2807 2606 2890 2677 de

808 2747 947 2817 quo
974 2720 1282 2818 primum
1313 2721 1638 2793 videntur
1663 2724 2081 2795 vindicanda
2116 2746 2475 2794 tormenta.

906 2840 1091 2908 Vlll.
1129 2840 1285 2909 Non
1325 2838 1638 2927 invenio,
1666 2840 1972 2939 judiceS,
2009 2841 2180 2939 quid
2218 2867 2487 2938 sperare
2527 2839 2738 2937 possit
2771 2838 2890 2936 qui

807 2955 1178 3044 mentitur,
1216 2976 1281 3026 et
1313 2956 1521 3053 exigit
1554 2956 2043 3054 quaestionem:
2083 2957 2388 3046 homini,
2423 2956 2547 3054 qui
2578 2957 2723 3026 vult
2757 2976 2893 3026 tor-

807 3070 1039 3167 queri,
1084 3069 1208 3140 diu
1251 3097 1392 3141 non
1435 3072 1760 3160 creditur,
1801 3099 1927 3141 nec
1966 3099 2208 3143 verum
2245 3070 2542 3142 dicenti:
2585 3097 2713 3141 nec
2753 3091 2888 3157 est,

797 3185 1101 3281 judices,
1128 3185 1318 3281 quod
1347 3185 1606 3283 putetis
1633 3185 1806 3256 adeo
1835 3186 2012 3257 mihi
2040 3186 2496 3257 tristissimam
2524 3185 2887 3257 orbitatem

886 3380 926 3412 1.
954 3364 1085 3412 Tum
1119 3364 1387 3415 cruciatus.
1418 3365 1585 3431 Quum
1614 3367 1812 3416 cruciat

808 3441 929 3491 Leid
969 3462 1048 3511 pr.
1088 3444 1281 3492 Sensus
1321 3442 1616 3508 obscurior,
1653 3463 1809 3515 quem

809 3520 949 3569 hunc
973 3539 1085 3569 esse
1110 3535 1271 3589 puto;
1294 3524 1500 3591 quoties
1527 3536 1698 3573 toi-tor
1718 3523 1808 3575 diu

806 3601 991 3650 luctari
1020 3599 1177 3650 (lebet
1206 3621 1326 3652 eum
1359 3604 1606 3653 membris
1642 3605 1809 3655 homi-

806 3685 919 3746 nis,
954 3702 1050 3753 per
1079 3683 1287 3734 assidua
1323 3686 1580 3755 supplicia
1617 3702 1664 3736 ot
1703 3702 1809 3738 tor-

808 3775 981 3813 menta
1002 3762 1233 3813 indurati
1254 3761 1333 3831 (ut
1354 3767 1488 3814 servi
1509 3768 1670 3836 sunt),
1692 3787 1808 3818 eru·-

807 3846 973 3894 ‹·iatus
1004 3843 1089 3895 ille
1119 3847 1201 3894 vix
1230 3846 1386 3895 sentit
1415 3844 1672 3898 dolorem.
1706 3848 1807 3898 Sed

806 3923 908 3973 alia
933 3942 1015 3973 res
1041 3925 1092 3973 in
1113 3921 1327 3972 homine
1347 3922 1541 3987 libero,
1564 3929 1652 3996 qui
1679 3947 1810 3977 nun-

807 4021 964 4074 quam
1008 4016 1273 4055 tormenta
1318 4020 1562 4075 expertus
1607 4021 1715 4071 est,
1759 4024 1809 4059 et

808 4083 899 4152 qui
935 4083 1108 4133 statim
1147 4101 1208 4133 ac
1247 4083 1460 4155 spoliari
1499 4104 1529 4136 a
1563 4089 1808 4139 carnifice

809 4165 1017 4236 incipit,
1035 4162 1238 4234 pudore
1253 4167 1363 4234 jam
1376 4203 1392 4231 ‚
1409 4169 1559 4235 quasi
1579 4179 1809 4219 tormen—

811 4259 862 4294 to
900 4246 1113 4316 aliquo,
1151 4263 1206 4295 se
1242 4246 1456 4317 prodit,
1492 4266 1667 4318 neque
1707 4268 1807 4301 usu

1891 3365 2072 3418 didit-it
2096 3369 2165 3419 ita
2194 3386 2386 3437 corpus
2413 3381 2463 3417 et
2486 3364 2719 3416 membra
2746 3383 2890 3413 com-

1892 3468 2088 3519 ponere
2105 3488 2120 3515 .,
2161 3465 2216 3500 ut
2255 3451 2463 3517 frangat
2485 3449 2585 3497 vim
2613 3445 2891 3497 verberum

1891 3550 1953 3579 eo
1977 3548 2129 3579 sensu
2158 3548 2262 3579 non
2291 3548 2388 3598 pro
2416 3538 2524 3577 tum
2554 3525 2773 3594 intellig.

1965 3628 2009 3662 2.
2037 3610 2224 3660 Felices
2250 3606 2380 3661 illos.
2410 3608 2601 3659 I‘bliees
2620 3607 2720 3658 illi.
2744 3602 2886 3658 Leid.

1893 3709 1967 3758 pr.
1982 3710 2165 3759 parum
2181 3691 2362 3740 refert:
2385 3689 2520 3739 malo
2535 3702 2708 3738 tamen
2725 3691 2888 3758 prius.

1894 3773 2024 3820 Nam
2048 3775 2121 3823 sic
2147 3770 2326 3842 paullo
2352 3786 2474 3821 ame
2494 3788 2596 3839 cap
2626 3786 2685 3819 2:
2718 3791 2739 3815 ιι
2758 3769 2892 3820 Feli-

1895 3872 1916 3893 σι
1938 3869 2025 3900 ces
2048 3846 2166 3900 illos
2189 3863 2391 3919 patr033
2413 3873 2433 3893 ι·
2465 3862 2515 3899 et
2540 3849 2772 3899 Decium.
2789 3848 2885 3896 Vl:

1895 3952 1916 3976 α
1936 3932 2157 3982 Felicem
2181 3946 2245 3983 te.
2272 3956 2291 3977 n
2318 3930 2470 3983 ovid.
2490 3932 2652 4000 Epist.
2671 3929 2819 3993 xlx,
2837 3929 2887 3979 3.

1972 4014 2020 4063 3.
2072 4014 2314 4064 Rea-usare
2361 4011 2650 4063 voluerunt.
2704 4011 2842 4077 Lege
2875 4031 2887 4060 z

1894 4118 1915 4139 a
1936 4096 2039 4161 Qui
2089 4112 2329 4145 recusare
2376 4111 2481 4143 non
2529 4103 2833 4162 potuerunt.
2863 4113 2883 4135 ιι

1887 4172 2062 4224 Minus
2089 4174 2225 4222 enim
2252 4190 2411 4233 saeve,
2443 4189 2601 4241 quam
2628 4188 2756 4240 ego,
2779 4182 2894 4219 tor-

1887 4249 2213 4321 quebantur-3
2239 4262 2294 4299 ut
2327 4268 2447 4300 mox
2477 4247 2635 4302 dicet.
2669 4247 2888 4299 Senum.
