3200 5117
770 517 896 606 276
1270 515 1362 578 M.
1412 513 1665 578 FABII
1711 513 2351 596 QUINTILIANI

765 636 1115 713 tendenda
1144 658 1284 709 erat
1310 637 1511 708 ruina
1539 637 1844 735 publica.
1874 635 2237 734 Agedum,
2265 638 2319 708 si
2348 635 2637 727 videtur,
2667 659 2853 711 extra

766 775 989 852 portas
1014 751 1379 849 prospicite
1403 749 1717 846 squalida
1738 777 1894 821 arva
1913 807 1931 837 ‚
1955 772 2022 822 et
2047 751 2264 849 spinis
2292 751 2544 823 obsitas
2563 772 2849 850 segetes,

767 894 832 942 et
862 898 1158 943 semesos
1191 861 1518 940 arborum
1554 890 1832 939 truncos
1859 883 1874 911 ¹
1902 896 1915 938 :
1953 868 2178 941 viduis
2208 869 2464 942 cultore
2499 871 2714 969 agriS‚
2750 897 2850 960 er-

766 1007 920 1058 rant
953 1012 992 1056 a
1025 986 1210 1056 fame
1245 1005 1476 1054 nostra
1509 982 1912 1054 innocentes
1944 984 2139 1072 ferae,
2174 983 2415 1055 inanes
2448 983 2620 1056 villae
2650 1005 2846 1074 sunt,

766 1122 831 1172 et
860 1101 1122 1171 deserta
1148 1098 1390 1170 horrea
1416 1097 1490 1168 in
1519 1097 1795 1167 ruinam
1822 1097 2333 1195 procumbunt:
2364 1096 2601 1169 nullus
2632 1097 2849 1169 inver-

765 1215 854 1287 sis
888 1236 1111 1286 aratro
1146 1213 1363 1311 glebis
1399 1239 1686 1309 campus
1718 1212 1918 1300 nitet,
1954 1211 2234 1283 nullum
2264 1212 2490 1283 solum
2525 1240 2732 1311 opere
2760 1236 2849 1284 re·

764 1351 1086 1405 novatur:
1121 1330 1275 1429 jam
1319 1349 1383 1399 et
1427 1329 1500 1398 iu
1542 1347 1947 1424 sequentem
1989 1339 2261 1399 'annu-m
2303 1329 2567 1399 famem
2610 1330 2845 1400 timeo.

763 1448 1004 1519 Redite
1031 1448 1102 1517 in
1129 1447 1371 1516 domos
1395 1466 1641 1516 vestras
1665 1500 1683 1532 ‚
1708 1444 2023 1516 videbitis
2054 1445 2289 1516 noxios
2318 1446 2505 1518 focos
2522 1501 2541 1533 ,
2568 1469 2634 1517 et
2655 1447 2847 1545 ignes

763 1562 923 1632 tabo
961 1560 1370 1632 cadaverum
1413 1560 1812 1647 exstinctos,
1853 1579 1920 1629 et
1960 1581 2131 1631 tecta
2168 1560 2505 1632 mortibus
2536 1561 2846 1657 ’gravia,

765 1703 988 1774 quum
1037 1675 1337 1748 maxime
1386 1675 1747 1746 inferimus
1790 1675 1862 1746 in
1917 1674 2221 1747 tumulos
2267 1704 2417 1748 ossa
2465 1676 2847 1775 insepulta,

765 1790 1086 1862 ducimus
1127 1812 1388 1889 opertas
1432 1790 1823 1887 exsequiaS‚
1866 1811 1933 1862 et
1972 1791 2058 1862 ad
2097 1792 2525 1890 sepulturam
2572 1791 2852 1900 residua

765 1907 1233 1994 conferuntur,
1265 1927 1329 1978 et
1357 1906 1640 1977 tandem
1673 1906 1995 1978 cadavera
2021 1907 2161 2004 igni
2195 1906 2674 2008 permittimus·
2701 1905 2846 1978 Ubi

763 2046 920 2092 vero
952 2021 1296 2092 universas
1328 2020 1623 2092 familias
1654 2021 1872 2093 fames
1901 2022 2251 2110 exstinxit,
2284 2051 2434 2120 quae
2459 2050 2614 2122 pars
2644 2022 2849 2094 maxi-

764 2164 880 2208 ma
906 2158 1033 2225 est,
1061 2137 1303 2210 inanes
1328 2135 1580 2210 domus
1606 2136 1816 2209 situm
1845 2139 2144 2229 ducunt,
2169 2139 2400 2240 jacent
2422 2139 2668 2212 relictae
2688 2139 2842 2210 ‘sine

762 2250 1015 2323 herede
1031 2252 1310 2324 sarcinae
1332 2280 1347 2323 :
1377 2253 1725 2324 invenitur
1747 2253 2023 2324 interim
2049 2253 2281 2324 clausa
2299 2254 2509 2325 domo
2530 2251 2845 2325 conditus

763 2364 1123 2454 dominus,
1159 2365 1214 2436 si
1248 2367 1445 2466 cujus
1478 2394 1666 2437 mors
1697 2368 1960 2437 famem
2005 2368 2244 2455 evasit,
2275 2393 2487 2465 quem
2521 2366 2845 2438 rimantes

760 2506 904 2551 non
939 2479 1260 2551 invenere
1293 2482 1626 2579 proximi,
1658 2482 1778 2579 qui
1816 2482 1991 2553 inter
2024 2508 2185 2554 suos
2220 2482 2504 2554 ultimus
2540 2481 2839 2554 decessit.

761 2593 925 2682 Quo
949 2619 1067 2665 vos
1098 2594 1329 2665 mitto?
1355 2595 1577 2693 ipsam
1610 2596 1983 2667 intuemini
2010 2597 2451 2684 concionem,
2481 2595 2691 2669 unius
2719 2595 2846 2667 de-

759 2708 1053 2780 ficientis
1071 2710 1368 2807 speciem
1394 2730 1533 2783 tota
1559 2712 1796 2784 civitas
1820 2712 2028 2784 habet
2044 2770 2064 2801 ‚
2089 2739 2332 2783 cavum
2360 2712 2580 2784 macie
2606 2731 2843 2809 caput,

761 2841 827 2892 et
848 2822 1156 2895 conditos
1175 2824 1448 2921 penitus
1469 2825 1705 2897 oculos
1723 2882 1740 2914 ,
1769 2846 1836 2896 et
1854 2826 2080 2897 laxam
2101 2846 2330 2898 cutem
2349 2851 2485 2912 ‚nu
2495 2824 2615 2896 dos
2640 2823 2844 2896 labris

758 2937 1211 3008 trementibus
1250 2938 1521 3027 dentes,
1555 2940 1889 3037 rigentem
1924 2939 2227 3030 vultum,
2265 2937 2703 3031 etdestitutas
2734 2962 2846 3033 ge-

761 3078 920 3139 naS,
952 3072 1016 3123 et
1042 3053 1280 3124 inanes
1308 3054 1620 3125 faucium
1649 3053 1877 3124 sinus:
1913 3080 2132 3150 prona
2165 3075 2262 3125 est
2289 3053 2536 3140 cervix,
2566 3070 2841 3150 tergum

760 3166 1024 3238 ossibus
1069 3167 1444 3267 inaequale,
1491 3162 1786 3240 'infernis
1843 3169 2269 3266 imaginibus
2317 3166 2606 3254 similes,
2659 3166 2845 3238 foeda

760 3340 1026 3395 tendenda
1068 3343 1243 3396 adhuc
1289 3347 1566 3415 praesentia
1611 3364 1763 3414 argu-
1847 3345 1979 3397 besos
2001 3347 2240 3398 arborum
2270 3357 2508 3410 truncos,
2534 3357 2593 3397 ut
2620 3343 2844 3395 cortices

759 3435 934 3478 menta
958 3423 1163 3492 stragis.
1191 3425 1357 3474 Banu.
1842 3424 2115 3496 intelligat.
2142 3429 2310 3478 Bulot-

835 3516 853 3548 1
866 3537 878 3548 .
895 3501 1120 3553 Semesos
1132 3502 1372 3552 arborum
1391 3511 1612 3553 truncos.
1632 3500 1760 3552 Mal·
1919 3523 1965 3557 2.
1991 3506 2242 3557 Mortibus
2249 3506 2449 3579 gravia.
2465 3504 2718 3555 Francius
2735 3517 2844 3554 ma-

755 3575 888 3642 lem,
919 3596 1101 3629 ramex.
1133 3581 1208 3630 lta
1245 3580 1377 3629 infr:
1424 3601 1445 3624 ι
1469 3582 1757 3631 Destrictos
1838 3584 2008 3653 lebat,
2023 3587 2272 3658 ymnida,
2294 3598 2353 3641 ut
2366 3587 2420 3658 iu
2435 3583 2569 3636 fine:
2594 3584 2842 3636 «Uarum

764 3677 785 3703 ι
806 3660 963 3709 ramis
993 3659 1167 3721 cib0s;
1195 3682 1216 3705 ιι
1259 3672 1311 3710 et
1347 3679 1489 3730 supr.
1521 3683 1542 3705 α
1568 3662 1758 3712 Ramo-
1845 3689 1866 3713 α
1888 3666 2162 3719 funeribus
2195 3666 2485 3737 gravidum.
2509 3689 2531 3712 ι
2565 3663 2669 3717 Sed
2708 3662 2839 3715 nihil

765 3757 787 3784 ο
807 3755 925 3787 rum
943 3737 1078 3788 male
1093 3737 1351 3788 arentium
1365 3736 1589 3809 pallidas
1606 3740 1757 3790 fron·
1840 3767 2003 3819 opus,
2023 3748 2207 3819 μανία
2231 3749 2370 3799 enim
2395 3759 2517 3798 mm
2535 3743 2693 3816 plena
2709 3781 2725 3809 ‚
2750 3761 2835 3796 re-

764 3835 786 3861 «
806 3813 898 3867 des
921 3813 1302 3885 decerpsimus.
1326 3837 1348 3861 ιι
1388 3816 1501 3868 Nisi
1535 3817 1605 3869 ad
1641 3837 1759 3868 cor·
1836 3826 1970 3878 ferta
1995 3824 2366 3889 cadaveribus,
2388 3838 2446 3877 ut
2468 3827 2665 3896 passim
2687 3823 2842 3894 poni.-

761 3891 885 3943 tices
930 3890 1019 3943 hic
1068 3890 1403 3964 adspectum,
1450 3907 1510 3945 ut
1556 3913 1751 3974 sppra:
1835 3915 1951 3969 mr,
1989 3921 2138 3955 mox:
2181 3905 2473 3970 «Ventrem
2511 3900 2838 3954 conscientia

765 3973 1035 4043 cCampos
1078 3972 1393 4040 emisimus,
1436 3974 1589 4027 silvas
1633 3974 1756 4027 des·
1842 4000 2128 4053 :gu-avenn
2154 4007 2176 4032 ι
2201 3987 2279 4034 'et
2316 3984 2388 4034 ita
2427 3980 2617 4035 Florus
2657 3982 2734 4045 Π,
2776 3998 2837 4034 a:

764 4074 785 4098 a
806 4054 1108 4106 truximus.»
1132 4053 1190 4106 ld
1211 4068 1316 4123 est,
1338 4074 1398 4107 ea
1420 4074 1536 4128 quae
1556 4057 1756 4128 campi,
1843 4083 1865 4106 ι
1887 4063 2073 4115 Gravis
2092 4061 2360 4132 triumpho
2380 4060 2562 4114 classis
2577 4079 2592 4121 ς
2610 4083 2631 4110 ι
2658 4061 2723 4111 111
2737 4095 2754 4122 ‚
2772 4053 2805 4109 5
2822 4078 2837 4106 ε

760 4149 877 4206 quae
910 4129 1046 4184 silva
1070 4134 1182 4185 esui
1210 4132 1516 4205 ubicunque
1544 4152 1756 4185 accom-
1843 4162 1864 4186 α
1883 4142 2065 4194 Gravis
2103 4152 2365 4213 apparatu
2400 4136 2554 4205 belli,
2574 4162 2596 4188 n
2633 4150 2684 4191 et
2716 4152 2841 4207 pu·-

759 4211 981 4271 modatae
1006 4229 1173 4268 erant.
1195 4216 1410 4270 Senum.
1435 4219 1476 4270 F
1479 4229 1622 4281 orte,
1643 4233 1758 4270 am-
1836 4220 1950 4271 ⁸im.
1977 4220 2148 4272 Bou,
