3200 5117
653 566 926 631 DECL.
973 564 1207 632 XVII.
1257 561 1738 631 VENENUM
1782 564 2257 633 EFFUSUM.
2371 564 2494 651 357

405 839 2342 869 wmmmmwmmmmm
2347 844 2500 865 ννινι

934 1047 1660 1119 DECLAMATIO
1711 1050 1972 1119 XVII.

796 1292 1429 1374 VENENUM
1497 1297 1983 1377 EFFUSU
2008 1300 2117 1374 M.

1121 1590 1781 1652 ARGUMENTUM.

420 1751 649 1812 Filium
674 1765 766 1813 ter
788 1753 1073 1816 abdicare
1096 1756 1300 1817 voluit
1326 1771 1520 1840 pater,
1541 1759 1769 1819 victus:
1796 1758 2038 1818 invenit
2060 1755 2334 1839 quodam
2358 1768 2507 1815 tem-

497 1871 649 1931 pore
699 1851 765 1910 in
815 1865 1045 1913 secreta
1090 1853 1315 1913 domus
1364 1869 1540 1936 parte
1589 1854 2114 1915 medicamentum
2162 1865 2459 1912 terentem
2487 1873 2503 1908 ε

498 1946 903 2029 interrogavit
929 1949 1082 2030 quid
1110 1963 1292 2025 esset3
1323 1952 1422 2010 cui
1446 1963 1734 2032 parasset.
1759 1949 1869 2011 Ille
1896 1950 2052 2009 dixit
2071 1969 2416 2024 venenum,
2444 1961 2508 2007 et

497 2064 559 2104 se
571 2047 736 2105 mori
752 2045 930 2107 velle.
948 2049 982 2106 J
989 2049 1139 2107 ussit
1148 2061 1326 2129 pater
1337 2047 1569 2108 bibere.
1586 2048 1700 2109 Ille
1714 2046 1938 2109 effudit
1951 2045 2470 2107 medicamentum
2488 2067 2501 2102 :

497 2158 821 2205 accusatur
844 2167 878 2206 a
907 2158 1082 2227 patre
1104 2145 1441 2226 parricidii.

873 2369 1017 2414 mio
1065 2369 1283 2415 r1L1o
1327 2370 1639 2416 cou'rnA
1687 2352 2047 2416 Parnm&

516 2546 689 2616 CAP.
731 2550 783 2616 Ι.
827 2549 1152 2619 Lassatus
1191 2574 1328 2645 per·
1352 2549 1953 2649 diversostmiserae
1986 2548 2238 2622 mentis
2271 2567 2502 2636 aestuS‚

419 2678 488 2729 et
503 2660 830 2731 eumdem
857 2661 1200 2752 dolorem,
1227 2661 1399 2733 dum
1422 2690 1536 2735 me
1555 2665 1646 2736 ab
1662 2687 1958 2765 utroque
1979 2664 2196 2760 animi
2228 2679 2503 2761 'genere

425 2798 697 2872 semper
740 2773 927 2873 quod
976 2775 1256 2875 impulit
1297 2775 1614 2865 abducit,
1659 2798 1728 2848 et
1767 2779 1840 2849 in
1883 2779 2338 2878 pertinaciam
2384 2777 2507 2848 de-

423 2888 1020 2987 sperationemque
1069 2911 1392 2962 neutram
1446 2891 1623 2963 mibi
1679 2892 1838 2964 licet
1888 2894 2187 2991 perferre
2240 2893 2508 2992 patien-

421 3003 622 3092 tiam;
657 3003 788 3076 hoc
830 3005 1138 3103 primum
1173 3033 1214 3076 a
1252 3005 1609 3078 notissima
1646 3005 2012 3079 clementia
2043 3025 2262 3077 vestra
2306 3024 2501 3104 peto,

420 3146 509 3191 ne
547 3119 933 3208 mirem-ini,
970 3120 1160 3219 quod
1194 3119 1372 3191 inter
1403 3139 1546 3191 tam
1584 3119 1768 3191 varia
1802 3118 2323 3216 tristissimaque
2366 3117 2508 3187 fata

422 3234 710 3305 consilio
748 3234 1068 3308 diductus
1107 3262 1303 3325 sum,
1342 3261 1472 3307 nec
1512 3261 1637 3334 pro
1668 3233 1869 3305 malis
1911 3232 2082 3305 meis
2114 3230 2504 3331 quidquam

422 3348 676 3419 melius
721 3348 1029 3422 invenire
1068 3350 1297 3448 potui,
1348 3375 1564 3449 quam
1598 3370 1678 3421 ut
1707 3373 2048 3435 morerer;
2088 3372 2217 3417 nec
2247 3372 2369 3444 pro
2401 3345 2504 3417 in-

423 3464 778 3553 nocentia„
806 3491 1019 3561 quam
1043 3487 1122 3537 ut
1141 3465 1464 3539 viverem.
1491 3466 1686 3536 Novo
1711 3462 1955 3560 igitur,
1973 3460 2277 3561 judices,
2306 3460 2505 3530 inau-

425 3577 706 3677 ditoque
747 3606 996 3678 genere
1030 3579 1443 3651 discriminis
1481 3579 1839 3677 utriusque
1878 3576 2095 3649 animi
2140 3602 2328 3666 reus,
2366 3601 2507 3675 qua

426 3692 584 3764 satis
608 3693 1027 3766 calamitates
1059 3720 1248 3766 meas
1272 3693 1816 3793 comploratione
1834 3707 1885 3783 ²,
1912 3719 2052 3791 quo
2076 3690 2349 3795 deflebo
2379 3717 2504 3789 ge-

494 3880 514 3901 ·
538 3880 725 3932 Similis
748 3884 1039 3952 argumenti
1061 3897 1138 3934 est
1161 3881 1421 3934 declama·
1575 3899 1624 3933 2.
1667 3881 2105 3953 Comploratione.
2147 3880 2507 3950 Comparatio·

424 3963 499 4013 tio
514 4000 530 4026 .‚
561 3965 666 4014 sive
695 3966 1047 4015 controversia
1076 3966 1238 4015 XVIII
1261 3965 1424 4016 Sene-
1501 3980 1595 4027 ne,
1613 3962 1700 4012 W.
1721 3959 1864 4012 Leid.
1888 3973 1939 4011 et
1958 3960 2110 4010 Voss.
2132 3975 2330 4009 omues.
2347 3955 2504 4010 colb.

423 4062 526 4095 cae:
566 4043 677 4096 haec
706 4064 830 4096 vero
861 4044 1084 4097 obscura
1099 4082 1116 4111 ‚
1148 4047 1386 4096 intricata
1402 4083 1419 4111 ,
1500 4041 1663 4109 Quod
1686 4054 1826 4092 recte
1851 4039 2101 4110 explicari
2123 4050 2301 4110 potest
2316 4074 2332 4102 ‚
2355 4055 2500 4087 com·

423 4142 524 4176 nec
547 4124 833 4196 elegantior
861 4122 1174 4195 praecedenti
1196 4121 1417 4174 videtur.
1500 4121 1871 4194 parandocum
1883 4120 2103 4172 aliorum
2120 4120 2358 4182 miseriis,
2372 4136 2502 4187 quas

423 4221 426 4226 ·
501 4220 544 4255 ι.
568 4204 646 4255 Ab
664 4214 882 4275 utroque
898 4202 1272 4276 animigenere.
1290 4202 1424 4254 Con-
1502 4219 1686 4253 omnes
1724 4218 1839 4252 mea
1878 4210 2121 4270 superat:
2161 4195 2290 4249 nihil
2327 4207 2507 4249 tamen

422 4281 539 4335 silio
555 4296 609 4337 et
617 4281 826 4336 vivendi
839 4293 891 4336 et
905 4279 1179 4334 moriendi.
1200 4279 1420 4333 Senum.
1500 4293 1667 4332 muto.
