3200 5117
746 520 1372 590 DECLAMA'rlo
1418 518 1537 585 lv,
1587 520 1771 586 pao
1817 467 2103 587 mmo.
2385 547 2468 609 79

380 648 440 719 si
468 645 642 747 quid
669 646 922 719 tristius
959 644 1445 744 comperisset,
1489 642 1624 714 nisi
1676 644 1808 715 hoc
1850 643 2160 742 primum
2202 645 2290 718 de
2326 646 2467 718 fato

380 762 653 854 fuisset,
700 782 777 834 ut
819 762 1157 834 viverem:
1204 759 1322 832 sed
1379 785 1510 832 nec
1562 757 2035 831 mathematici
2081 759 2251 830 fides
2290 759 2469 831 circa

382 899 828 952 momentum
857 877 1248 976 aliquemve
1274 874 1554 947 cessavit
1574 874 1931 948 ordinem:
1963 899 2105 946 non
2132 902 2470 949 numerus

381 992 659 1083 fefellit,
688 1018 834 1065 non
861 1017 1061 1065 sexus
1092 991 1166 1062 in
1202 1010 1440 1089 partu,
1494 1015 1640 1062 non
1676 988 2007 1088 juventa,
2055 1016 2198 1062 non
2235 991 2465 1063 robur.

385 1107 511 1180 Illa
547 1134 827 1206 quoque
884 1132 1040 1204 quae
1071 1106 1260 1178 velut
1303 1106 1724 1178 extrinsecus
1764 1106 2326 1196 consentiebant,
2374 1109 2469 1177 af-

383 1223 578 1294 fuere
611 1247 939 1320 responso
958 1277 978 1310 ,
1010 1218 1314 1310 bellum,
1342 1218 1555 1291 hostis
1577 1275 1595 1308 ,
1627 1219 1807 1292 acics
1826 1277 1846 1310 ,
1876 1219 1969 1292 ad
1995 1217 2186 1293 illam
2213 1221 2468 1319 ipsam,

384 1366 527 1437 qua
564 1338 826 1410 fortiter
852 1338 1079 1408 facere
1113 1358 1543 1435 poteramuS,
1593 1357 1889 1409 aetatem.
1928 1341 2128 1410 Pater
2161 1365 2323 1412 vero
2353 1363 2473 1437 pe-

384 1456 585 1528 riculi
617 1454 725 1526 sui
750 1452 1292 1526 denunciatione
1324 1479 1465 1525 non
1501 1453 1772 1526 territus
1792 1510 1812 1542 ,
1854 1480 2048 1527 arma
2092 1454 2266 1526 mihi
2290 1511 2320 1542 ,
2345 1481 2470 1553 pro

387 1570 592 1643 tristis
634 1568 1035 1642 necessitas!
1087 1595 1282 1641 arma
1331 1569 1477 1668 ipse
1533 1570 2028 1661 circumdedit,
2073 1593 2139 1644 et
2191 1571 2330 1643 suis
2384 1572 2472 1642 ad

387 1711 701 1783 pugnam
731 1684 1059 1756 manibus
1091 1684 1381 1782 aptavit,
1409 1705 1770 1783 tamquam
1800 1685 2284 1759 mathematico
2319 1687 2471 1787 jam

384 1800 800 1873 credidisset.
839 1799 1020 1890 Quis
1053 1800 1383 1890 miretur,
1436 1801 1628 1900 quod
1679 1826 2090 1900 responsum
2124 1828 2268 1873 non
2309 1829 2473 1874 con-

385 1914 773 2013 tempserit,
802 1914 977 1987 dum
1000 1914 1347 2013 sperabat,
1379 1935 1455 1987 ut
1470 1915 1740 1988 fortiter
1756 1917 2088 1988 facerem¹
2117 1944 2132 1987 :
2160 1916 2340 1987 mori
2361 1943 2473 1988 me

388 2056 530 2102 non
549 2029 731 2119 vult,
764 2050 830 2101 et
845 2029 998 2130 jam
1022 2056 1166 2101 non
1188 2050 1530 2128 superest,
1560 2030 1692 2102 nisi
1711 2030 2182 2130 parricidium.
2202 2031 2270 2102 O
2289 2058 2477 2103 mors

388 2144 738 2218 laudanda
772 2144 1101 2234 fortibuS,
1132 2144 1517 2244 expetenda
1561 2145 1866 2232 miseris»,
1916 2171 2059 2217 non
2095 2144 2478 2218 recusanda

385 2261 733 2350 felicibuS,
760 2282 1104 2360 quantum
1136 2283 1202 2334 te
1239 2262 1680 2359 qua-sivimus
1708 2263 1780 2335 in
1813 2262 1998 2335 bello
2027 2262 2042 2335 1
2085 2262 2212 2335 tuli
2246 2262 2474 2352 enim,

388 2376 550 2448 deos
580 2396 816 2463 testor,
845 2376 918 2447 in
934 2376 1155 2450 aciem
1174 2432 1194 2465 ,
1223 2376 1350 2448 tuli
1379 2403 1523 2450 non
1551 2376 1803 2449 virium
1827 2377 2310 2477 jactationem,
2330 2403 2476 2448 non

389 2493 623 2593 gloriae
661 2492 1146 2592 cupiditatem3
1177 2494 1294 2565 sed
1326 2515 1403 2566 ut
1427 2494 1661 2593 patriae
1690 2515 2033 2594 praestaret
2064 2494 2326 2593 aliquid
2353 2492 2479 2565 uti-

388 2608 540 2686 litas
588 2608 816 2696 mei²;
869 2628 949 2679 ut
990 2609 1181 2681 hunc
1228 2608 1406 2681 mihi
1462 2609 1898 2709 deploratum
1936 2611 2298 2709 spiritum,
2349 2608 2479 2681 hoc

394 2721 814 2796 destinatum
845 2723 1404 2823 damnatumque
1437 2751 1721 2823 corpus,
1751 2724 2190 2824 publicarum
2223 2724 2477 2796 utilita-

391 2856 544 2910 tum
573 2863 735 2909 usus
767 2838 1186 2911 absumeret.

487 2956 575 3023 V.
613 2952 716 3024 Ibi
751 2954 1059 3052 primum
1090 2954 1300 3026 miser
1331 2954 1563 3046 didici,
1584 2979 1802 3054 quam
1818 2954 2045 3027 multa
2073 2953 2478 3042 nescientes,

391 3095 603 3165 quam
638 3070 864 3141 multa
899 3071 1282 3143 faceremus
1311 3055 1543 3143 inviti:
1589 3071 1663 3142 in
1699 3069 1968 3142 medios
1997 3068 2302 3141 hostium
2336 3068 2482 3165 glo-

390 3185 515 3256 bos
547 3185 854 3285 perditus
883 3205 1228 3285 pugnator
1264 3186 1537 3275 exsilui3
1565 3186 1767 3259 cessit
1803 3185 2024 3258 acies:
2071 3182 2484 3255 densissima

389 3323 684 3399 quaeque
726 3301 1107 3373 certamina
1144 3301 1329 3374 solus
1369 3302 1620 3392 invasi3
1673 3301 1980 3374 resistere
2026 3324 2238 3371 nemo
2280 3297 2483 3369 susti·

392 3416 596 3488 nuit:
642 3416 857 3488 obviis
900 3417 1153 3490 ictibus
1198 3419 1516 3490 membra
1556 3418 1854 3506 nudavi,
1891 3438 1960 3488 et
1991 3416 2078 3488 ad
2123 3414 2482 3486 incurrens

392 3528 654 3627 ubique
684 3532 951 3603 ferrum
984 3531 1214 3603 vitalia
1235 3529 1263 3576 ³
1309 3553 1543 3630 parata
1576 3531 2004 3621 circumtuli;
2051 3555 2268 3601 vacua
2309 3528 2483 3599 circa

469 3704 513 3738 1.
546 3686 615 3739 Ut
628 3686 846 3757 fortiter
861 3687 1117 3758 facerem.
1142 3692 1286 3743 Rara
1312 3689 1397 3742 lo-
1476 3691 1686 3745 ciendo.
1705 3690 1841 3744 Vide
1858 3692 1967 3743 Bet.
1989 3688 2221 3742 Febr-um
2234 3686 2480 3740 semestr.

390 3768 536 3821 cutio
563 3781 621 3821 ut
647 3783 772 3840 post
797 3789 1012 3842 sperum.
1040 3773 1281 3824 ,lustinus
1310 3785 1396 3824 ta·
1474 3775 1526 3838 1,
1549 3790 1639 3838 to,
1659 3771 1750 3823 ubi
1766 3770 2006 3824 eamdem
2027 3786 2209 3821 vocem
2230 3765 2347 3818 aliis
2367 3768 2484 3836 pari

389 3865 546 3911 men,
580 3850 645 3912 V,
681 3847 746 3899 3:
787 3870 810 3893 ι
832 3867 1050 3919 sperans
1088 3863 1147 3903 nt
1183 3848 1292 3902 dux
1327 3850 1396 3903 ab
1475 3867 1637 3903 sensu
1666 3851 1909 3902 restituit.
1944 3846 2133 3900 Vilitas
2165 3843 2328 3897 habet
2360 3843 2482 3896 cod.

394 3949 420 3974 ο
437 3926 683 3982 omnibus
696 3928 989 4000 legeretur»
1006 3929 1099 3982 ubi
1111 3929 1391 4004 vidNorst.
1474 3930 1628 3985 colb.
1655 3944 1707 3983 et
1726 3930 1806 3982 ho
1823 3948 1981 3983 voces
2003 3930 2191 4000 sis-pius
2218 3940 2445 3997 permut.

465 4027 513 4061 2.
535 4009 603 4061 Ut
614 4010 1075 4084 patvioeproestaret
1089 4011 1295 4083 aliquid
1306 4014 1402 4064 uti-
1551 4011 1602 4064 3.
1632 4013 1684 4065 V
1683 4010 1849 4064 italia.
1875 4012 2080 4081 Nempe
2105 4008 2346 4079 corporis
2371 4024 2486 4078 par·

392 4086 512 4142 litas
537 4092 656 4142 mei.
689 4090 870 4143 Scribe
887 4129 903 4157 ,
938 4090 1110 4144 vilitas
1130 4092 1235 4143 m‘ei
1247 4131 1267 4158 ,
1295 4091 1400 4144 hoc
1479 4103 1589 4156 tes,
1609 4108 1836 4160 quarum
1856 4087 2046 4141 vulnus
2065 4100 2290 4139 mortem
2310 4086 2488 4137 certis-

391 4181 504 4234 est,
530 4182 589 4220 ut
612 4171 793 4239 patrie
830 4167 1034 4241 aliquid
1069 4182 1404 4240 prestat-em,
1481 4174 1665 4224 simam
1703 4171 1896 4230 infert.
1934 4182 1993 4222 ut
2033 4183 2253 4241 pectus,
2290 4178 2488 4234 αρυῑ,

392 4266 478 4299 me
501 4248 655 4301 vilem
678 4248 931 4303 habendo
947 4287 964 4314 ‚
992 4249 1244 4321 periculis
1270 4250 1405 4323 obji-
1482 4263 1583 4304 etc.
1608 4251 1701 4303 En.
