3200 5117
780 514 894 574 168
1276 509 2348 589 M.FAB{1QL'1NT1L1AM

771 638 975 707 scias:
1026 660 1087 705 ct
1134 635 1619 704 brevissimum
1673 635 2121 706 confessionis
2164 658 2262 707 est
2308 664 2525 733 genus
2573 637 2862 728 dixisse,

771 753 953 848 quod
984 753 1255 820 videris.

866 870 983 937 lx.
1026 867 1315 953 Felices,
1362 866 1581 953 diveS,
1628 894 1801 962 quos
1844 888 2054 937 tortor
2098 870 2498 966 interrogat,
2543 868 2663 966 qui
2712 897 2856 940 non

771 983 1031 1051 babent
1066 982 1135 1051 in
1174 1010 1294 1051 sua
1330 1003 1658 1078 potestate
1693 982 2083 1051 credentes:
2126 982 2717 1079 impatientissima
2755 1010 2859 1053 res

772 1118 899 1181 est,
940 1123 1165 1193 posse,
1194 1124 1417 1193 quum
1451 1096 1644 1182 velis,
1678 1096 1984 1166 desinere
2014 1098 2339 1192 torqueri.
2369 1097 2564 1184 Quin
2595 1098 2860 1195 potiuS,

775 1212 1033 1306 inquit,
1095 1210 1377 1307 probas?
1422 1210 1755 1280 fiduciam
1802 1210 2146 1299 hominis,
2195 1212 2310 1307 qui
2357 1214 2527 1283 scias
2569 1212 2701 1283 boc
2747 1240 2858 1282 me

770 1326 1013 1395 vidisse
1050 1327 1298 1395 solum.
1334 1327 1496 1395 Sine
1527 1326 1778 1410 dubio,
1815 1325 2035 1411 dives,
2071 1326 2288 1395 multa
2325 1348 2388 1397 te
2421 1347 2733 1423 poterant
2760 1354 2860 1396 ar-

773 1462 1106 1537 gumenta
1137 1440 1570 1527 convincere,
1604 1441 1656 1509 si
1689 1440 1983 1511 deferret
2016 1441 2224 1511 alius:
2259 1462 2328 1512 et
2358 1469 2505 1512 eras
2535 1442 2862 1511 manifes-

770 1556 1073 1625 tissimus
1110 1582 1295 1640 reus,
1330 1556 1382 1625 si
1428 1556 1597 1625 mihi
1635 1583 1986 1651 percussor
2014 1556 2425 1653 quaerendus
2465 1578 2675 1625 esset:
2710 1555 2862 1652 quis

775 1674 964 1743 enim
1011 1673 1405 1743 credibilior
1441 1674 1507 1741 in
1549 1673 1731 1743 caede
1768 1673 2116 1770 pauperis,
2155 1699 2362 1767 quam
2402 1672 2587 1743 dives
2623 1672 2861 1740 inimi—

773 1786 936 1857 cus?
978 1810 1099 1857 aut
1133 1789 1218 1858 de
1255 1815 1393 1882 quo
1427 1787 1694 1857 facilius
1739 1808 2040 1858 constare
2079 1808 2301 1884 posset
2348 1786 2627 1871 scelere,
2673 1786 2859 1884 quod

773 1929 1051 1971 causam
1094 1930 1233 1972 non
1277 1902 1514 1989 babet,
1556 1901 1686 1970 nisi
1730 1901 1812 1970 de
1853 1900 1991 1971 sola
2033 1900 2333 1970 ultione?
2371 1928 2512 1970 non
2564 1900 2866 1970 ¹invenit

777 2019 998 2088 muita
1042 2020 1276 2103 verba,
1320 2017 1600 2086 vidisse:
1657 2044 1783 2086 nec
1830 2016 2000 2086 mihi
2047 2017 2249 2087 debet
2293 2017 2507 2114 perire
2552 2016 2862 2113 probatio

779 2137 931 2221 ista,
964 2135 1125 2231 quia
1155 2155 1418 2230 poteras
1446 2156 1513 2203 et
1542 2134 1840 2202 accusari
1868 2160 1880 2202 ς
1913 2133 2114 2229 exigit
2140 2133 2861 2230 probationes‚·quum

778 2249 1043 2317 facinus
1084 2248 1175 2315 sic
1221 2247 1661 2343 disposuerit,
1705 2274 1791 2315 ue
1831 2250 2036 2344 possit
2073 2248 2369 2345 probari.
2409 2250 2648 2336 Quem
2691 2246 2864 2316 mihi

780 2390 909 2432 nox
954 2382 1227 2449 testem,
1270 2389 1440 2456 quos
1479 2384 1792 2457 praestare
1839 2363 2057 2459 potuit
2091 2364 2327 2434 oculos
2375 2362 2565 2433 nuda
2597 2387 2866 2458 semper

780 2501 843 2548 et
878 2478 1273 2549 incomitata
1306 2478 1708 2576 paupertas?
1749 2479 1869 2548 tibi
1916 2506 2144 2550 servus
2179 2508 2217 2549 a
2261 2478 2674 2550 conscientia
2717 2504 2865 2549 sce-

785 2594 937 2662 leris
958 2590 1505 2664 summoven'dus
1531 2592 1663 2662 fuit
1690 2622 1701 2662 :
1733 2613 1797 2661 et
1822 2592 1942 2662 ista
1965 2593 2219 2663 ratione
2244 2608 2267 2635 2
2302 2593 2455 2690 quis
2481 2593 2864 2679 interesset,

781 2734 989 2804 quem
1018 2707 1500 2805 putares'posse
1527 2708 1866 2803 torqueri?
1892 2731 1958 2779 et
1980 2730 2197 2779 toturn
2218 2709 2486 2779 facinus
2515 2708 2585 2777 in
2609 2708 2732 2779 has
2748 2734 2867 2777 an-

783 2822 1033 2915 gustias
1073 2822 1416 2919 redegisti,
1460 2844 1532 2891 ut
1567 2821 1741 2892 illud
1781 2821 1903 2891 soli
1939 2822 2228 2906 scirent,
2271 2822 2390 2917 qui
2430 2820 2864 2908 ³faciebant‚

782 2959 846 3007 et
876 2937 982 3008 cui
1020 2964 1159 3007 non
1191 2938 1604 3008 crederetur.
1633 2937 1997 3032 Numquid
2030 2937 2420 3007 dubitaretis
2445 2963 2780 3034 quaerere,
2809 2936 2865 3005 si

781 3054 956 3125 alius
986 3053 1185 3125 sciret
1215 3054 1342 3123 hoc
1373 3052 1631 3123 scelus?
1663 3053 1929 3122 facinus
1963 3075 2088 3141 est,
2122 3052 2276 3123 ideo
2313 3052 2434 3122 filii
2468 3053 2608 3122 mei
2644 3051 2866 3149 perire

782 3169 1156 3238 vindictam
1180 3227 1196 3256 ,
1222 3168 1379 3264 quia
1404 3191 1594 3265 pater
1619 3168 1776 3237 vidi.
1807 3170 1953 3265 Ego
1975 3195 2129 3237 vero
2147 3167 2486 3267 ,judices,
2511 3187 2576 3237 et
2600 3194 2676 3236 ex
2698 3167 2828 3237 hoc
2847 3222 2864 3252 ‚

783 3286 965 3381 quod
995 3309 1253 3356 recusat
1274 3286 1457 3355 dives
1479 3286 1966 3382 quaestionem,
1996 3309 2262 3383 partem
2293 3287 2716 3385 probationis
2741 3286 2870 3355 im-

788 3402 1002 3499 plevi:
1052 3402 1458 3471 accusatoris
1512 3422 1849 3471 tormenta
1909 3429 2299 3497 numquam
2360 3401 2626 3472 timebit
2678 3427 2866 3487 τρυε,

786 3516 914 3585 nisi
949 3516 1032 3585 de
1068 3544 1207 3612 quo
1239 3517 1419 3586 credi
1457 3538 1676 3613 potest
1704 3537 1768 3586 et
1796 3538 1949 3587 ante
1986 3539 2347 3587 tormenta.
2384 3520 2563 3605 Cur,
2600 3517 2866 3613 inquit,

863 3686 902 3718 1.
940 3670 1060 3740 Νρη
1099 3670 1310 3719 invenit.
1355 3671 1667 3738 Cunjecerat
1704 3670 1781 3721 Ci.
1936 3670 1984 3721 3.
2018 3671 2119 3737 Qui
2141 3670 2426 3740 faciebant.
2462 3667 2676 3732 Malim,
2698 3667 2869 3738 facie-

789 3751 1032 3800 Francius
1060 3770 1161 3799 non
1190 3749 1440 3802 involvit.-
1470 3751 1621 3800 tnaic.
1653 3751 1784 3802 illud
1867 3754 1965 3802 bat.
2001 3754 2079 3801 Tu
2120 3752 2348 3813 scilicet,
2384 3753 2474 3821 qui
2513 3749 2778 3809 faciebas,
2819 3761 2870 3799 et

788 3829 987 3893 vidisse,
1010 3830 1222 3879 unicum
1246 3827 1490 3893 verbum,
1514 3831 1705 3880 sufficit
1732 3833 1783 3880 in
1869 3851 1967 3901 ego
1985 3871 1999 3897 ‚
2030 3836 2114 3883 cui
2146 3852 2252 3883 non
2281 3831 2600 3883 crederetur.
2636 3827 2868 3881 Credidit

789 3911 884 3960 hac
907 3928 986 3973 re,
1008 3928 1104 3959 nec
1128 3908 1286 3960 inulta
1311 3911 1408 3961 alia
1434 3909 1586 3961 verba
1614 3915 1785 3981 requi·
1867 3911 2112 3961 librarius
2134 3924 2351 3981 propter
2370 3908 2871 3977 oscitantiamfact'e-

790 3994 880 4055 rit,
908 4005 961 4041 ut
989 3993 1040 4042 in
1063 3992 1259 4041 caeteris
1286 3991 1706 4059 probationibus.
1867 3995 1989 4043 bant
2031 3996 2224 4063 requiri
2264 4007 2488 4064 propter
2522 3993 2733 4054 seirent,
2778 3989 2871 4041 sed

861 4088 908 4120 2.
955 4070 1025 4120 Et
1066 4071 1159 4120 ista
1197 4070 1411 4121 ratione.
1452 4071 1589 4136 Lego
1612 4092 1622 4120 :
1665 4093 1686 4114 ιι
1709 4071 1786 4120 Ne
1866 4072 1952 4122 hic
1979 4071 2194 4142 piuralis
2221 4069 2288 4123 ad
2311 4085 2592 4141 utrumque
2613 4071 2868 4141 pertinet,

794 4174 813 4196 u
835 4152 931 4201 ista
954 4151 1170 4201 ratione.
1194 4174 1215 4196 ιι
1243 4152 1345 4202 Aut
1367 4149 1482 4201 dele
1502 4160 1552 4201 et
1577 4150 1689 4213 hic,
1707 4150 1784 4202 vel
1867 4166 1916 4203 et
1938 4153 2002 4203 ad
2025 4152 2170 4203 ilium
2196 4155 2285 4223 qui
2306 4151 2561 4215 faciebat,
2585 4165 2636 4204 et
2650 4152 2738 4202 cui
2758 4168 2869 4200 non

788 4230 934 4281 initio
946 4227 1153 4300 periodi
1162 4232 1445 4300 sequentis.
1458 4231 1672 4284 Scttctr.
1869 4230 2187 4284 crederetur.
2215 4233 2379 4283 Bmm.
